{"host":"bf5upntvbdompq33","time":1612589164,"event":{"mods":["BaseMod","Colored Map","Colored Powertips","Curses Come First","Minty Spire (QoL Compilation)","StSLib","The Dragon Tamer","The Hierophant","The Marked","The Mystic","The Servant 0.9.4"],"gold_per_floor":[118,118,118,128,78,111,111,127,127,159,159,194,29,47,47,143,143,155,155,174,187,54,88,88,119,142,167,181,207,207,219,219,316,316,330,34,53,65,42,73,89,89,89,119,134,148,148,161,161,161,161,161,14,47,47,47],"floor_reached":55,"language":"ENG","playtime":3488,"items_purged":["Strike_G","Strike_G","Strike_G"],"score":1288,"play_id":"92bd86bf-4f35-4904-ab00-7b505b8deb0b","local_time":"20210205222604","is_ascension_mode":true,"campfire_choices":[{"data":"Dagger Spray","floor":7,"key":"SMITH"},{"data":"Blade Dance","floor":15,"key":"SMITH"},{"data":"Blade Dance","floor":24,"key":"SMITH"},{"data":"Footwork","floor":32,"key":"SMITH"},{"data":"Well Laid Plans","floor":42,"key":"SMITH"},{"floor":47,"key":"RECALL"},{"floor":49,"key":"REST"},{"data":"After Image","floor":52,"key":"SMITH"}],"circlet_count":0,"master_deck":["Defend_G","Defend_G","Defend_G","Defend_G","Defend_G","Survivor","Neutralize","Blade Dance+1","Dagger Spray+1","Terror","Blur","Blade Dance+1","Flying Knee+1","Dramatic Entrance+1","Slice+1","Bullet Time","Dagger Throw+1","Endless Agony+1","Backstab+1","Footwork+1","Choke+1","Slice+1","Night Terror","Cloak And Dagger","Slice+1","Flying Knee+1","Malaise","Cloak And Dagger","Backflip+1","Quick Slash+1","Cloak And Dagger+1","Well Laid Plans+1","Finisher+1","Blade Dance","Footwork+1","After Image+1","Calculated Gamble"],"relics":["Ring of the Serpent","NeowsBlessing","Ice Cream","Gremlin Horn","HornCleat","InkBottle","Molten Egg 2","Vajra","Calipers","Mummified Hand","Bronze Scales","Peace Pipe","Tingsha","WristBlade","PreservedInsect","Toy Ornithopter","Question Card","Boot","Snake Skull"],"acts_visited":["Exordium","TheCity","TheBeyond","TheEnding"],"potions_floor_usage":[12,12,16,16,25,27,29,33,41,41,45,50,54,54,54],"damage_taken":[{"damage":0,"enemies":"Small Slimes","floor":1,"turns":1},{"damage":0,"enemies":"2 Louse","floor":4,"turns":1},{"damage":0,"enemies":"3 Sentries","floor":6,"turns":1},{"damage":0,"enemies":"Jaw Worm","floor":8,"turns":3},{"damage":36,"enemies":"Lagavulin","floor":10,"turns":7},{"damage":1,"enemies":"Gremlin Nob","floor":12,"turns":3},{"damage":0,"enemies":"Exordium Thugs","floor":14,"turns":3},{"damage":0,"enemies":"Slime Boss","floor":16,"turns":5},{"damage":1,"enemies":"Spheric Guardian","floor":18,"turns":4},{"damage":0,"enemies":"3 Byrds","floor":20,"turns":2},{"damage":0,"enemies":"3 Cultists","floor":21,"turns":4},{"damage":10,"enemies":"Slavers","floor":23,"turns":3},{"damage":0,"enemies":"Gremlin Leader","floor":25,"turns":4},{"damage":1,"enemies":"Slavers","floor":27,"turns":2},{"damage":0,"enemies":"Centurion and Healer","floor":28,"turns":3},{"damage":18,"enemies":"Book of Stabbing","floor":29,"turns":4},{"damage":0,"enemies":"Snecko","floor":31,"turns":2},{"damage":14,"enemies":"Automaton","floor":33,"turns":10},{"damage":1,"enemies":"Orb Walker","floor":35,"turns":2},{"damage":4,"enemies":"3 Shapes","floor":37,"turns":2},{"damage":0,"enemies":"Maw","floor":38,"turns":5},{"damage":0,"enemies":"Giant Head","floor":40,"turns":3},{"damage":0,"enemies":"Transient","floor":41,"turns":5},{"damage":20,"enemies":"Nemesis","floor":44,"turns":3},{"damage":0,"enemies":"3 Darklings","floor":45,"turns":3},{"damage":1,"enemies":"Jaw Worm Horde","floor":46,"turns":2},{"damage":13,"enemies":"Spire Growth","floor":48,"turns":3},{"damage":50,"enemies":"Time Eater","floor":50,"turns":7},{"damage":8,"enemies":"Shield and Spear","floor":54,"turns":2},{"damage":64,"enemies":"The Heart","floor":55,"turns":3}],"seed_played":"-4769296965470348527","potions_obtained":[{"floor":8,"key":"DistilledChaos"},{"floor":10,"key":"Weak Potion"},{"floor":12,"key":"GamblersBrew"},{"floor":14,"key":"Strength Potion"},{"floor":16,"key":"SkillPotion"},{"floor":21,"key":"SkillPotion"},{"floor":23,"key":"SteroidPotion"},{"floor":31,"key":"PowerPotion"},{"floor":33,"key":"Poison Potion"},{"floor":37,"key":"GamblersBrew"},{"floor":41,"key":"Dexterity Potion"},{"floor":48,"key":"Swift Potion"}],"is_trial":false,"path_per_floor":["M","?","?","M","?","E","R","M","T","E","T","E","$","M","R","B",null,"M","?","M","M","$","E","R","E","T","E","M","E","?","M","R","B",null,"M","$","M","M","$","E","M","R","T","E","M","M","R","M","R","B",null,"R","$","E","B"],"character_chosen":"THE_SILENT","items_purchased":["Dramatic Entrance+1","Footwork","PreservedInsect","Cloak And Dagger","Quick Slash+1","SkillPotion","ColorlessPotion","Block Potion"],"campfire_rested":1,"item_purchase_floors":[13,22,36,36,39,53,53,53],"current_hp_per_floor":[63,63,63,63,63,63,63,63,63,27,27,26,26,26,26,26,59,58,58,58,58,58,48,48,48,48,47,47,29,29,29,29,15,56,55,55,51,51,51,51,61,61,61,41,46,45,45,32,53,8,55,55,55,62,0,0],"gold":47,"neow_bonus":"THREE_ENEMY_KILL","is_daily":false,"chose_seed":false,"campfire_upgraded":6,"win_rate":0.0,"timestamp":1612589164,"path_taken":["M","?","?","M","?","E","R","M","T","E","?","E","?","M","R","BOSS","M","?","M","M","$","E","R","E","T","E","M","E","?","M","R","BOSS","M","$","M","M","$","E","M","R","T","E","M","M","R","M","R","BOSS","R","$","E","BOSS"],"items_purchased_type":["Card","Card","Relic","Card","Card","Potion","Potion","Potion"],"build_version":"2020-12-22","purchased_purges":3,"victory":false,"max_hp_per_floor":[70,70,70,70,70,70,70,70,70,70,70,70,70,70,70,70,70,70,70,70,70,70,70,70,70,70,70,70,70,70,70,70,70,70,70,70,70,70,70,70,70,70,70,70,70,70,70,70,70,70,70,70,70,70,70,70],"card_choices":[{"not_picked":["Bane","Flying Knee"],"picked":"Blade Dance","floor":1},{"not_picked":["Eviscerate","Slice"],"picked":"Dagger Spray","floor":4},{"not_picked":["PiercingWail","Choke"],"picked":"Terror","floor":6},{"not_picked":["Outmaneuver","Skewer"],"picked":"Blur","floor":8},{"not_picked":["Deadly Poison","Night Terror"],"picked":"Blade Dance","floor":10},{"not_picked":["Corpse Explosion","Catalyst"],"picked":"Flying Knee+1","floor":12},{"not_picked":["Outmaneuver","Noxious Fumes"],"picked":"Slice+1","floor":14},{"not_picked":["Phantasmal Killer","Grand Finale+1"],"picked":"Bullet Time","floor":16},{"not_picked":["Well Laid Plans+1","Quick Slash+1"],"picked":"Dagger Throw+1","floor":18},{"not_picked":["Bouncing Flask","Blur"],"picked":"Endless Agony+1","floor":20},{"not_picked":["PiercingWail","Underhanded Strike+1"],"picked":"Backstab+1","floor":21},{"not_picked":["Outmaneuver","Backflip+1"],"picked":"Choke+1","floor":23},{"not_picked":["Deadly Poison","Dagger Spray+1"],"picked":"Slice+1","floor":25},{"not_picked":["Outmaneuver","Sucker Punch+1"],"picked":"Night Terror","floor":27},{"not_picked":["All Out Attack+1","Leg Sweep"],"picked":"Cloak And Dagger","floor":28},{"not_picked":["Outmaneuver","Predator+1"],"picked":"Slice+1","floor":29},{"not_picked":["Bouncing Flask","Dodge and Roll","Skewer+1"],"picked":"SKIP","floor":31},{"not_picked":["Corpse Explosion","Night Terror"],"picked":"Malaise","floor":33},{"not_picked":["Crippling Poison","Sucker Punch+1","Dodge and Roll"],"picked":"SKIP","floor":35},{"not_picked":["Distraction","Deflect+1"],"picked":"Backflip+1","floor":37},{"not_picked":["Deflect","Poisoned Stab+1","Dodge and Roll+1"],"picked":"SKIP","floor":38},{"not_picked":["Heel Hook+1","Flying Knee+1"],"picked":"Cloak And Dagger+1","floor":40},{"not_picked":["Sucker Punch+1","Backflip"],"picked":"Well Laid Plans","floor":41},{"not_picked":["All Out Attack+1","A Thousand Cuts","PiercingWail"],"picked":"Finisher+1","floor":44},{"not_picked":["Terror","Backflip+1","Caltrops"],"picked":"Blade Dance","floor":45},{"not_picked":["Dodge and Roll","Dagger Throw+1","Caltrops+1"],"picked":"Footwork+1","floor":46},{"not_picked":["Flying Knee+1","Deflect+1","Riddle With Holes+1"],"picked":"After Image","floor":48},{"not_picked":["Heel Hook+1","Dagger Spray+1","Flying Knee+1"],"picked":"Calculated Gamble","floor":54}],"player_experience":1449507,"relics_obtained":[{"floor":6,"key":"Gremlin Horn"},{"floor":10,"key":"HornCleat"},{"floor":11,"key":"InkBottle"},{"floor":12,"key":"Molten Egg 2"},{"floor":23,"key":"Calipers"},{"floor":25,"key":"Mummified Hand"},{"floor":26,"key":"Bronze Scales"},{"floor":27,"key":"Peace Pipe"},{"floor":29,"key":"Tingsha"},{"floor":40,"key":"Toy Ornithopter"},{"floor":43,"key":"Question Card"},{"floor":44,"key":"Boot"},{"floor":54,"key":"Snake Skull"}],"event_choices":[{"cards_removed":["Strike_G"],"damage_healed":0,"gold_gain":0,"player_choice":"Forget","damage_taken":0,"max_hp_gain":0,"max_hp_loss":0,"event_name":"Living Wall","floor":2,"gold_loss":0},{"damage_healed":0,"gold_gain":0,"player_choice":"Box","damage_taken":0,"relics_obtained":["Ice Cream"],"max_hp_gain":0,"max_hp_loss":0,"event_name":"Big Fish","floor":3,"gold_loss":0,"cards_obtained":["Regret"]},{"cards_removed":["Regret"],"damage_healed":0,"gold_gain":0,"player_choice":"Card Removal","damage_taken":0,"max_hp_gain":0,"max_hp_loss":0,"event_name":"The Cleric","floor":5,"gold_loss":50},{"damage_healed":0,"gold_gain":0,"player_choice":"Opened","damage_taken":0,"relics_obtained":["Vajra"],"max_hp_gain":0,"max_hp_loss":0,"event_name":"The Mausoleum","floor":19,"gold_loss":0},{"damage_healed":0,"gold_gain":0,"cards_transformed":["Strike_G"],"player_choice":"Transformed","damage_taken":0,"max_hp_gain":0,"max_hp_loss":0,"event_name":"Transmorgrifier","floor":30,"gold_loss":0,"cards_obtained":["Flying Knee"]}],"is_beta":false,"boss_relics":[{"not_picked":["Fusion Hammer","SlaversCollar"],"picked":"Ring of the Serpent"},{"not_picked":["SacredBark","Black Star"],"picked":"WristBlade"}],"items_purged_floors":[13,22,36],"is_endless":false,"potions_floor_spawned":[8,10,12,14,16,21,23,31,33,37,41,48],"killed_by":"The Heart","ascension_level":8}}