{"host":"9bcvatsnbq1a3xq4","time":1612638701,"event":{"mods":["BaseMod","Bestiary","Block Reminder","Highlight Path","Minty Spire (QoL Compilation)","Relic Stats"],"gold_per_floor":[112,123,135,135,100,100,125,41,41,41,54,85,100,100,100,176,176,150,150,170,188,220,220,253,253,253,283,38,58,58,84,84,158,158,172,187,206,206,217,217,217,217],"floor_reached":41,"language":"ENG","playtime":5933,"items_purged":[],"score":947,"play_id":"8a704682-7815-4c93-9741-4e7711149c50","local_time":"20210206201141","is_ascension_mode":true,"campfire_choices":[{"data":"Streamline","floor":6,"key":"SMITH"},{"data":"Hologram","floor":15,"key":"SMITH"},{"data":"Glacier","floor":23,"key":"SMITH"},{"floor":25,"key":"REST"},{"data":"Defragment","floor":32,"key":"SMITH"},{"floor":40,"key":"REST"}],"circlet_count":0,"master_deck":["AscendersBane","Strike_B","Strike_B","Strike_B","Strike_B","Defend_B","Defend_B","Defend_B","Defend_B","Zap","Dualcast","Go for the Eyes","Static Discharge+1","Streamline+1","Glacier+1","Steam","Chill","Amplify","Hologram+1","Echo Form","Double Energy","Ghostly","Ghostly","Ghostly","Recycle","Fusion","Leap+1","Defragment+1","Meteor Strike","Rebound","Meteor Strike","Recycle","Cold Snap","Sunder","Coolheaded"],"relics":["SacredBark","Mercury Hourglass","Bottled Flame","Cables","Ornamental Fan","Snecko Eye","Red Mask","Ice Cream","Regal Pillow","Blue Candle","Runic Capacitor","Pear"],"acts_visited":["Exordium","TheCity","TheBeyond"],"potions_floor_usage":[12,16,16,24,27,37],"damage_taken":[{"damage":11,"enemies":"Jaw Worm","floor":1,"turns":6},{"damage":7,"enemies":"2 Louse","floor":2,"turns":3},{"damage":11,"enemies":"Small Slimes","floor":3,"turns":4},{"damage":20,"enemies":"Lagavulin","floor":7,"turns":7},{"damage":3,"enemies":"2 Fungi Beasts","floor":11,"turns":4},{"damage":13,"enemies":"3 Sentries","floor":12,"turns":6},{"damage":0,"enemies":"Looter","floor":13,"turns":3},{"damage":9,"enemies":"Hexaghost","floor":16,"turns":9},{"damage":18,"enemies":"2 Thieves","floor":18,"turns":4},{"damage":6,"enemies":"3 Byrds","floor":20,"turns":2},{"damage":13,"enemies":"Snake Plant","floor":21,"turns":6},{"damage":0,"enemies":"Masked Bandits","floor":22,"turns":7},{"damage":15,"enemies":"Book of Stabbing","floor":24,"turns":6},{"damage":4,"enemies":"Gremlin Leader","floor":27,"turns":8},{"damage":0,"enemies":"3 Cultists","floor":29,"turns":7},{"damage":8,"enemies":"Book of Stabbing","floor":31,"turns":6},{"damage":2,"enemies":"Champ","floor":33,"turns":16},{"damage":4,"enemies":"3 Darklings","floor":35,"turns":7},{"damage":0,"enemies":"Orb Walker","floor":36,"turns":4},{"damage":15,"enemies":"Maw","floor":37,"turns":9},{"damage":8,"enemies":"Writhing Mass","floor":39,"turns":8},{"damage":59,"enemies":"Giant Head","floor":41,"turns":8}],"seed_played":"-972775717387803420","potions_obtained":[{"floor":3,"key":"Explosive Potion"},{"floor":12,"key":"Ancient Potion"},{"floor":13,"key":"BlessingOfTheForge"},{"floor":16,"key":"Strength Potion"},{"floor":24,"key":"BlessingOfTheForge"},{"floor":29,"key":"SteroidPotion"},{"floor":31,"key":"DuplicationPotion"},{"floor":39,"key":"Explosive Potion"}],"is_trial":false,"path_per_floor":["M","M","M","?","?","R","E","$","T","?","M","E","M","T","R","B",null,"M","?","M","M","?","R","E","R","T","E","$","M","?","E","R","B",null,"M","M","M","?","M","R","E"],"character_chosen":"DEFECT","items_purchased":["SteroidPotion","Steam","Runic Capacitor","Defragment"],"campfire_rested":2,"item_purchase_floors":[8,8,28,28],"current_hp_per_floor":[53,46,35,35,52,52,32,32,32,37,34,21,21,21,21,12,60,42,38,32,19,19,19,4,15,15,11,11,11,11,13,13,11,39,35,35,20,20,12,41,0,0],"gold":217,"neow_bonus":"BOSS_RELIC","is_daily":false,"chose_seed":false,"campfire_upgraded":4,"win_rate":0.0,"timestamp":1612638701,"path_taken":["M","M","M","?","?","R","E","$","T","?","M","E","M","?","R","BOSS","M","?","M","M","?","R","E","R","T","E","$","M","?","E","R","BOSS","M","M","M","?","M","R","E"],"items_purchased_type":["Potion","Card","Relic","Card"],"build_version":"2020-12-22","purchased_purges":0,"victory":false,"max_hp_per_floor":[71,71,71,71,71,71,71,71,71,76,76,76,76,76,76,76,76,76,38,38,38,38,38,38,38,38,38,38,38,38,48,48,48,48,48,48,48,48,48,48,48,48],"relic_stats":{"Regal Pillow":15,"counters":[22,139],"Ornamental Fan":[120],"Blue Candle":[0],"Snecko Eye":[165,161,172,172],"obtain_stats":[{"Ice Cream":24,"Regal Pillow":26,"Pear":31,"SacredBark":0,"Blue Candle":27,"Runic Capacitor":28,"Mercury Hourglass":7,"Cables":12,"Bottled Flame":9,"Ornamental Fan":14,"Snecko Eye":17,"Red Mask":22,"Cracked Core":0},{"Ice Cream":13,"Regal Pillow":13,"Pear":16,"SacredBark":0,"Blue Candle":14,"Runic Capacitor":14,"Mercury Hourglass":4,"Cables":6,"Bottled Flame":4,"Ornamental Fan":7,"Snecko Eye":8,"Red Mask":12,"Cracked Core":0},{"Ice Cream":66,"Regal Pillow":66,"Pear":87,"SacredBark":0,"Blue Candle":74,"Runic Capacitor":74,"Mercury Hourglass":20,"Cables":29,"Bottled Flame":20,"Ornamental Fan":32,"Snecko Eye":41,"Red Mask":60,"Cracked Core":0}],"Mercury Hourglass":[433],"Cables":[88,11,50,0,27]},"card_choices":[{"not_picked":["Stack","Steam"],"picked":"Go for the Eyes","floor":1},{"not_picked":["Gash","Conserve Battery"],"picked":"Static Discharge","floor":2},{"not_picked":["Compile Driver","Darkness"],"picked":"Streamline","floor":3},{"not_picked":["Go for the Eyes","Redo"],"picked":"Glacier","floor":7},{"not_picked":["Steam","Streamline"],"picked":"Chill","floor":11},{"not_picked":["Turbo","Leap"],"picked":"Amplify","floor":12},{"not_picked":["Beam Cell","Chaos"],"picked":"Hologram","floor":13},{"not_picked":["Machine Learning","Rainbow"],"picked":"Echo Form","floor":16},{"not_picked":["Blizzard","Compile Driver"],"picked":"Double Energy","floor":18},{"not_picked":["Undo","Barrage"],"picked":"Recycle","floor":20},{"not_picked":["FTL","Beam Cell","BootSequence"],"picked":"SKIP","floor":21},{"not_picked":["Barrage","Streamline"],"picked":"Fusion","floor":22},{"not_picked":["Sweeping Beam","Blizzard"],"picked":"Leap+1","floor":24},{"not_picked":["Steam Power+1","Force Field","Coolheaded"],"picked":"SKIP","floor":27},{"not_picked":["Hologram","Gash","Double Energy"],"picked":"SKIP","floor":29},{"not_picked":["Sweeping Beam","White Noise"],"picked":"Rebound","floor":31},{"not_picked":["Amplify","Machine Learning"],"picked":"Meteor Strike","floor":33},{"not_picked":["Hologram","Turbo+1"],"picked":"Recycle","floor":35},{"not_picked":["Hello World","Steam"],"picked":"Cold Snap","floor":36},{"not_picked":["Hello World","BootSequence"],"picked":"Sunder","floor":37},{"not_picked":["Sweeping Beam","Redo"],"picked":"Coolheaded","floor":39}],"player_experience":788718,"relics_obtained":[{"floor":7,"key":"Mercury Hourglass"},{"floor":9,"key":"Bottled Flame"},{"floor":12,"key":"Cables"},{"floor":14,"key":"Ornamental Fan"},{"floor":22,"key":"Red Mask"},{"floor":24,"key":"Ice Cream"},{"floor":26,"key":"Regal Pillow"},{"floor":27,"key":"Blue Candle"},{"floor":31,"key":"Pear"}],"event_choices":[{"damage_healed":0,"gold_gain":0,"player_choice":"Grow","damage_taken":0,"max_hp_gain":0,"max_hp_loss":0,"event_name":"Living Wall","floor":4,"gold_loss":0,"cards_upgraded":["Static Discharge"]},{"damage_healed":17,"gold_gain":0,"player_choice":"Healed","damage_taken":0,"max_hp_gain":0,"max_hp_loss":0,"event_name":"The Cleric","floor":5,"gold_loss":35},{"damage_healed":0,"gold_gain":0,"player_choice":"Donut","damage_taken":0,"max_hp_gain":5,"max_hp_loss":0,"event_name":"Big Fish","floor":10,"gold_loss":0},{"damage_healed":0,"gold_gain":0,"player_choice":"Became a Ghost","damage_taken":0,"max_hp_gain":0,"max_hp_loss":38,"event_name":"Ghosts","floor":19,"gold_loss":0,"cards_obtained":["Ghostly","Ghostly","Ghostly"]},{"damage_healed":0,"gold_gain":0,"player_choice":"Fought Bandits","damage_taken":0,"max_hp_gain":0,"max_hp_loss":0,"event_name":"Masked Bandits","floor":22,"gold_loss":0},{"damage_healed":0,"gold_gain":0,"player_choice":"Read","damage_taken":0,"max_hp_gain":0,"max_hp_loss":0,"event_name":"The Library","floor":30,"gold_loss":0,"cards_obtained":["Meteor Strike"]},{"damage_healed":0,"gold_gain":0,"player_choice":"Ignored","damage_taken":0,"max_hp_gain":0,"max_hp_loss":0,"event_name":"The Moai Head","floor":38,"gold_loss":0}],"is_beta":false,"boss_relics":[{"not_picked":["Astrolabe","Coffee Dripper"],"picked":"Snecko Eye"},{"not_picked":["Fusion Hammer","Runic Pyramid","Sozu"]}],"items_purged_floors":[],"is_endless":false,"potions_floor_spawned":[3,12,13,16,24,29,31,39],"killed_by":"Giant Head","ascension_level":20}}