{"host":"08t08ld674si40tv","time":1612622761,"event":{"mods":["AchievementEnabler","BaseMod","Colored Map","Minty Spire (QoL Compilation)","StSLib","SuperFastMode"],"gold_per_floor":[238,313,313,12,33,121,121,134,160,160,199,199,240,290,290,379,379,393,83,128,153,36,97,97,1,55,55,98,142,142,167,167,260,260,298,311,50,383,394,428,428,439,439,475,503,503,533,37,37,37,37,37,37,96,146,146],"floor_reached":57,"language":"KOR","playtime":2330,"items_purged":["Strike_B","Strike_B","Defend_B","Parasite","Strike_B+1"],"score":3414,"play_id":"75da9817-c96f-4510-8b2d-c52d7681d95a","local_time":"20210206234601","is_ascension_mode":true,"campfire_choices":[{"floor":10,"key":"REST"},{"data":"Defragment","floor":12,"key":"SMITH"},{"data":"Coolheaded","floor":15,"key":"SMITH"},{"data":"Heatsinks","floor":24,"key":"SMITH"},{"data":"Recycle","floor":27,"key":"SMITH"},{"data":"Defragment","floor":30,"key":"SMITH"},{"data":"Thunder Strike","floor":32,"key":"SMITH"},{"data":"Double Energy","floor":41,"key":"SMITH"},{"floor":49,"key":"RECALL"},{"data":"Reinforced Body","floor":53,"key":"SMITH"}],"circlet_count":0,"master_deck":["AscendersBane","Strike_B+1","Defend_B+1","Defend_B","Defend_B","Zap","Dualcast","HandOfGreed+1","Recycle+1","Defragment+1","Glacier+1","Genetic Algorithm","Meteor Strike","Heatsinks+1","Coolheaded+1","Reinforced Body+1","Electrodynamics","Double Energy+1","Capacitor","Chill+1","Defragment+1","Thunder Strike+1","Capacitor","Reboot","Ball Lightning"],"relics":["Cracked Core","Unceasing Top","Membership Card","The Courier","DataDisk","Cables","Anchor","Centennial Puzzle","Happy Flower","SlaversCollar","Potion Belt","Whetstone","Torii","Lee\u0027s Waffle","Bottled Tornado","Boot","Black Star","Chemical X","FossilizedHelix","Nunchaku","Juzu Bracelet","Regal Pillow","Orichalcum","Meat on the Bone","Vajra","HornCleat","Thread and Needle","Membership Card","Bronze Scales","Omamori","Pantograph","StrikeDummy","Ancient Tea Set","Incense Burner","Lantern","Art of War","Cauldron","Ginger","Mercury Hourglass","Calipers","Blood Vial","Bag of Marbles","War Paint","Bottled Flame","Pen Nib","Ornamental Fan","InkBottle","Mummified Hand","Sundial","Gremlin Horn","Gambling Chip","TungstenRod","Pear","Eternal Feather","Letter Opener"],"acts_visited":["Exordium","TheCity","TheBeyond","TheBeyond","TheEnding"],"potions_floor_usage":[6,14,20,21,23,29,44,47,48,51,51,56,56,56],"damage_taken":[{"damage":1,"enemies":"Cultist","floor":1,"turns":3},{"damage":0,"enemies":"Small Slimes","floor":5,"turns":3},{"damage":5,"enemies":"3 Sentries","floor":6,"turns":5},{"damage":0,"enemies":"Jaw Worm","floor":8,"turns":2},{"damage":1,"enemies":"Looter","floor":11,"turns":4},{"damage":13,"enemies":"Large Slime","floor":13,"turns":9},{"damage":3,"enemies":"3 Louse","floor":14,"turns":2},{"damage":0,"enemies":"The Guardian","floor":16,"turns":18},{"damage":7,"enemies":"Spheric Guardian","floor":18,"turns":6},{"damage":1,"enemies":"2 Thieves","floor":20,"turns":3},{"damage":1,"enemies":"Chosen and Byrds","floor":21,"turns":6},{"damage":40,"enemies":"Gremlin Leader","floor":23,"turns":11},{"damage":1,"enemies":"Shelled Parasite and Fungi","floor":28,"turns":4},{"damage":1,"enemies":"Book of Stabbing","floor":29,"turns":6},{"damage":0,"enemies":"Snecko","floor":31,"turns":3},{"damage":0,"enemies":"Champ","floor":33,"turns":12},{"damage":0,"enemies":"3 Shapes","floor":35,"turns":7},{"damage":0,"enemies":"3 Darklings","floor":36,"turns":5},{"damage":0,"enemies":"Writhing Mass","floor":39,"turns":9},{"damage":0,"enemies":"Giant Head","floor":40,"turns":8},{"damage":0,"enemies":"Transient","floor":42,"turns":6},{"damage":0,"enemies":"4 Shapes","floor":44,"turns":3},{"damage":0,"enemies":"Reptomancer","floor":45,"turns":6},{"damage":13,"enemies":"Giant Head","floor":47,"turns":7},{"damage":0,"enemies":"Time Eater","floor":50,"turns":11},{"damage":0,"enemies":"Awakened One","floor":51,"turns":8},{"damage":0,"enemies":"Shield and Spear","floor":55,"turns":5},{"damage":0,"enemies":"The Heart","floor":56,"turns":10}],"seed_played":"3031627709359807889","potions_obtained":[{"floor":5,"key":"LiquidMemories"},{"floor":8,"key":"LiquidMemories"},{"floor":13,"key":"EssenceOfSteel"},{"floor":18,"key":"Energy Potion"},{"floor":20,"key":"LiquidMemories"},{"floor":23,"key":"Swift Potion"},{"floor":29,"key":"SteroidPotion"},{"floor":35,"key":"DuplicationPotion"},{"floor":36,"key":"DuplicationPotion"},{"floor":39,"key":"Energy Potion"},{"floor":42,"key":"ColorlessPotion"},{"floor":54,"key":"AttackPotion"},{"floor":54,"key":"CultistPotion"},{"floor":54,"key":"Ancient Potion"},{"floor":54,"key":"FairyPotion"}],"is_trial":false,"path_per_floor":["M","?","?","$","M","E","?","M","T","R","M","R","M","M","R","B",null,"M","$","M","M","$","E","R","$","T","R","M","E","R","M","R","B",null,"M","M","$","?","M","E","R","M","T","M","E","?","E","$","R","B","B",null,"R","$","E","B",null],"character_chosen":"DEFECT","items_purchased":["Defragment","Glacier","DataDisk","Cables","Anchor","Capacitor","Potion Belt","Whetstone","Torii","Lee\u0027s Waffle","Defragment","Chemical X","FossilizedHelix","Nunchaku","Membership Card","Bronze Scales","Fruit Juice","Omamori","Pantograph","StrikeDummy","Ancient Tea Set","Incense Burner","Lantern","Art of War","Cauldron","Ginger","Mercury Hourglass","Calipers","Blood Vial","Bag of Marbles","War Paint","Bottled Flame","Pen Nib","Ornamental Fan","InkBottle","Mummified Hand","Sundial","Gremlin Horn","Gambling Chip","TungstenRod","Pear"],"campfire_rested":1,"item_purchase_floors":[4,4,4,4,4,19,19,19,19,22,25,37,37,37,48,48,48,48,48,48,48,54,54,54,54,54,54,54,54,54,54,54,54,54,54,54,54,54,54,54,54],"current_hp_per_floor":[45,34,10,10,10,5,5,5,5,26,25,25,12,9,9,9,56,49,49,48,47,78,38,38,38,38,38,37,36,36,36,36,36,76,76,76,76,76,76,76,76,76,76,76,76,76,63,68,68,80,80,80,80,90,90,90],"gold":146,"neow_bonus":"ONE_RARE_RELIC","is_daily":false,"chose_seed":false,"campfire_upgraded":8,"win_rate":0.0,"timestamp":1612622761,"path_taken":["M","?","?","$","M","E","?","M","T","R","M","R","M","M","R","BOSS","M","$","M","M","$","E","R","$","T","R","M","E","R","M","R","BOSS","M","M","$","?","M","E","R","M","T","M","E","?","E","$","R","BOSS","BOSS","R","$","E","BOSS"],"items_purchased_type":["Card","Card","Relic","Relic","Relic","Card","Relic","Relic","Relic","Relic","Card","Relic","Relic","Relic","Relic","Relic","Potion","Relic","Relic","Relic","Relic","Relic","Relic","Relic","Relic","Relic","Relic","Relic","Relic","Relic","Relic","Relic","Relic","Relic","Relic","Relic","Relic","Relic","Relic","Relic","Relic"],"build_version":"2020-12-22","purchased_purges":5,"victory":true,"max_hp_per_floor":[71,71,71,71,71,71,71,71,71,71,71,71,71,71,71,71,71,71,71,71,71,78,78,78,78,78,78,78,78,78,78,78,78,78,78,78,78,78,78,78,78,78,78,78,78,78,78,80,80,80,80,80,80,90,90,90],"card_choices":[{"not_picked":["Sweeping Beam","Tempest"],"picked":"Recycle","floor":1},{"not_picked":["Streamline","Hello World"],"picked":"Genetic Algorithm","floor":5},{"not_picked":["Recycle","Melter"],"picked":"Meteor Strike","floor":6},{"not_picked":["Consume","Leap"],"picked":"Heatsinks","floor":8},{"not_picked":["Leap","Go for the Eyes","Beam Cell"],"picked":"SKIP","floor":11},{"not_picked":["Ball Lightning","Force Field"],"picked":"Coolheaded","floor":13},{"not_picked":["Streamline","Auto Shields"],"picked":"Reinforced Body","floor":14},{"not_picked":["Multi-Cast","Buffer"],"picked":"Electrodynamics","floor":16},{"not_picked":["Glacier","Stack+1"],"picked":"Double Energy","floor":18},{"not_picked":["Compile Driver","Streamline"],"picked":"Chill+1","floor":20},{"not_picked":["Cold Snap","Reinforced Body","Sweeping Beam"],"picked":"SKIP","floor":21},{"not_picked":["Conserve Battery","Reinforced Body","Hyperbeam"],"picked":"SKIP","floor":23},{"not_picked":["Gash","Leap","Turbo"],"picked":"SKIP","floor":28},{"not_picked":["Sweeping Beam","Steam"],"picked":"Thunder Strike","floor":29},{"not_picked":["Turbo","Skim"],"picked":"Capacitor","floor":31},{"not_picked":["All For One","Electrodynamics"],"picked":"Reboot","floor":33},{"not_picked":["Reinforced Body","Coolheaded","Stack+1"],"picked":"SKIP","floor":35},{"not_picked":["Steam","Genetic Algorithm","Cold Snap+1"],"picked":"SKIP","floor":36},{"not_picked":["Streamline+1","Gash","Redo+1"],"picked":"SKIP","floor":39},{"not_picked":["Static Discharge+1","Consume+1","Heatsinks"],"picked":"SKIP","floor":40},{"not_picked":["Steam","Beam Cell+1"],"picked":"Ball Lightning","floor":42},{"not_picked":["BootSequence","Fusion","Chaos"],"picked":"SKIP","floor":44},{"not_picked":["Leap+1","Scrape","Storm"],"picked":"SKIP","floor":45},{"not_picked":["Sunder+1","White Noise","Darkness+1"],"picked":"SKIP","floor":47},{"not_picked":["Coolheaded","Self Repair","Leap"],"picked":"SKIP","floor":55}],"player_experience":295137,"relics_obtained":[{"floor":6,"key":"Centennial Puzzle"},{"floor":9,"key":"Happy Flower"},{"floor":23,"key":"Bottled Tornado"},{"floor":29,"key":"Boot"},{"floor":40,"key":"Juzu Bracelet"},{"floor":40,"key":"Regal Pillow"},{"floor":43,"key":"Orichalcum"},{"floor":45,"key":"Meat on the Bone"},{"floor":45,"key":"Vajra"},{"floor":47,"key":"HornCleat"},{"floor":47,"key":"Thread and Needle"},{"floor":55,"key":"Eternal Feather"},{"floor":55,"key":"Letter Opener"}],"event_choices":[{"damage_healed":0,"gold_gain":75,"player_choice":"Gather Gold","damage_taken":11,"max_hp_gain":0,"max_hp_loss":0,"event_name":"World of Goop","floor":2,"gold_loss":0},{"damage_healed":0,"gold_gain":0,"player_choice":"Take Damage","damage_taken":24,"relics_obtained":["Golden Idol"],"max_hp_gain":0,"max_hp_loss":0,"event_name":"Golden Idol","floor":3,"gold_loss":0},{"damage_healed":0,"gold_gain":0,"player_choice":"Fled","damage_taken":0,"max_hp_gain":0,"max_hp_loss":0,"event_name":"Scrap Ooze","floor":7,"gold_loss":0},{"damage_healed":0,"gold_gain":333,"player_choice":"Gave Idol","damage_taken":0,"max_hp_gain":0,"max_hp_loss":0,"event_name":"The Moai Head","floor":38,"relics_lost":["Golden Idol"],"gold_loss":0},{"damage_healed":0,"gold_gain":0,"player_choice":"Ignored","damage_taken":0,"max_hp_gain":0,"max_hp_loss":0,"event_name":"Tomb of Lord Red Mask","floor":46,"gold_loss":0}],"is_beta":false,"boss_relics":[{"not_picked":["Sozu","Tiny House"],"picked":"SlaversCollar"},{"not_picked":["Empty Cage","Runic Dome"],"picked":"Black Star"}],"items_purged_floors":[19,22,25,48,54],"is_endless":false,"potions_floor_spawned":[5,8,13,18,20,23,29,35,36,39,42],"ascension_level":20}}