{"host":"vyrim7c8c6ucsmzk","time":1612571551,"event":{"mods":["BaseMod","Colored Map","Downfall","Minty Spire (QoL Compilation)","StSLib"],"gold_per_floor":[199,209,226,242,84,84,139,251,290,321,364,376,488,241,261,366,366,366,385,640,651,109,122,122,132,132,32,47,58,85,104,117,219,219,19,37,52,62,62,79,79,79,97,97,97,97,17,35,46,46,46,46],"floor_reached":50,"language":"ENG","playtime":4733,"items_purged":["hexamod:Strike"],"score":580,"play_id":"51ba7f84-fa5a-4423-bfb1-a7570a774ec2","local_time":"20210205193231","is_ascension_mode":false,"campfire_choices":[{"data":"hexamod:Float","floor":1.0,"key":"SMITH"},{"data":"hexamod:ForkedFlame","floor":6.0,"key":"SMITH"},{"data":"hexamod:BurningTouch","floor":12.0,"key":"SMITH"},{"floor":18.0,"key":"RECALL"},{"data":"hexamod:SearingWound","floor":27.0,"key":"SMITH"},{"data":"hexamod:GhostflameInferno","floor":35.0,"key":"SMITH"},{"data":"hexamod:TurnItUp","floor":42.0,"key":"SMITH"},{"floor":44,"key":"REST"},{"data":"hexamod:Hexaguard","floor":46,"key":"SMITH"}],"circlet_count":0,"master_deck":["hexamod:Strike","hexamod:Strike","hexamod:Defend","hexamod:Defend","hexamod:Defend","hexamod:Sear","hexamod:Float+1","hexamod:SoulSteal","hexamod:BurningTouch","hexamod:EmpoweredFlame+1","hexamod:ForkedFlame+1","hexamod:Hexaguard+1","hexamod:BurningTouch+1","hexamod:SearingWound+1","hexamod:Hexaguard","hexamod:GhostflameInferno+1","hexamod:SoulSteal","hexamod:NightmareStrike+1","hexamod:Hexaguard","hexamod:NightmareGuise","hexamod:GhostShield+1","hexamod:PhantomCloak+1","hexamod:TurnItUp+1","hexamod:PhantomCloak+1","hexamod:ExtraCrispy+1","hexamod:GhostShield+1","hexamod:Float+1","hexamod:GhostflameBarrier","hexamod:VolcanoVisage+1","hexamod:ShieldOfDarkness"],"relics":["hexamod:UnbrokenSoul","MawBank","Bag of Preparation","Centennial Puzzle","Pantograph","hexamod:IceCube","Frozen Egg 2","OrangePellets","Oddly Smooth Stone","downfall:HeartBlessingBlue","Gremlin Horn","downfall:HeartBlessingRed","downfall:HeartBlessingGreen","Bottled Flame"],"acts_visited":["Exordium","TheCity","TheBeyond"],"potions_floor_usage":[50],"damage_taken":[{"damage":2.0,"enemies":"2 Louse","floor":2.0,"turns":3.0},{"damage":0.0,"enemies":"Jaw Worm","floor":3.0,"turns":3.0},{"damage":0.0,"enemies":"Cultist","floor":4.0,"turns":3.0},{"damage":0.0,"enemies":"downfall:FleeingMerchant","floor":5.0,"turns":4.0},{"damage":11.0,"enemies":"Lagavulin","floor":9.0,"turns":4.0},{"damage":3.0,"enemies":"Lots of Slimes","floor":10.0,"turns":4.0},{"damage":4.0,"enemies":"3 Sentries","floor":11.0,"turns":5.0},{"damage":0.0,"enemies":"downfall:Heads","floor":13.0,"turns":3.0},{"damage":3.0,"enemies":"downfall:FleeingMerchant","floor":14.0,"turns":4.0},{"damage":0.0,"enemies":"2 Fungi Beasts","floor":15.0,"turns":2.0},{"damage":20.0,"enemies":"DF_ARCHETYPE_STREAMLINE","floor":16.0,"turns":6.0},{"damage":0.0,"enemies":"3 Byrds","floor":19.0,"turns":3.0},{"damage":0.0,"enemies":"downfall:FleeingMerchant","floor":20.0,"turns":4.0},{"damage":2.0,"enemies":"Cultist and Chosen","floor":21.0,"turns":5.0},{"damage":0.0,"enemies":"Snake Plant","floor":23.0,"turns":2.0},{"damage":0.0,"enemies":"Chosen and Byrds","floor":25.0,"turns":3.0},{"damage":3.0,"enemies":"Centurion and Healer","floor":28.0,"turns":4.0},{"damage":0.0,"enemies":"Snecko","floor":29.0,"turns":4.0},{"damage":5.0,"enemies":"Book of Stabbing","floor":30.0,"turns":4.0},{"damage":5.0,"enemies":"Shelled Parasite and Fungi","floor":31.0,"turns":4.0},{"damage":0.0,"enemies":"Snake Plant","floor":32.0,"turns":3.0},{"damage":0.0,"enemies":"WA_ARCHETYPE_CALM","floor":33.0,"turns":8.0},{"damage":14.0,"enemies":"3 Darklings","floor":36.0,"turns":4.0},{"damage":0.0,"enemies":"Orb Walker","floor":37.0,"turns":3.0},{"damage":3.0,"enemies":"Spire Growth","floor":38.0,"turns":4.0},{"damage":0.0,"enemies":"Maw","floor":40.0,"turns":5.0},{"damage":23,"enemies":"Transient","floor":43,"turns":5},{"damage":4,"enemies":"3 Darklings","floor":48,"turns":4},{"damage":0,"enemies":"Sphere and 2 Shapes","floor":49,"turns":4},{"damage":97,"enemies":"IC_BLOCK_ARCHETYPE","floor":50,"turns":4}],"seed_played":"8807991257905640312","potions_obtained":[{"floor":2.0,"key":"Ancient Potion"},{"floor":4.0,"key":"Dexterity Potion"},{"floor":10.0,"key":"Strength Potion"},{"floor":11.0,"key":"hexamod:EctoCoolerPotion"},{"floor":13.0,"key":"BlessingOfTheForge"},{"floor":21.0,"key":"AttackPotion"},{"floor":25.0,"key":"SneckoOil"},{"floor":28.0,"key":"DistilledChaos"},{"floor":29.0,"key":"hexamod:EctoCoolerPotion"},{"floor":31.0,"key":"SteroidPotion"},{"floor":36.0,"key":"Strength Potion"},{"floor":40.0,"key":"GamblersBrew"},{"floor":48,"key":"AttackPotion"}],"is_trial":false,"path_per_floor":["R","M","M","M","$","R","T","?","E","M","E","R","?","$","M","B",null,"R","M","$","M","$","M","T","M","?","R","M","M","E","M","M","B",null,"R","M","M","M","$","M","T","R","M","R","?","R","$","M","M","B"],"character_chosen":"THE_SPIRIT","items_purchased":["hexamod:ForkedFlame","Pantograph","Frozen Egg 2","OrangePellets","Oddly Smooth Stone","hexamod:GhostflameBarrier"],"campfire_rested":1,"item_purchase_floors":[5,14,22,22,22,47],"current_hp_per_floor":[70,68,68,68,68,68,68,68,57,54,50,50,50,47,47,50,70,70,70,70,68,68,68,68,68,68,78,75,75,70,65,65,80,80,80,66,66,63,63,63,63,63,40,64,64,64,64,60,60,0,0,0],"gold":46,"neow_bonus":"HUNDRED_GOLD","is_daily":false,"chose_seed":false,"campfire_upgraded":7,"win_rate":0.0,"timestamp":1612571551,"path_taken":["R","M","M","M","$","R","T","?","E","M","E","R","?","?","M","BOSS","R","M","$","M","$","?","T","?","?","R","M","M","E","M","M","BOSS","R","M","M","?","$","M","T","R","M","R","?","R","?","?","M","BOSS"],"items_purchased_type":["Card","Relic","Relic","Relic","Relic","Card"],"build_version":"2020-12-22","purchased_purges":1,"victory":false,"max_hp_per_floor":[70,70,70,70,70,70,70,70,70,70,70,70,70,70,70,70,70,70,70,70,70,70,70,70,70,70,80,80,80,80,80,80,80,80,80,80,80,80,80,80,80,80,80,80,80,80,80,80,80,80,80,80],"card_choices":[{"not_picked":["hexamod:GhostOfSpirePast","hexamod:HeatShield"],"picked":"hexamod:SoulSteal","floor":2.0},{"not_picked":["hexamod:SkipABeat","hexamod:ThermalTransfer"],"picked":"hexamod:BurningTouch","floor":3.0},{"not_picked":["hexamod:NecessarySacrifice","hexamod:ExtraCrispy","hexamod:PhantomFireball"],"picked":"SKIP","floor":4.0},{"not_picked":["hexamod:NightmareStrike","hexamod:Hexaguard"],"picked":"hexamod:EmpoweredFlame","floor":5.0},{"not_picked":["hexamod:ThermalTransfer","hexamod:HauntingEcho"],"picked":"hexamod:Hexaguard","floor":9.0},{"not_picked":["hexamod:SearingWound","hexamod:ShieldOfDarkness"],"picked":"hexamod:BurningTouch","floor":10.0},{"not_picked":["hexamod:EmpoweredFlame","hexamod:RetreatToShadows","hexamod:DynamicBlow"],"picked":"SKIP","floor":11.0},{"not_picked":["hexamod:Incineration","hexamod:GhostOfSpirePast"],"picked":"hexamod:Hexaguard","floor":14.0},{"not_picked":["hexamod:NightmareStrike","hexamod:Again","hexamod:HeatMetal"],"picked":"SKIP","floor":15.0},{"not_picked":["hexamod:UnleashSpirits","hexamod:GhostOfSpirePresent"],"picked":"hexamod:GhostflameInferno","floor":16.0},{"not_picked":["hexamod:HeatMetal","hexamod:CatchUp"],"picked":"hexamod:SoulSteal","floor":19.0},{"not_picked":["hexamod:AdvancingGuard","hexamod:Firestarter","hexamod:NightmareStrike"],"picked":"SKIP","floor":20.0},{"not_picked":["hexamod:SpectersWail+1","hexamod:FirstSeal"],"picked":"hexamod:NightmareStrike+1","floor":21.0},{"not_picked":["hexamod:HeatMetal","hexamod:SwordOfDarkness+1","hexamod:SoulSteal+1"],"picked":"SKIP","floor":23.0},{"not_picked":["hexamod:BurningTouch+1","hexamod:SwordOfDarkness"],"picked":"hexamod:Hexaguard","floor":25.0},{"not_picked":["hexamod:NightmareStrike","hexamod:SwordOfDarkness"],"picked":"hexamod:NightmareGuise","floor":28.0},{"not_picked":["hexamod:ShieldOfDarkness","hexamod:AdvancingGuard","hexamod:UnleashSpirits"],"picked":"SKIP","floor":29.0},{"not_picked":["hexamod:PhantomCloak+1","hexamod:SpectralAdrenaline"],"picked":"hexamod:GhostShield+1","floor":30.0},{"not_picked":["hexamod:RetreatToShadows","hexamod:NightmareGuise"],"picked":"hexamod:PhantomCloak+1","floor":31.0},{"not_picked":["hexamod:Firestarter","hexamod:RetreatToShadows","hexamod:FirstSeal"],"picked":"SKIP","floor":32.0},{"not_picked":["hexamod:WildfireWeapon+1","hexamod:TimeWarp"],"picked":"hexamod:TurnItUp","floor":33.0},{"not_picked":["hexamod:ThermalTransfer","hexamod:NightmareStrike+1","hexamod:ShieldOfDarkness+1"],"picked":"SKIP","floor":36.0},{"not_picked":["hexamod:Firestarter+1","hexamod:GhostLash+1"],"picked":"hexamod:PhantomCloak+1","floor":37.0},{"not_picked":["hexamod:ThirdSeal","hexamod:PhantomFireball+1"],"picked":"hexamod:ExtraCrispy+1","floor":38.0},{"not_picked":["hexamod:NecessarySacrifice+1","hexamod:FourthSeal"],"picked":"hexamod:GhostShield+1","floor":40.0},{"not_picked":["hexamod:BurningTouch","hexamod:GhostShield","hexamod:ExtraCrispy+1"],"picked":"SKIP","floor":43},{"not_picked":["hexamod:GhostShield","hexamod:GhostOfSpirePast+1"],"picked":"hexamod:VolcanoVisage+1","floor":48},{"not_picked":["hexamod:Hexaguard","hexamod:SpectersWail"],"picked":"hexamod:ShieldOfDarkness","floor":49}],"player_experience":1347170,"relics_obtained":[{"floor":7.0,"key":"MawBank"},{"floor":9.0,"key":"Bag of Preparation"},{"floor":11.0,"key":"Centennial Puzzle"},{"floor":30.0,"key":"Gremlin Horn"},{"floor":41.0,"key":"Bottled Flame"}],"event_choices":[{"damage_healed":0.0,"max_hp_gain":0.0,"max_hp_loss":0.0,"gold_gain":0.0,"event_name":"NoteForYourself","player_choice":"Ignored","floor":26.0,"gold_loss":0.0,"damage_taken":0.0}],"is_beta":false,"boss_relics":[{"not_picked":["Cursed Key","Busted Crown"],"picked":"hexamod:IceCube"},{"not_picked":["bronze:MakeshiftBattery","Runic Dome"],"picked":"hexamod:UnbrokenSoul"}],"items_purged_floors":[20],"is_endless":false,"potions_floor_spawned":[2,4,10,11,13,21,25,28,29,31,36,40,48],"killed_by":"IC_BLOCK_ARCHETYPE","ascension_level":0}}