{"host":"mydft8i2zzydgggw","time":1612596264,"event":{"mods":["AchievementEnabler","BaseMod","BetterRewards","Colored Map","Colored Powertips","DeckTracker","Keyboard Shortcuts","Minty Spire (QoL Compilation)","Rare Cards Sparkle","StSLib","SuperFastMode","everything is the same but u backflip on backflip"],"gold_per_floor":[14,34,34,49,66,100,100,129,129,54,66,66,83,97,97,195,195,183,183,197,215,229,257,268,268,268],"floor_reached":25,"language":"KOR","playtime":589,"items_purged":["Strike_R"],"score":348,"play_id":"d7f126c5-50c2-4c9b-8439-6ed0a7289673","local_time":"20210206162424","is_ascension_mode":true,"campfire_choices":[{"data":"Shockwave","floor":7.0,"key":"SMITH"},{"data":"True Grit","floor":12.0,"key":"SMITH"},{"data":"Armaments","floor":15,"key":"SMITH"}],"circlet_count":0,"master_deck":["Strike_R","Strike_R","Strike_R","Strike_R","Defend_R","Defend_R","Defend_R","Defend_R","Bash","Bludgeon","Feel No Pain","Carnage","Blood for Blood","Shockwave+1","Feed","Armaments+1","True Grit+1","Shrug It Off","Demon Form","Flame Barrier"],"relics":["Burning Blood","Bag of Marbles","TungstenRod","Du-Vu Doll","Busted Crown","Bird Faced Urn"],"acts_visited":["Exordium","TheCity"],"potions_floor_usage":[14,16,18,23,25],"damage_taken":[{"damage":0.0,"enemies":"Cultist","floor":1.0,"turns":2.0},{"damage":12.0,"enemies":"Jaw Worm","floor":2.0,"turns":2.0},{"damage":4.0,"enemies":"Small Slimes","floor":4.0,"turns":3.0},{"damage":7.0,"enemies":"Looter","floor":5.0,"turns":3.0},{"damage":21.0,"enemies":"Gremlin Nob","floor":6.0,"turns":4.0},{"damage":12.0,"enemies":"3 Sentries","floor":8.0,"turns":6.0},{"damage":25.0,"enemies":"Large Slime","floor":11.0,"turns":4.0},{"damage":14.0,"enemies":"Exordium Thugs","floor":13.0,"turns":4.0},{"damage":16,"enemies":"Gremlin Gang","floor":14,"turns":4},{"damage":35,"enemies":"The Guardian","floor":16,"turns":11},{"damage":15,"enemies":"2 Thieves","floor":18,"turns":4},{"damage":0,"enemies":"3 Byrds","floor":20,"turns":4},{"damage":13,"enemies":"Centurion and Healer","floor":21,"turns":7},{"damage":12,"enemies":"Shelled Parasite and Fungi","floor":22,"turns":8},{"damage":29,"enemies":"Book of Stabbing","floor":23,"turns":6},{"damage":14,"enemies":"Snecko","floor":24,"turns":6},{"damage":69,"enemies":"Slavers","floor":25,"turns":7}],"seed_played":"-7702731487281648019","potions_obtained":[{"floor":1.0,"key":"Ancient Potion"},{"floor":2.0,"key":"LiquidMemories"},{"floor":11.0,"key":"GamblersBrew"},{"floor":13.0,"key":"GamblersBrew"},{"floor":14,"key":"BloodPotion"},{"floor":16,"key":"ColorlessPotion"},{"floor":21,"key":"Regen Potion"},{"floor":23,"key":"Fruit Juice"}],"is_trial":false,"path_per_floor":["M","M","$","M","M","E","R","E","T","$","M","R","M","M","R","B",null,"M","?","M","M","M","E","M","E"],"character_chosen":"IRONCLAD","items_purchased":[],"campfire_rested":0,"item_purchase_floors":[],"current_hp_per_floor":[78,72,72,74,73,58,58,55,55,55,36,36,31,41,41,12,70,64,64,73,66,60,52,46,0,0],"gold":268,"neow_bonus":"THREE_RARE_CARDS","is_daily":false,"chose_seed":false,"campfire_upgraded":3,"win_rate":0.0,"timestamp":1612596264,"path_taken":["M","M","?","M","M","E","R","E","T","$","M","R","M","M","R","BOSS","M","?","M","M","M","E","M","E"],"items_purchased_type":[],"build_version":"2020-12-22","purchased_purges":1,"victory":false,"max_hp_per_floor":[80,80,80,80,80,80,80,83,83,83,83,83,86,89,89,89,89,92,92,95,95,95,95,95,100,100],"card_choices":[{"not_picked":["Juggernaut","Berserk"],"picked":"Bludgeon","floor":0.0},{"not_picked":["Thunderclap","Fire Breathing"],"picked":"Feel No Pain","floor":1.0},{"not_picked":["Heavy Blade","Anger"],"picked":"Carnage","floor":2.0},{"not_picked":["Dual Wield","Iron Wave"],"picked":"Blood for Blood","floor":4.0},{"not_picked":["Sword Boomerang","Pommel Strike"],"picked":"Shockwave","floor":5.0},{"not_picked":["Battle Trance","Seeing Red"],"picked":"Feed","floor":6.0},{"not_picked":["Cleave","Twin Strike"],"picked":"Armaments","floor":8.0},{"not_picked":["Combust","Flex"],"picked":"True Grit","floor":11.0},{"not_picked":["Uppercut","Clash","Havoc"],"picked":"SKIP","floor":13.0},{"not_picked":["Twin Strike","Feel No Pain"],"picked":"Shrug It Off","floor":14},{"not_picked":["Bludgeon","Double Tap"],"picked":"Demon Form","floor":16},{"not_picked":["Cleave"],"picked":"SKIP","floor":18},{"not_picked":["Iron Wave+1"],"picked":"SKIP","floor":20},{"not_picked":["Ghostly Armor"],"picked":"SKIP","floor":21},{"not_picked":["Infernal Blade"],"picked":"SKIP","floor":22},{"not_picked":["Anger"],"picked":"SKIP","floor":23},{"not_picked":["Sever Soul"],"picked":"SKIP","floor":24}],"player_experience":231767,"relics_obtained":[{"floor":6.0,"key":"Bag of Marbles"},{"floor":8.0,"key":"TungstenRod"},{"floor":9.0,"key":"Du-Vu Doll"},{"floor":23,"key":"Bird Faced Urn"}],"event_choices":[{"damage_healed":0,"gold_gain":0,"player_choice":"Read","damage_taken":0,"max_hp_gain":0,"max_hp_loss":0,"event_name":"The Library","floor":19,"gold_loss":0,"cards_obtained":["Flame Barrier"]}],"is_beta":false,"boss_relics":[{"not_picked":["Philosopher\u0027s Stone","Sozu"],"picked":"Busted Crown"}],"items_purged_floors":[10],"is_endless":false,"potions_floor_spawned":[1,2,11,13,14,16,21,23],"killed_by":"Slavers","ascension_level":7}}