{"host":"oehe2dxjvdgux73m","time":1612617926,"event":{"mods":["AchievementEnabler","BaseMod","Colored Map","Colored Powertips","DeckTracker","Keyboard Shortcuts","Minty Spire (QoL Compilation)","Permanent Neow","Quick Restart","StSLib","SuperFastMode"],"gold_per_floor":[10,20,35,0,18,51,51,51,78,113,113,123,123,141,141,218,218,228,278,203,216,216,216,236,236,236,236,264,264,264,282,282,282,282],"floor_reached":33,"language":"KOR","playtime":1043,"items_purged":["Defend_G"],"score":550,"play_id":"d3a26057-926c-49b2-ad83-4d825d9566e3","local_time":"20210206222526","is_ascension_mode":true,"campfire_choices":[{"floor":7.0,"key":"REST"},{"floor":11.0,"key":"REST"},{"data":"Terror","floor":13.0,"key":"SMITH"},{"floor":15.0,"key":"REST"},{"data":"Wraith Form v2","floor":23.0,"key":"SMITH"},{"data":"Neutralize","floor":25.0,"key":"SMITH"},{"data":"1","floor":29.0,"key":"LIFT"},{"floor":32.0,"key":"REST"}],"circlet_count":0,"master_deck":["AscendersBane","Defend_G","Defend_G","Defend_G","Defend_G","Survivor","Neutralize+1","Wraith Form v2+1","Terror+1","Blade Dance","PiercingWail","Blade Dance","Backflip","Accuracy","Envenom+1","Bullet Time+1","Bouncing Flask+1","Backstab","PiercingWail","Blur","Well Laid Plans","Decay"],"relics":["Ring of the Snake","Bronze Scales","Lantern","Tiny Chest","Astrolabe","Girya","Bird Faced Urn","Kunai"],"acts_visited":["Exordium","TheCity"],"potions_floor_usage":[33],"damage_taken":[{"damage":2.0,"enemies":"Cultist","floor":1.0,"turns":5.0},{"damage":6.0,"enemies":"Small Slimes","floor":2.0,"turns":5.0},{"damage":2.0,"enemies":"Jaw Worm","floor":3.0,"turns":5.0},{"damage":1.0,"enemies":"3 Louse","floor":5.0,"turns":4.0},{"damage":48.0,"enemies":"Gremlin Nob","floor":6.0,"turns":4.0},{"damage":9.0,"enemies":"3 Sentries","floor":10.0,"turns":9.0},{"damage":9.0,"enemies":"Blue Slaver","floor":12.0,"turns":3.0},{"damage":5.0,"enemies":"Exordium Thugs","floor":14.0,"turns":5.0},{"damage":24.0,"enemies":"The Guardian","floor":16.0,"turns":14.0},{"damage":0.0,"enemies":"3 Byrds","floor":18.0,"turns":3.0},{"damage":2.0,"enemies":"Chosen","floor":21.0,"turns":3.0},{"damage":1.0,"enemies":"Snake Plant","floor":24.0,"turns":5.0},{"damage":13.0,"enemies":"Gremlin Leader","floor":28.0,"turns":7.0},{"damage":23.0,"enemies":"Chosen and Byrds","floor":31.0,"turns":6.0},{"damage":47,"enemies":"Collector","floor":33,"turns":9}],"seed_played":"5013194583975480986","potions_obtained":[{"floor":2.0,"key":"Strength Potion"},{"floor":3.0,"key":"Poison Potion"},{"floor":6.0,"key":"SkillPotion"},{"floor":24.0,"key":"FearPotion"},{"floor":28.0,"key":"Dexterity Potion"},{"floor":31.0,"key":"Ancient Potion"}],"is_trial":false,"path_per_floor":["M","M","M","?","M","E","R","?","T","E","R","M","R","M","R","B",null,"M","?","$","M","?","R","M","R","T","?","E","R","T","M","R","B"],"character_chosen":"THE_SILENT","items_purchased":[],"campfire_rested":4,"item_purchase_floors":[],"current_hp_per_floor":[57,51,49,65,64,16,35,17,17,8,27,18,18,13,32,8,52,52,52,52,50,50,50,49,49,49,49,36,36,36,17,36,0,0],"gold":282,"neow_bonus":"TRANSFORM_TWO_CARDS","is_daily":false,"chose_seed":false,"campfire_upgraded":3,"win_rate":0.0,"timestamp":1612617926,"path_taken":["M","M","?","?","M","E","R","?","T","E","R","M","R","M","R","BOSS","M","?","$","M","?","R","M","R","T","?","E","R","?","M","R","BOSS"],"items_purchased_type":[],"build_version":"2020-12-22","purchased_purges":1,"victory":false,"max_hp_per_floor":[66,66,66,66,66,66,66,66,66,66,66,66,66,66,66,66,66,66,66,66,66,66,66,66,66,66,66,66,66,66,66,66,66,66],"card_choices":[{"not_picked":["Slice","Infinite Blades"],"picked":"Blade Dance","floor":1.0},{"not_picked":["Distraction","Quick Slash"],"picked":"PiercingWail","floor":2.0},{"not_picked":["Outmaneuver","Backflip"],"picked":"Blade Dance","floor":3.0},{"not_picked":["Terror","Flying Knee"],"picked":"Backflip","floor":5.0},{"not_picked":["Infinite Blades","Underhanded Strike","Burst"],"picked":"SKIP","floor":6.0},{"not_picked":["Backflip","Dagger Throw"],"picked":"Accuracy","floor":10.0},{"not_picked":["Blade Dance","Flying Knee","Outmaneuver"],"picked":"SKIP","floor":12.0},{"not_picked":["Flying Knee","Poisoned Stab","Blade Dance"],"picked":"SKIP","floor":14.0},{"not_picked":["Quick Slash","Underhanded Strike"],"picked":"Backstab","floor":18.0},{"not_picked":["Slice","Bane"],"picked":"PiercingWail","floor":21.0},{"not_picked":["Acrobatics","Dagger Throw"],"picked":"Well Laid Plans","floor":24.0},{"not_picked":["Setup+1","Endless Agony","Heel Hook"],"picked":"SKIP","floor":28.0},{"not_picked":["Accuracy","Deadly Poison","PiercingWail"],"picked":"SKIP","floor":31.0}],"player_experience":387864,"relics_obtained":[{"floor":6.0,"key":"Bronze Scales"},{"floor":10.0,"key":"Tiny Chest"},{"floor":26.0,"key":"Girya"},{"floor":28.0,"key":"Bird Faced Urn"},{"floor":30.0,"key":"Kunai"}],"event_choices":[{"damage_healed":16.0,"max_hp_gain":0.0,"max_hp_loss":0.0,"gold_gain":0.0,"event_name":"The Cleric","player_choice":"Healed","floor":4.0,"gold_loss":35.0,"damage_taken":0.0},{"damage_healed":0.0,"max_hp_gain":0.0,"max_hp_loss":0.0,"gold_gain":0.0,"event_name":"Scrap Ooze","player_choice":"Success","floor":8.0,"gold_loss":0.0,"damage_taken":18.0,"relics_obtained":["Lantern"]},{"damage_healed":0.0,"max_hp_gain":0.0,"max_hp_loss":0.0,"gold_gain":50.0,"event_name":"Nest","player_choice":"Stole From Cult","floor":19.0,"gold_loss":0.0,"damage_taken":0.0},{"damage_healed":0.0,"max_hp_gain":0.0,"max_hp_loss":0.0,"gold_gain":0.0,"event_name":"The Library","player_choice":"Read","floor":22.0,"gold_loss":0.0,"damage_taken":0.0,"cards_obtained":["Blur"]},{"damage_healed":0.0,"max_hp_gain":0.0,"max_hp_loss":0.0,"gold_gain":0.0,"event_name":"Forgotten Altar","player_choice":"Smashed Altar","floor":27.0,"gold_loss":0.0,"damage_taken":0.0,"cards_obtained":["Decay"]}],"is_beta":false,"boss_relics":[{"not_picked":["HoveringKite","Cursed Key"],"picked":"Astrolabe"}],"items_purged_floors":[20],"is_endless":false,"potions_floor_spawned":[2,3,6,24,28,31],"killed_by":"Collector","ascension_level":20}}