{"host":"1bvadgc0hovl67h4","time":1612574356,"event":{"mods":["BaseMod","Colored Map","Downfall","Hermit","Minty Spire (QoL Compilation)","StSLib","The Cursed"],"gold_per_floor":[99,109,120,178,7,7,32,32,58,58,70,170,196,40,59,158,158,58,58,70,86,86,86,86],"floor_reached":22,"language":"ENG","playtime":1200,"items_purged":[],"score":200,"play_id":"0467b716-7b94-4523-ba5e-62173aa5bfc0","local_time":"20210205171916","is_ascension_mode":true,"campfire_choices":[{"data":"1","floor":1,"key":"LIFT"},{"floor":6,"key":"RECALL"},{"floor":10,"key":"REST"},{"data":"Slimebound:Recycling","floor":18,"key":"SMITH"}],"circlet_count":0,"master_deck":["Slimebound:Strike_Slimebound","Slimebound:Strike_Slimebound+1","Slimebound:Strike_Slimebound","Slimebound:Tackle+1","Slimebound:Defend_Slimebound","Slimebound:Defend_Slimebound","Slimebound:Defend_Slimebound","Slimebound:Defend_Slimebound","Slimebound:Split","Slimebound:CorrosiveSpit","Slimebound:SplitLeeching","Slimebound:SplitAcid","Slimebound:SplitMire","Slimebound:Recycling+1","Slimebound:Schlurp","Slimebound:Gluttony","Slimebound:OozeBath","Slimebound:LevelUp","Slimebound:SelfFormingGoo","Slimebound:ServeAndProtect","Slimebound:Grow+1"],"relics":["Slimebound:AbsorbEndCombat","Girya","Slimebound:PotencyRelic","Whetstone","Pen Nib","Art of War","Potion Belt","Philosopher\u0027s Stone","downfall:HeartBlessingRed","FaceOfCleric"],"acts_visited":["Exordium","TheCity"],"potions_floor_usage":[4,14,21],"damage_taken":[{"damage":9,"enemies":"Cultist","floor":2,"turns":3},{"damage":12,"enemies":"Small Slimes","floor":3,"turns":4},{"damage":16,"enemies":"Gremlin Nob","floor":4,"turns":4},{"damage":0,"enemies":"downfall:FleeingMerchant","floor":5,"turns":4},{"damage":20,"enemies":"Lagavulin","floor":9,"turns":5},{"damage":0,"enemies":"2 Louse","floor":11,"turns":2},{"damage":5,"enemies":"downfall:FleeingMerchant","floor":14,"turns":4},{"damage":3,"enemies":"Blue Slaver","floor":15,"turns":3},{"damage":7,"enemies":"SI_SHIV_ARCHETYPE","floor":16,"turns":6},{"damage":59,"enemies":"3 Byrds","floor":20,"turns":4},{"damage":10,"enemies":"Spheric Guardian","floor":21,"turns":3},{"damage":15,"enemies":"Centurion and Healer","floor":22,"turns":2}],"seed_played":"-1169194011610036974","potions_obtained":[{"floor":3,"key":"hexamod:SoulburnPotion"},{"floor":11,"key":"Weak Potion"},{"floor":15,"key":"Swift Potion"},{"floor":20,"key":"ColorlessPotion"},{"floor":21,"key":"Slimebound:SlimedPotion"}],"is_trial":false,"path_per_floor":["R","M","M","?","$","R","T","?","E","R","M","?","T","$","M","B",null,"R","?","M","M","M"],"character_chosen":"SLIMEBOUND","items_purchased":["Whetstone","Slimebound:OozeBath"],"campfire_rested":1,"item_purchase_floors":[5,14],"current_hp_per_floor":[47,42,36,20,24,24,24,24,10,29,31,31,31,32,33,34,65,65,65,9,4,0,0,0],"gold":86,"neow_bonus":"ONE_RARE_RELIC","is_daily":false,"chose_seed":false,"campfire_upgraded":1,"win_rate":0.0,"timestamp":1612574356,"path_taken":["R","M","?","?","$","R","T","?","E","R","?","?","?","$","M","BOSS","R","?","M","?","M"],"items_purchased_type":["Relic","Card"],"build_version":"2020-12-22","purchased_purges":0,"victory":false,"max_hp_per_floor":[65,65,65,65,65,65,65,65,65,65,65,65,65,65,65,65,65,65,65,66,67,67,67,67],"card_choices":[{"not_picked":["Slimebound:ComboTackle","Slimebound:Prepare"],"picked":"Slimebound:SplitLeeching","floor":2},{"not_picked":["Slimebound:RollThrough","Slimebound:LivingWall"],"picked":"Slimebound:SplitAcid","floor":3},{"not_picked":["Slimebound:ProtectTheBoss","Slimebound:ItLooksTasty"],"picked":"Slimebound:SplitMire","floor":5},{"not_picked":["Slimebound:GoopSpray","Slimebound:Prepare"],"picked":"Slimebound:Recycling","floor":9},{"not_picked":["Slimebound:RollThrough","Slimebound:PressTheAttack"],"picked":"Slimebound:Schlurp","floor":11},{"not_picked":["Slimebound:LeechEnergy","Slimebound:GoopSpray"],"picked":"Slimebound:Gluttony","floor":14},{"not_picked":["Slimebound:SplitBruiser","Slimebound:MegaLick"],"picked":"Slimebound:LevelUp","floor":15},{"not_picked":["Slimebound:MinionMaster","Slimebound:OneTwoCombo"],"picked":"Slimebound:SelfFormingGoo","floor":16},{"not_picked":["Slimebound:LivingWall","Slimebound:SplitAcid"],"picked":"Slimebound:ServeAndProtect","floor":20},{"not_picked":["Slimebound:HauntingLick","Slimebound:SpikyOuterGoop"],"picked":"Slimebound:Grow+1","floor":21}],"player_experience":233727,"relics_obtained":[{"floor":4,"key":"Slimebound:PotencyRelic"},{"floor":7,"key":"Pen Nib"},{"floor":8,"key":"Art of War"},{"floor":9,"key":"Potion Belt"}],"event_choices":[{"damage_healed":0,"gold_gain":0,"player_choice":"Relic","damage_taken":0,"max_hp_gain":0,"max_hp_loss":0,"event_name":"Wheel of Change","floor":8,"gold_loss":0},{"damage_healed":0,"gold_gain":0,"player_choice":"Trade","damage_taken":0,"relics_obtained":["FaceOfCleric"],"max_hp_gain":0,"max_hp_loss":0,"event_name":"FaceTrader","floor":19,"gold_loss":0}],"is_beta":false,"boss_relics":[{"not_picked":["Runic Dome","Empty Cage"],"picked":"Philosopher\u0027s Stone"}],"items_purged_floors":[],"is_endless":false,"potions_floor_spawned":[3,11,15,20,21],"killed_by":"Centurion and Healer","ascension_level":2}}