{"host":"njruw0b0uprlitpx","time":1612635333,"event":{"mods":["2.2 Compatiblity","Aspiration","Bartender","BaseMod","Better Altar","Better Match","Better Note","Better Sensory Stone","Better Skull","Better Third Choice","BetterRewards","Block Reminder","Colored Map","Colored Powertips","Energized Spire","Jedi Mod","Keyboard Shortcuts","Magitek Elite","Minty Spire (QoL Compilation)","Quick Restart","Rare Cards Sparkle","Relic Stats","Replay The Spire","SacredBarkPlus","Spicy Shops","StSLib","SuperFastMode","The Blackbeard","The Necromancer"],"gold_per_floor":[99,99,1,1,1,1,1,208,208,208,222,222,251,269,269,343,293,307,307,4,15,31,59,59,59,59,59,59,78,17,32,65,65,143,143,162,177,195,219,231,261,261,25,25,25,25,25,41,41,41,41],"floor_reached":52,"language":"ENG","playtime":1837,"items_purged":["Regret","CommonCold"],"score":1799,"play_id":"77c16c1b-590d-42db-b6a6-041f21fa71b8","local_time":"20210206121533","is_ascension_mode":true,"campfire_choices":[{"floor":6,"key":"REST"},{"floor":10,"key":"REST"},{"data":"Slay_Living","floor":12,"key":"SMITH"},{"data":"Stop_Heart","floor":15,"key":"SMITH"},{"data":"Blood_Is_Power","floor":25,"key":"SMITH"},{"data":"Enlightenment","floor":28,"key":"SMITH"},{"floor":33,"key":"REST"},{"floor":42,"key":"REST"},{"data":"Mind Blast","floor":45,"key":"SMITH"},{"data":"Summon_Death_Knight","floor":47,"key":"SMITH"},{"floor":50,"key":"REST"}],"circlet_count":0,"master_deck":["AscendersBane","Strike_W","Strike_W","Strike_W","Strike_W","Defend_W","Defend_W","Defend_W+1","Defend_W","Negative_Energy_Arrows","Bone_Wall+1","Slay_Living+1","Spectral_Walk","Spectral_Walk","Shackles_Of_Pain","Flesh_Made_Foul","Stop_Heart+1","Vampiric_Strike","Toxic_Smoke_Screen","Strike_W","Vampiric_Strike","Hellfire+1","Toxic_Smoke_Screen","Acid_Javelin+1","Strike_from_Beyond+1","Negative_Energy_Shield","Spectral_Armor+1","Corrupt","Requiem","Flesh_Made_Foul+1","Blood_Is_Power+1","jedi:LeechingStrike","Enlightenment+1","Necrotic_Claws","Replay:BasicMightCard","Spectral_Armor+1","Summon_Death_Knight+1","AbeCurse","Spectral_Armor+1","Bone_Bullets","Deaths_Shadow","Spectral_Walk","Scare+1","Blood_Magic","jedi:LeechingStrike","Mind Blast+1","Survey Options","Negative_Energy_Shield","Madness","Madness"],"relics":["Vampire_Amulet","jedi:ominousloannote","Choco_Feather","aspiration:Lifesprig","TungstenRod","Question Card","Mango","Unceasing Top","Gremlin Food","energizedSpire:HugeHouse","Orrery","ReplayFunnel","Oddly Smooth Stone","Meat on the Bone","ReplayTheSpireMod:CursedCoin","Kunai","Abe\u0027s Treasure","jedi:gremlinknob","ReplayTheSpireMod:ShopPack","Dead Branch"],"acts_visited":["Exordium","TheCity","TheBeyond"],"potions_floor_usage":[13,16,21,23,23,32,40,51,51],"damage_taken":[{"damage":8,"enemies":"Small Slimes","floor":1,"turns":3},{"damage":4,"enemies":"Cultist","floor":4,"turns":4},{"damage":0,"enemies":"Jaw Worm","floor":5,"turns":3},{"damage":9,"enemies":"Gremlin Nob","floor":7,"turns":4},{"damage":8,"enemies":"Red Slaver","floor":11,"turns":3},{"damage":15,"enemies":"3 Sentries","floor":13,"turns":8},{"damage":6,"enemies":"3 Louse","floor":14,"turns":4},{"damage":20,"enemies":"The Guardian","floor":16,"turns":7},{"damage":7,"enemies":"Chosen","floor":18,"turns":4},{"damage":11,"enemies":"2 Thieves","floor":21,"turns":4},{"damage":5,"enemies":"Snecko","floor":22,"turns":5},{"damage":14,"enemies":"Slavers","floor":23,"turns":5},{"damage":22,"enemies":"Shelled Parasite and Fungi","floor":29,"turns":4},{"damage":1,"enemies":"Snake Plant","floor":31,"turns":2},{"damage":22,"enemies":"Book of Stabbing","floor":32,"turns":4},{"damage":38,"enemies":"Champ","floor":34,"turns":8},{"damage":2,"enemies":"Orb Walker","floor":36,"turns":4},{"damage":5,"enemies":"3 Shapes","floor":37,"turns":5},{"damage":7,"enemies":"Maw","floor":38,"turns":7},{"damage":17,"enemies":"Transient","floor":40,"turns":6},{"damage":13,"enemies":"Giant Head","floor":41,"turns":7},{"damage":15,"enemies":"Spire Growth","floor":48,"turns":3},{"damage":38,"enemies":"Awakened One","floor":51,"turns":11}],"seed_played":"-8575852646012812518","potions_obtained":[{"floor":5,"key":"Block Potion"},{"floor":11,"key":"Fire Potion"},{"floor":13,"key":"Fire Potion"},{"floor":18,"key":"Swift Potion"},{"floor":22,"key":"Explosive Potion"},{"floor":23,"key":"Dexterity Potion"},{"floor":32,"key":"SteroidPotion"},{"floor":37,"key":"GamblersBrew"},{"floor":39,"key":"Weak Potion"},{"floor":39,"key":"AttackPotion"},{"floor":48,"key":"Explosive Potion"}],"is_trial":false,"path_per_floor":["M","?","$","M","M","R","E","?","T","R","M","R","E","M","R","B",null,"M","?","$","M","M","E","?","R","?","T","R","M","$","M","E","R","B",null,"M","M","M","?","M","E","R","$","T","R","?","R","M","?","R","B",null],"character_chosen":"NECROMANCER","items_purchased":["jedi:ominousloannote","aspiration:Lifesprig","TungstenRod","Question Card","Spectral_Walk","Orrery","Block Potion","ReplayTheSpireMod:CursedCoin","Replay:BasicMightCard","AttackPotion","ReplayTheSpireMod:ShopPack"],"campfire_rested":5,"item_purchase_floors":[0,0,0,0,3,20,20,30,30,30,43],"current_hp_per_floor":[60,32,32,30,32,53,60,60,60,85,79,79,72,74,74,59,75,70,70,70,63,63,58,58,58,58,58,58,48,48,60,57,80,55,74,80,80,80,49,52,46,70,70,70,70,70,70,57,44,68,62],"gold":41,"neow_bonus":"","is_daily":false,"chose_seed":false,"campfire_upgraded":6,"win_rate":0.0,"timestamp":1612635333,"path_taken":["M","?","$","M","?","R","E","?","T","R","M","R","E","?","R","BOSS","M","?","$","M","M","E","?","R","?","T","R","?","$","M","E","R","BOSS","M","?","M","?","M","E","R","$","T","R","?","R","M","?","R","BOSS"],"items_purchased_type":["Relic","Relic","Relic","Relic","Card","Relic","Potion","Relic","Card","Potion","Relic"],"build_version":"2020-12-22","purchased_purges":2,"victory":true,"max_hp_per_floor":[71,71,71,71,71,71,85,85,85,85,85,85,85,85,85,85,80,80,80,80,80,80,80,80,80,80,80,80,80,80,80,80,80,80,80,80,80,80,80,80,80,80,80,80,80,80,80,80,80,80,80],"relic_stats":{"counters":[275,972],"Dead Branch":[18],"Kunai":[21],"Question Card":34,"obtain_stats":[{"Golden Egg":5,"jedi:zontanonomicon":29,"Spirit Poop":36,"Whetstone":12,"Ginger":0,"Bottled Tornado":9,"Sling":0,"Boot":26,"Ring of Searing":4,"Old Coin":31,"jedi:shrinkray":5,"Blood Vial":7,"Replay:Ringing Soul":16,"theForsaken:HumbleEgg":25,"jedi:firstaidkit":27,"Sundial":14,"Ribbon":0,"Fusion Hammer":36,"HandDrill":40,"Kunai":26,"Replay:Wax Seal":26,"Replay:Bottled Steam":19,"Pear":19,"Counterbalance":2,"Blue Candle":48,"Velvet Choker":17,"Eternal Feather":26,"Akabeko":28,"Runic Dome":34,"Bird Faced Urn":46,"Snecko Eye":17,"Tintinnabulum":9,"Pandora\u0027s Box":17,"Kintsugi":17,"StrikeDummy":50,"Unceasing Top":39,"Abe\u0027s Treasure":34,"Lantern":2,"Regal Pillow":13,"aspiration:Lifesprig":0,"Torii":0,"Singing Bowl":22,"Painkiller Herb":17,"Blue Doll":21,"Bag of Preparation":39,"Replay:Multitool":41,"jedi:archwizardhat":10,"Cursed Key":36,"Power_Wrist":0,"Ancient Tea Set":6,"White_Cape":0,"Pet Ghost":29,"Replay:Rubber Ducky":47,"Cleaning_Rag":28,"Matryoshka":0,"Ring of Fangs":2,"Toolbox":5,"WingedGreaves":10,"energizedSpire:HugeHouse":34,"Replay:Bottled Eggs":8,"Ring of Panic":2,"InkBottle":47,"Potion Belt":14,"Lee\u0027s Waffle":47,"Golden Idol":5,"jedi:purplefairy":0,"jedi:gremlinknob":21,"Thread and Needle":0,"PreservedInsect":19,"The Courier":25,"Protect_Vest":11,"jedi:crownofsimplicity":50,"Frozen Egg 2":40,"energizedSpire:SpiderWeb":17,"energizedSpire:DeadBattery":34,"Replay:Arrowhead":39,"Ornamental Fan":43,"Orrery":0,"Garlic":36,"Art of War":43,"Durian":0,"Bottled Lightning":12,"ReplayTheSpireMod:Ring of Challenge":2,"ReplayTheSpireMod:Onyx Gauntlets":17,"wanderingMiniBosses:Inkheart":30,"Toy Ornithopter":6,"Ice Cream":38,"Divine Protection":45,"Calipers":49,"Gremlin Horn":13,"CeramicFish":11,"Vajra":12,"jedi:command_rare":21,"Centennial Puzzle":37,"DollysMirror":23,"jedi:paperlyon":19,"Strawberry":40,"Philosopher\u0027s Stone":19,"Prayer Wheel":40,"Vampire_Amulet":0,"Iron Hammer":41,"Toxic Egg 2":10,"Girya":39,"Happy Flower":39,"ReplayTheSpireMod:CursedCoin":19,"Replay:Grab Bag":19,"Choco_Feather":0,"Astrolabe":19,"Dead Branch":44,"Oddly Smooth Stone":45,"Replay:Kaleidoscope":2,"War Paint":33,"jedi:HeartOfTheCards":33,"Question Card":0,"WarpedTongs":19,"Du-Vu Doll":6,"jedi:heavyjacket":45,"Replay:Baseball":26,"jedi:hotpepper":17,"ReplayTheSpireMod:Shallot":26,"Shuriken":11,"Bronze Scales":26,"Simple Rune":24,"Onion Ring":29,"ReplayTheSpireMod:TigerMarble":9,"Black Star":34,"Grinning Jar":50,"Meat on the Bone":12,"Pocketwatch":0,"ReplayFunnel":26,"ReplayTheSpireMod:Ring of Exchange":0,"Mango":0,"Incense Burner":0,"Juzu Bracelet":0,"jedi:Pinwheel":9,"Replay:Mystery Machine":38,"theForsaken:Gavel":0,"PrismaticShard":11,"Empty Cage":17,"ClockworkSouvenir":0,"Frozen Eye":0,"Replay:Bandana":24,"Nunchaku":8,"Chameleon Ring":31,"Mummified Hand":0,"theForsaken:Kindling":0,"Pantograph":12,"Gambling Chip":41,"jedi:matchstick":42,"Genji_Glove":0,"jedi:cryingmask":2,"Red Mask":33,"Replay:Bottled Snecko":48,"Runic Pyramid":19,"Gremlin Food":0,"BargainBundle":39,"ReplayTheSpireMod:Ninjato":0,"Replay:Towering Pillar of Hats":0,"Guide Book":37,"Replay:WaspNest":39,"Odd Mushroom":8,"Orichalcum":28,"Medical Kit":0,"White Beast Statue":40,"Calling Bell":19,"Strange Spoon":0,"Cauldron":3,"CaptainsWheel":0,"jedi:kaleidoscope":31,"jedi:ominousloannote":39,"ChewingGum":19,"Snack Pack":25,"Gem_Box":36,"Membership Card":0,"Guard_Bracelet":26,"jedi:arcanewood":30,"FossilizedHelix":19,"TungstenRod":0,"ReplayTheSpireMod:ShopPack":5},{"Golden Egg":98,"jedi:zontanonomicon":11,"Spirit Poop":60,"Whetstone":141,"Ginger":174,"Bottled Tornado":47,"Sling":20,"Boot":32,"Ring of Searing":69,"Old Coin":109,"jedi:shrinkray":119,"Blood Vial":140,"Replay:Ringing Soul":4,"theForsaken:HumbleEgg":107,"jedi:firstaidkit":11,"Sundial":27,"Ribbon":95,"Fusion Hammer":13,"HandDrill":90,"Kunai":236,"Replay:Wax Seal":55,"Replay:Bottled Steam":5,"Pear":144,"Counterbalance":1,"Blue Candle":153,"Velvet Choker":28,"Eternal Feather":10,"Akabeko":11,"Runic Dome":59,"Bird Faced Urn":196,"Snecko Eye":51,"Tintinnabulum":99,"Pandora\u0027s Box":247,"Kintsugi":51,"StrikeDummy":19,"Unceasing Top":61,"Abe\u0027s Treasure":130,"Lantern":96,"Regal Pillow":245,"aspiration:Lifesprig":252,"Torii":198,"Singing Bowl":208,"Painkiller Herb":76,"Blue Doll":144,"Bag of Preparation":15,"Replay:Multitool":194,"jedi:archwizardhat":72,"Cursed Key":35,"Power_Wrist":95,"Ancient Tea Set":177,"White_Cape":223,"Pet Ghost":57,"Replay:Rubber Ducky":153,"Cleaning_Rag":188,"Matryoshka":43,"Ring of Fangs":44,"Toolbox":201,"WingedGreaves":48,"energizedSpire:HugeHouse":149,"Replay:Bottled Eggs":3,"Ring of Panic":224,"InkBottle":18,"Potion Belt":50,"Lee\u0027s Waffle":153,"Golden Idol":139,"jedi:purplefairy":138,"jedi:gremlinknob":163,"Thread and Needle":174,"PreservedInsect":5,"The Courier":187,"Protect_Vest":121,"jedi:crownofsimplicity":42,"Frozen Egg 2":134,"energizedSpire:SpiderWeb":143,"energizedSpire:DeadBattery":215,"Replay:Arrowhead":37,"Ornamental Fan":91,"Orrery":95,"Garlic":111,"Art of War":170,"Durian":239,"Bottled Lightning":49,"ReplayTheSpireMod:Ring of Challenge":44,"ReplayTheSpireMod:Onyx Gauntlets":51,"wanderingMiniBosses:Inkheart":34,"Toy Ornithopter":202,"Ice Cream":15,"Divine Protection":16,"Calipers":221,"Gremlin Horn":74,"CeramicFish":72,"Vajra":49,"jedi:command_rare":163,"Centennial Puzzle":216,"DollysMirror":8,"jedi:paperlyon":162,"Strawberry":90,"Philosopher\u0027s Stone":5,"Prayer Wheel":193,"Vampire_Amulet":0,"Iron Hammer":169,"Toxic Egg 2":25,"Girya":169,"Happy Flower":15,"ReplayTheSpireMod:CursedCoin":29,"Replay:Grab Bag":5,"Choco_Feather":67,"Astrolabe":162,"Dead Branch":273,"Oddly Smooth Stone":92,"Replay:Kaleidoscope":139,"War Paint":34,"jedi:HeartOfTheCards":86,"Question Card":252,"WarpedTongs":233,"Du-Vu Doll":46,"jedi:heavyjacket":40,"Replay:Baseball":83,"jedi:hotpepper":124,"ReplayTheSpireMod:Shallot":146,"Shuriken":99,"Bronze Scales":55,"Simple Rune":82,"Onion Ring":128,"ReplayTheSpireMod:TigerMarble":3,"Black Star":239,"Grinning Jar":154,"Meat on the Bone":26,"Pocketwatch":118,"ReplayFunnel":210,"ReplayTheSpireMod:Ring of Exchange":95,"Mango":95,"Incense Burner":67,"Juzu Bracelet":138,"jedi:Pinwheel":178,"Replay:Mystery Machine":191,"theForsaken:Gavel":95,"PrismaticShard":99,"Empty Cage":232,"ClockworkSouvenir":95,"Frozen Eye":223,"Replay:Bandana":32,"Nunchaku":71,"Chameleon Ring":129,"Mummified Hand":118,"theForsaken:Kindling":155,"Pantograph":4,"Gambling Chip":38,"jedi:matchstick":39,"Genji_Glove":67,"jedi:cryingmask":156,"Red Mask":12,"Replay:Bottled Snecko":93,"Runic Pyramid":5,"Gremlin Food":20,"BargainBundle":15,"ReplayTheSpireMod:Ninjato":43,"Replay:Towering Pillar of Hats":43,"Guide Book":60,"Replay:WaspNest":169,"Odd Mushroom":47,"Orichalcum":164,"Medical Kit":198,"White Beast Statue":62,"Calling Bell":5,"Strange Spoon":95,"Cauldron":224,"CaptainsWheel":67,"jedi:kaleidoscope":58,"jedi:ominousloannote":61,"ChewingGum":5,"Snack Pack":251,"Gem_Box":87,"Membership Card":95,"Guard_Bracelet":107,"jedi:arcanewood":166,"FossilizedHelix":5,"TungstenRod":155,"ReplayTheSpireMod:ShopPack":119},{"Golden Egg":312,"jedi:zontanonomicon":45,"Spirit Poop":232,"Whetstone":447,"Ginger":562,"Bottled Tornado":205,"Sling":82,"Boot":140,"Ring of Searing":248,"Old Coin":344,"jedi:shrinkray":369,"Blood Vial":443,"Replay:Ringing Soul":13,"theForsaken:HumbleEgg":340,"jedi:firstaidkit":45,"Sundial":110,"Ribbon":307,"Fusion Hammer":54,"HandDrill":291,"Kunai":780,"Replay:Wax Seal":224,"Replay:Bottled Steam":19,"Pear":455,"Counterbalance":3,"Blue Candle":492,"Velvet Choker":118,"Eternal Feather":41,"Akabeko":45,"Runic Dome":231,"Bird Faced Urn":656,"Snecko Eye":217,"Tintinnabulum":314,"Pandora\u0027s Box":831,"Kintsugi":217,"StrikeDummy":76,"Unceasing Top":233,"Abe\u0027s Treasure":407,"Lantern":309,"Regal Pillow":822,"aspiration:Lifesprig":857,"Torii":670,"Singing Bowl":691,"Painkiller Herb":263,"Blue Doll":455,"Bag of Preparation":61,"Replay:Multitool":649,"jedi:archwizardhat":252,"Cursed Key":160,"Power_Wrist":307,"Ancient Tea Set":573,"White_Cape":729,"Pet Ghost":226,"Replay:Rubber Ducky":492,"Cleaning_Rag":621,"Matryoshka":193,"Ring of Fangs":196,"Toolbox":674,"WingedGreaves":208,"energizedSpire:HugeHouse":476,"Replay:Bottled Eggs":11,"Ring of Panic":732,"InkBottle":72,"Potion Belt":213,"Lee\u0027s Waffle":492,"Golden Idol":440,"jedi:purplefairy":438,"jedi:gremlinknob":531,"Thread and Needle":562,"PreservedInsect":19,"The Courier":615,"Protect_Vest":377,"jedi:crownofsimplicity":186,"Frozen Egg 2":421,"energizedSpire:SpiderWeb":453,"energizedSpire:DeadBattery":706,"Replay:Arrowhead":168,"Ornamental Fan":294,"Orrery":307,"Garlic":350,"Art of War":552,"Durian":794,"Bottled Lightning":209,"ReplayTheSpireMod:Ring of Challenge":196,"ReplayTheSpireMod:Onyx Gauntlets":217,"wanderingMiniBosses:Inkheart":153,"Toy Ornithopter":677,"Ice Cream":61,"Divine Protection":65,"Calipers":723,"Gremlin Horn":256,"CeramicFish":252,"Vajra":209,"jedi:command_rare":531,"Centennial Puzzle":708,"DollysMirror":32,"jedi:paperlyon":527,"Strawberry":291,"Philosopher\u0027s Stone":19,"Prayer Wheel":642,"Vampire_Amulet":0,"Iron Hammer":549,"Toxic Egg 2":101,"Girya":549,"Happy Flower":61,"ReplayTheSpireMod:CursedCoin":124,"Replay:Grab Bag":19,"Choco_Feather":246,"Astrolabe":527,"Dead Branch":958,"Oddly Smooth Stone":296,"Replay:Kaleidoscope":440,"War Paint":153,"jedi:HeartOfTheCards":283,"Question Card":857,"WarpedTongs":767,"Du-Vu Doll":202,"jedi:heavyjacket":180,"Replay:Baseball":275,"jedi:hotpepper":388,"ReplayTheSpireMod:Shallot":462,"Shuriken":314,"Bronze Scales":224,"Simple Rune":273,"Onion Ring":399,"ReplayTheSpireMod:TigerMarble":11,"Black Star":794,"Grinning Jar":497,"Meat on the Bone":107,"Pocketwatch":367,"ReplayFunnel":695,"ReplayTheSpireMod:Ring of Exchange":307,"Mango":307,"Incense Burner":246,"Juzu Bracelet":438,"jedi:Pinwheel":576,"Replay:Mystery Machine":635,"theForsaken:Gavel":307,"PrismaticShard":314,"Empty Cage":763,"ClockworkSouvenir":307,"Frozen Eye":729,"Replay:Bandana":140,"Nunchaku":250,"Chameleon Ring":402,"Mummified Hand":367,"theForsaken:Kindling":502,"Pantograph":13,"Gambling Chip":171,"jedi:matchstick":176,"Genji_Glove":246,"jedi:cryingmask":504,"Red Mask":48,"Replay:Bottled Snecko":301,"Runic Pyramid":19,"Gremlin Food":82,"BargainBundle":61,"ReplayTheSpireMod:Ninjato":193,"Replay:Towering Pillar of Hats":193,"Guide Book":232,"Replay:WaspNest":549,"Odd Mushroom":205,"Orichalcum":532,"Medical Kit":670,"White Beast Statue":235,"Calling Bell":19,"Strange Spoon":307,"Cauldron":732,"CaptainsWheel":246,"jedi:kaleidoscope":228,"jedi:ominousloannote":233,"ChewingGum":19,"Snack Pack":853,"Gem_Box":287,"Membership Card":307,"Guard_Bracelet":340,"jedi:arcanewood":539,"FossilizedHelix":19,"TungstenRod":502,"ReplayTheSpireMod:ShopPack":369}],"TungstenRod":93,"Unceasing Top":[18],"Meat on the Bone":12},"card_choices":[{"not_picked":["Bones_to_Steel","Shackles_Of_Pain","Death_March_Dance"],"picked":"Slay_Living","floor":1},{"not_picked":["Blood_Whip","Bone_Armor","Slay_Living"],"picked":"Shackles_Of_Pain","floor":4},{"not_picked":["Negative_Energy_Sphere","Bone_Spikes","Bone_Bullets"],"picked":"Flesh_Made_Foul","floor":5},{"not_picked":["Bone_Shift","Blood_for_Blood","Skeleton_Dragon"],"picked":"Stop_Heart","floor":7},{"not_picked":["Bones_to_Steel","Consume_Illness","Spectral_Armor"],"picked":"Vampiric_Strike","floor":11},{"not_picked":["Consume_Illness","Negative_Energy_Sphere","Negative_Energy_Javelin"],"picked":"Toxic_Smoke_Screen","floor":13},{"not_picked":["Exploit","Blood_for_Blood","Death_Coil","Negative_Energy_Javelin"],"picked":"SKIP","floor":14},{"not_picked":["Negative_Energy_Bomb","Requiem","Skeleton_Dragon"],"picked":"Hellfire","floor":16},{"not_picked":["Blood_Shield","Negative_Energy_Mist","Bone_Armor"],"picked":"Toxic_Smoke_Screen","floor":18},{"not_picked":["Slay_Living","Plague_Bolt","Bone_Bullets"],"picked":"Acid_Javelin+1","floor":20},{"not_picked":["Negative_Energy_Sphere","Summon_Undead","Toxic_Smoke_Screen"],"picked":"Strike_from_Beyond+1","floor":20},{"not_picked":["Bone_Bullets","Death_Knell","Bone_Armor"],"picked":"Negative_Energy_Shield","floor":20},{"not_picked":["Acid_Javelin","Blood_Curse","Shackles_Of_Pain"],"picked":"Spectral_Armor+1","floor":20},{"not_picked":["Flesh_Made_Foul","Spectral_Armor","Chill_Blood"],"picked":"Corrupt","floor":20},{"not_picked":["Negative_Energy_Javelin+1","Vampiric_Strike","Stop_Heart"],"picked":"Requiem","floor":21},{"not_picked":["Scare+1","Consume_Illness","Shackles_Of_Pain"],"picked":"Flesh_Made_Foul","floor":22},{"not_picked":["Bone_Armor","Negative_Energy_Sphere","Bones_to_Steel"],"picked":"Blood_Is_Power","floor":23},{"not_picked":["ReplayTheSpireMod:Private Reserves","jedi:forcepull","Metamorphosis"],"picked":"jedi:LeechingStrike","floor":24},{"not_picked":["Purity","jedi:RedIncense","Secret Weapon"],"picked":"Enlightenment","floor":24},{"not_picked":["Summon_Undead_Army","Bone_Armory","Shackles_Of_Pain"],"picked":"Necrotic_Claws","floor":29},{"not_picked":["Toxic_Smoke_Screen","Shackles_Of_Pain","Death_Coil","Bones_to_Steel+1"],"picked":"SKIP","floor":31},{"not_picked":["Bone_Armor","Negative_Energy_Sphere","Summon_Lich+1"],"picked":"Spectral_Armor+1","floor":32},{"not_picked":["Detonate_Bones","Blood_Wake","Cloudkill"],"picked":"Summon_Death_Knight","floor":34},{"not_picked":["Corrupt","Shackles_Of_Pain","Negative_Energy_Sphere+1"],"picked":"Spectral_Armor+1","floor":36},{"not_picked":["Stop_Heart","Toxic_Smoke_Screen","Bones_to_Steel"],"picked":"Bone_Bullets","floor":37},{"not_picked":["Plague_Bolt","Negative_Energy_Shield","Chill_Blood"],"picked":"Deaths_Shadow","floor":38},{"not_picked":["Death_Coil","Negative_Energy_Sphere","Scare"],"picked":"Spectral_Walk","floor":39},{"not_picked":["Negative_Energy_Bomb","Vampiric_Strike+1","Negative_Energy_Javelin"],"picked":"Scare+1","floor":40},{"not_picked":["Consume_Illness","Blood_Whip","Scare"],"picked":"Blood_Magic","floor":41},{"not_picked":["Poisoned Strike","jedi:cleanse","Midas Touch"],"picked":"jedi:LeechingStrike","floor":43},{"not_picked":["PanicButton","jedi:RedIncense","Deep Breath"],"picked":"Mind Blast","floor":43},{"not_picked":["Madness","Blind","Replay:Parry"],"picked":"Survey Options","floor":43},{"not_picked":["Blood_Shield","Bones_to_Steel+1","Uncharnel"],"picked":"Negative_Energy_Shield","floor":48}],"player_experience":1348068,"relics_obtained":[{"floor":7,"key":"Mango"},{"floor":9,"key":"Unceasing Top"},{"floor":13,"key":"Gremlin Food"},{"floor":23,"key":"ReplayFunnel"},{"floor":27,"key":"Meat on the Bone"},{"floor":32,"key":"Kunai"},{"floor":41,"key":"jedi:gremlinknob"},{"floor":44,"key":"Dead Branch"}],"event_choices":[{"damage_healed":0,"gold_gain":357,"player_choice":"GO GO GO GO ","damage_taken":37,"relics_obtained":[],"max_hp_gain":0,"max_hp_loss":0,"event_name":"betterSkull:BetterSkull","floor":2,"gold_loss":0,"cards_upgraded":[]},{"damage_healed":0,"gold_gain":275,"player_choice":"Desecrate","damage_taken":0,"max_hp_gain":0,"max_hp_loss":0,"event_name":"Golden Shrine","floor":8,"gold_loss":0,"cards_obtained":["Regret"]},{"cards_removed":["Spectral_Walk"],"damage_healed":0,"gold_gain":0,"player_choice":"Give","damage_taken":0,"max_hp_gain":0,"max_hp_loss":0,"event_name":"betterNote:BetterNote","floor":19,"gold_loss":0,"cards_obtained":["None"]},{"damage_healed":0,"gold_gain":2,"player_choice":"1","damage_taken":0,"max_hp_gain":0,"max_hp_loss":0,"event_name":"betterStone:BetterStone","floor":24,"gold_loss":0},{"damage_healed":0,"gold_gain":0,"player_choice":"Gave Potion","damage_taken":0,"relics_obtained":["Oddly Smooth Stone"],"max_hp_gain":0,"max_hp_loss":0,"event_name":"WeMeetAgain","floor":26,"gold_loss":0},{"damage_healed":0,"gold_gain":0,"player_choice":"Ignored","damage_taken":0,"max_hp_gain":0,"max_hp_loss":0,"event_name":"Mysterious Sphere","floor":46,"gold_loss":0},{"damage_healed":0,"gold_gain":0,"player_choice":"Embrace Madness","damage_taken":14,"max_hp_gain":0,"max_hp_loss":0,"event_name":"Winding Halls","floor":49,"gold_loss":0,"cards_obtained":["Madness","Madness"]}],"is_beta":false,"boss_relics":[{"not_picked":["Tiny House","Replay:Wanted Poster"],"picked":"energizedSpire:HugeHouse"},{"not_picked":["energizedSpire:DeadBattery","aspiration:SilentSkillbook"],"picked":"Abe\u0027s Treasure"}],"items_purged_floors":[20,43],"is_endless":false,"potions_floor_spawned":[5,11,13,14,18,22,23,32,37,48],"ascension_level":17}}