{"host":"61ejhfsushs0xmcl","time":1612606050,"event":{"mods":["ATMod(°¢èªMod)","Act Like it!","BaseMod","Colored Map","Gold Saver","Minty Spire (QoL Compilation)","MostiFishMod","Remilia£¨ÀÙÃ×ÀòÑÇ£©","Spicy Shops","StSLib","TestMod","[IsaacMod]ÒÔÈö¼âËþ","¡¾ÒÅÎï¿¨ÅÆ¡¿REMEMod","óô»ðÖ¸ÄÏ"],"gold_per_floor":[1122,1138,1148,1148,1148,1176,1176,878,878,878,940,970,982,993,586,688,688,715,736,835,867,877,904,914,953,953,980,990,1017,1052,1082,284,385,420,477,497,532,556,506,540,547,587,612,664,407,487,336,356,293,313,313,197,27,86,188],"floor_reached":56,"language":"ZHS","playtime":2320,"items_purged":["Defend_RM","Strike_RM","Strike_RM+1","Strike_RM+1","Defend_RM+1","StarOfDavid+1","ScarletShoot+1"],"score":2061,"play_id":"ac95ffee-a038-4e4d-a9ac-3ef0f0205027","local_time":"20210206180730","is_ascension_mode":true,"campfire_choices":[{"floor":7.0,"key":"RECALL"}],"circlet_count":0,"master_deck":["AT_ShadowStep+1","BloodRain+1","KillingBlow+1","QueenOfMidnight+1","VampirishNight+1","Maim+1","EquivalentExchange+1","ForecastOfChange+1","FitfulNightmare+1","HeartBreak+1","BloodySeventeenLaser+1","Maim+1","CeilingFear+1","MostiFishMod:Galeforce+1","Master of Strategy+1"],"relics":["ScarletHat","AT_ATBox","DaveBox","HushsDoor","UnicornStump","testmod-Hope","DSteel32","SynthV:TestCard","AT_ForceNature","TheBean","AT_BellDemon","AT_SeraphEmbrace","BelialBook","DeadEye","Omamori","Bag of Preparation","Chemical X","SalivaCoin","AT_EbonyIvory","Toxic Egg 2","Akabeko","White Beast Statue","Ornamental Fan","Void","Smiling Mask","MealTicket","Bronze Scales","Toy Ornithopter","The Courier","Red Mask","Eternal Feather","REME_CardOfGreed","Mummified Hand","PreservedInsect","RedBat","AT_ChloranthyRing","GreenFoldingFan","GuppysCollar","Matryoshka","Meat on the Bone","REME_LimitBreaker","testmod-OneHitWonder","AT_RabadonDeathcap","testmod-Muramasa","TheBible","testmod-Acrobat","Boot","AT_BellowingDragoncrestRing","AT_SpeedBoots","Membership Card","OrangePellets","ClockworkSouvenir","Art of War","Kunai","BookOfRevelations","Medical Kit","SynthV:C4","Du-Vu Doll"],"acts_visited":["Exordium","TheCity","TheBeyond","TheEnding"],"potions_floor_usage":[16,23,26,53,53,55,55,55,55,55,55],"damage_taken":[{"damage":1.0,"enemies":"Cultist","floor":1.0,"turns":3.0},{"damage":0.0,"enemies":"2 Louse","floor":2.0,"turns":1.0},{"damage":0.0,"enemies":"Small Slimes","floor":3.0,"turns":3.0},{"damage":23.0,"enemies":"Gremlin Nob","floor":6.0,"turns":5.0},{"damage":0.0,"enemies":"3 Sentries","floor":12.0,"turns":2.0},{"damage":2.0,"enemies":"2 Fungi Beasts","floor":13.0,"turns":1.0},{"damage":0.0,"enemies":"Blue Slaver","floor":14.0,"turns":2.0},{"damage":6,"enemies":"Slime Boss","floor":16,"turns":5},{"damage":22,"enemies":"2 Thieves","floor":18,"turns":1},{"damage":18,"enemies":"Chosen","floor":19,"turns":1},{"damage":19,"enemies":"Centurion and Healer","floor":21,"turns":1},{"damage":0,"enemies":"Cultist and Chosen","floor":22,"turns":1},{"damage":0,"enemies":"REME_1_Revenger","floor":23,"turns":2},{"damage":0,"enemies":"Sentry and Sphere","floor":24,"turns":1},{"damage":29,"enemies":"Slavers","floor":25,"turns":2},{"damage":0,"enemies":"REME_1_Revenger","floor":27,"turns":1},{"damage":0,"enemies":"Centurion and Healer","floor":28,"turns":1},{"damage":0,"enemies":"Gremlin Leader","floor":29,"turns":3},{"damage":1,"enemies":"Masked Bandits","floor":30,"turns":2},{"damage":0,"enemies":"Slavers","floor":31,"turns":1},{"damage":0,"enemies":"Automaton","floor":33,"turns":2},{"damage":11,"enemies":"3 Shapes","floor":35,"turns":1},{"damage":1,"enemies":"Orb Walker","floor":36,"turns":1},{"damage":16,"enemies":"Transient","floor":37,"turns":2},{"damage":1,"enemies":"Jaw Worm Horde","floor":38,"turns":1},{"damage":1,"enemies":"Nemesis","floor":40,"turns":1},{"damage":28,"enemies":"Giant Head","floor":42,"turns":1},{"damage":18,"enemies":"Reptomancer","floor":44,"turns":1},{"damage":1,"enemies":"Sphere and 2 Shapes","floor":48,"turns":1},{"damage":3,"enemies":"Donu and Deca","floor":50,"turns":1},{"damage":5,"enemies":"Shield and Spear","floor":54,"turns":1},{"damage":82,"enemies":"Delirium","floor":55,"turns":6}],"seed_played":"-6017405432242153199","potions_obtained":[{"floor":0.0,"key":"Ancient Potion"},{"floor":0.0,"key":"SpeedPotion"},{"floor":0.0,"key":"AttackPotion"},{"floor":1.0,"key":"AttackPotion"},{"floor":6.0,"key":"DistilledChaos"},{"floor":12.0,"key":"SteroidPotion"},{"floor":13.0,"key":"Swift Potion"},{"floor":14.0,"key":"testmod-SpacePotion"},{"floor":18,"key":"testmod-TestPotion"},{"floor":23,"key":"testmod-SpacePotion"},{"floor":24,"key":"Regen Potion"},{"floor":25,"key":"testmod-SpacePotion"},{"floor":27,"key":"Ancient Potion"},{"floor":28,"key":"Strength Potion"},{"floor":29,"key":"SkillPotion"},{"floor":30,"key":"Explosive Potion"},{"floor":35,"key":"Fruit Juice"},{"floor":44,"key":"GamblersBrew"},{"floor":48,"key":"Fruit Juice"},{"floor":54,"key":"SkillPotion"}],"is_trial":false,"path_per_floor":["M","M","M","?","?","E","R","$","T","?","?","E","M","M","R","B",null,"M","M","?","M","M","E","M","E","T","E","M","E","?","E","R","B",null,"M","M","M","M","$","E","?","E","T","E","$","T","R","M","R","B",null,"R","$","E","B",null],"character_chosen":"REMILIA","items_purchased":["TheBean","AT_BellDemon","Chemical X","SalivaCoin","FairyPotion","REME_CardOfGreed","Mummified Hand","PreservedInsect","RedBat","AT_ChloranthyRing","GuppysCollar","DestinyDice","testmod-TimePotion","MostiFishMod:Galeforce","AT_BellowingDragoncrestRing","Membership Card","DuplicationPotion","OrangePellets","ClockworkSouvenir","Art of War","Kunai","BookOfRevelations","Medical Kit"],"campfire_rested":0,"item_purchase_floors":[8,8,15,15,17,32,32,32,32,32,34,34,34,34,45,47,47,49,52,52,53,53,53],"current_hp_per_floor":[68,68,71,64,57,39,39,39,39,32,25,26,24,31,31,41,60,60,66,66,66,66,66,66,42,42,42,52,54,54,54,63,66,59,61,61,61,61,61,61,56,61,61,61,61,61,61,61,61,61,61,61,71,71,71],"gold":188,"neow_bonus":"THREE_SMALL_POTIONS","is_daily":false,"chose_seed":false,"campfire_upgraded":0,"win_rate":0.0,"timestamp":1612606050,"path_taken":["M","?","M","?","?","E","R","$","T","?","?","E","M","M","R","BOSS","M","M","?","M","M","E","M","E","T","E","M","E","?","E","R","BOSS","M","?","M","M","$","E","?","E","T","E","$","?","R","M","R","BOSS","R","$","E","BOSS"],"items_purchased_type":["Relic","Relic","Relic","Relic","Potion","Relic","Relic","Relic","Relic","Relic","Relic","Potion","Potion","Card","Relic","Relic","Potion","Relic","Relic","Relic","Relic","Relic","Relic"],"build_version":"2020-12-22","purchased_purges":7,"victory":true,"max_hp_per_floor":[75,75,75,75,75,75,75,75,75,75,75,75,75,75,75,75,66,66,66,66,66,66,66,66,66,66,66,66,66,66,66,66,66,61,61,61,61,61,61,61,61,61,61,61,61,61,61,61,61,61,61,61,71,71,71],"card_choices":[{"not_picked":["UnderTheZenith","CharismaGuard"],"picked":"StarOfDavid","floor":0.0},{"not_picked":["RedRainbow","MastersStateliness","NightLord"],"picked":"SKIP","floor":1.0},{"not_picked":["UnderTheZenith","GlobalNightmare","BadLadyScramble","TwelveNightmare"],"picked":"KillingBlow","floor":2.0},{"not_picked":["BloodHunter","ScarletDevil","CharismaGuard","ScarletImprint"],"picked":"Bomb","floor":3.0},{"not_picked":["VampireKiss","CurseOfVladTepes","BlasphemousPunishment","MastersStateliness"],"picked":"QueenOfMidnight","floor":6.0},{"not_picked":["ScarletImprint","UnderTheZenith","RedRainbow","CharismaGuard"],"picked":"VampirishNight","floor":12.0},{"not_picked":["UnstableMagic","ReincarnationDial","RedNightlessCastle","UnderTheZenith","RedRainbow"],"picked":"SKIP","floor":13.0},{"not_picked":["ScarletNetherworld","StarOfDavid","DevilSight","VampireSweep","Stigmanizer"],"picked":"SKIP","floor":13.0},{"not_picked":["Stigmanizer","RedRainbow","ScarletDevilSign","BombardNight"],"picked":"Maim","floor":14.0},{"not_picked":["BloodRain","BloodyCatastrophe","KillingBlow","HeartBreak"],"picked":"EquivalentExchange","floor":16},{"not_picked":["UnstableMagic+1","UltimateOffering+1","BloodyTrap+1","Stigmanizer","CharismaGuard+1"],"picked":"SKIP","floor":18},{"not_picked":["VampireKiss","RedRainbow","CharismaGuard","ScarletImprint","FavorOfDestiny+1"],"picked":"SKIP","floor":19},{"not_picked":["ScarletDevil","MastersStateliness+1","QueenOfMidnight","FavorOfDestiny+1","EmergencyRegeneration+1"],"picked":"SKIP","floor":21},{"not_picked":["MillenniumVampire+1","FavorOfDestiny+1","DiffusionOfMisfortune","NightDance","Septette+1"],"picked":"SKIP","floor":22},{"not_picked":["DevilSight+1","GlobalNightmare+1","HunterOfTheNight","ScarletImprint"],"picked":"BloodySeventeenLaser","floor":23},{"not_picked":["UnderTheZenith+1","ScarletDevil","Stigmanizer","VampireFantasy+1"],"picked":"Maim+1","floor":24},{"not_picked":["BloodyMagicSquare+1","FavorOfDestiny+1","BloodyTrap+1","BombardNight+1","ScarletDevilSign"],"picked":"SKIP","floor":25},{"not_picked":["RedRainbow+1","ScarletGensokyo+1","VampireSweep+1","EndlessAdversity","EmergencyRegeneration+1"],"picked":"SKIP","floor":27},{"not_picked":["NightDance+1","BombardNight","EndlessAdversity","MastersStateliness","Stigmanizer"],"picked":"SKIP","floor":28},{"not_picked":["ScarletDream+1","NightDance","BloodyCatastrophe+1","UnderTheZenith+1","MiserableFate+1"],"picked":"SKIP","floor":29},{"not_picked":["ScarletGensokyo+1","NightDance+1","BadLadyScramble+1","StarOfDavid","LeisurelyOfLord"],"picked":"SKIP","floor":31},{"not_picked":["EquivalentExchange","ScarletCoffin","CurseOfVladTepes","BloodyCatastrophe+1"],"picked":"CeilingFear+1","floor":33},{"not_picked":["TwelveNightmare","RedRainbow+1","Stigmanizer+1","ReincarnationDial+1","BlasphemousPunishment+1"],"picked":"SKIP","floor":35},{"not_picked":["HunterOfTheNight","StarOfDavid+1","ScarletImprint+1","BloodHunter+1","UnderTheZenith+1"],"picked":"SKIP","floor":36},{"not_picked":["MillenniumVampire+1","VampireSweep","EndlessAdversity","QueenOfMidnight","ScarletDream+1"],"picked":"SKIP","floor":37},{"not_picked":["UnderTheZenith+1","FavorOfDestiny+1","HunterOfTheNight","CharismaGuard","RedMagic+1"],"picked":"SKIP","floor":38},{"not_picked":["KillingBlow","ScarletCoffin","UnderTheZenith+1","EndlessAdversity+1","MastersStateliness"],"picked":"SKIP","floor":40},{"not_picked":["Jack Of All Trades+1","Bandage Up+1","MostiFishMod:SupremeArchaeology+1","BloodyBrimstone"],"picked":"Master of Strategy+1","floor":41},{"not_picked":["VampirishNight+1","StarOfDavid","BombardNight","BloodyHallows+1","FavorOfDestiny+1"],"picked":"SKIP","floor":42},{"not_picked":["NightDance+1","VampireSweep","BloodyTrap+1","VampireKiss+1","BloodHunter+1"],"picked":"SKIP","floor":44},{"not_picked":["BloodHunter+1","UnstableMagic+1","AfternoonTea+1","ScarletSymphony+1","EndlessAdversity+1"],"picked":"SKIP","floor":48},{"not_picked":["GlobalNightmare+1","BloodyMagicSquare+1","VampireSweep+1","BloodAndWine+1","MastersStateliness"],"picked":"SKIP","floor":54}],"player_experience":878895,"relics_obtained":[{"floor":1.0,"key":"SynthV:TestCard"},{"floor":6.0,"key":"AT_ForceNature"},{"floor":9.0,"key":"AT_ArchangelStaff"},{"floor":12.0,"key":"DeadEye"},{"floor":12.0,"key":"Omamori"},{"floor":13.0,"key":"Bag of Preparation"},{"floor":14.0,"key":"StrikeDummy"},{"floor":16,"key":"AT_EbonyIvory"},{"floor":18,"key":"Toxic Egg 2"},{"floor":19,"key":"Akabeko"},{"floor":21,"key":"testmod-BalancedPeriapt"},{"floor":22,"key":"White Beast Statue"},{"floor":23,"key":"Ornamental Fan"},{"floor":23,"key":"Void"},{"floor":24,"key":"Potion Belt"},{"floor":25,"key":"Smiling Mask"},{"floor":25,"key":"MealTicket"},{"floor":27,"key":"REME_HourglassOfDeath"},{"floor":27,"key":"Bronze Scales"},{"floor":28,"key":"Toy Ornithopter"},{"floor":29,"key":"The Courier"},{"floor":29,"key":"Ancient Tea Set"},{"floor":30,"key":"Red Mask"},{"floor":30,"key":"Eternal Feather"},{"floor":31,"key":"testmod-CyclicPeriapt"},{"floor":31,"key":"testmod-InfectionSource"},{"floor":33,"key":"Whetstone"},{"floor":35,"key":"Matryoshka"},{"floor":36,"key":"Meat on the Bone"},{"floor":37,"key":"REME_LimitBreaker"},{"floor":38,"key":"testmod-OneHitWonder"},{"floor":40,"key":"CeramicFish"},{"floor":40,"key":"AT_RabadonDeathcap"},{"floor":42,"key":"testmod-Muramasa"},{"floor":42,"key":"testmod-TurbochargingSystem"},{"floor":43,"key":"TheBible"},{"floor":43,"key":"testmod-Acrobat"},{"floor":44,"key":"REME_PuzzleBoxRelic"},{"floor":44,"key":"Boot"},{"floor":46,"key":"AT_SpeedBoots"},{"floor":46,"key":"AT_TimeSand"},{"floor":48,"key":"AT_GuinsooRageblade"},{"floor":54,"key":"SynthV:C4"},{"floor":54,"key":"Du-Vu Doll"}],"event_choices":[{"cards_removed":["Defend_RM"],"damage_healed":0.0,"max_hp_gain":0.0,"max_hp_loss":0.0,"gold_gain":0.0,"event_name":"Golden Wing","player_choice":"Card Removal","floor":4.0,"gold_loss":0.0,"damage_taken":7.0},{"damage_healed":0.0,"max_hp_gain":0.0,"max_hp_loss":0.0,"gold_gain":0.0,"event_name":"¶÷ÂåË¹µÄÅÌ×Ó","player_choice":"Ignored","floor":5.0,"gold_loss":0.0,"damage_taken":7.0},{"damage_healed":0,"gold_gain":99,"player_choice":"Stole From Cult","damage_taken":0,"max_hp_gain":0,"max_hp_loss":0,"event_name":"Nest","floor":20,"gold_loss":0},{"damage_healed":0,"gold_gain":0,"player_choice":"Fought Bandits","damage_taken":0,"max_hp_gain":0,"max_hp_loss":0,"event_name":"Masked Bandits","floor":30,"gold_loss":0},{"damage_healed":0,"gold_gain":0,"player_choice":"Memory 3","damage_taken":10,"max_hp_gain":0,"max_hp_loss":0,"event_name":"SensoryStone","floor":41,"gold_loss":0}],"is_beta":false,"boss_relics":[{"not_picked":["EE1DDrone","TimeKeys"],"picked":"Astrolabe"},{"not_picked":[]},{"not_picked":["Snecko Eye","testmod-CardMagician"],"picked":"GreenFoldingFan"},{"not_picked":[]}],"items_purged_floors":[8,15,17,32,34,39,45],"is_endless":false,"potions_floor_spawned":[1,6,12,13,14,18,23,24,25,27,28,29,30,31,33,35,36,37,38,40,42,44,48,54],"ascension_level":6}}