{"host":"c0rqchpxu0yjpthq","time":1612623900,"event":{"mods":["Arknights","BaseMod","Challenge The Spire","HololiveMod","Minty Spire (QoL Compilation)","Relic Stats","Spicy Shops","StSLib"],"gold_per_floor":[117,117,117,127,144,172,172,172,199,16,191,191,266,294,294,294,294],"floor_reached":16,"language":"ZHS","playtime":450,"items_purged":[],"score":106,"play_id":"a6c89bc7-d8ad-4f63-9e22-c5949625c075","local_time":"20210206230500","is_ascension_mode":false,"campfire_choices":[{"floor":7.0,"key":"REST"},{"floor":15,"key":"REST"}],"circlet_count":0,"master_deck":["Strike_B","Strike_B","Strike_B","Defend_B","Defend_B","Defend_B","Defend_B","Zap","Dualcast","Regret","Redo","White Noise","Shame","Doubt"],"relics":["Cracked Core","NeowsBlessing","Juzu Bracelet","Regal Pillow","Happy Flower","Anchor","Membership Card","Hololive_LightStick","Pen Nib","Pear"],"acts_visited":["Exordium"],"potions_floor_usage":[16],"damage_taken":[{"damage":0.0,"enemies":"Small Slimes","floor":1.0,"turns":1.0},{"damage":0.0,"enemies":"2 Louse","floor":4.0,"turns":1.0},{"damage":0.0,"enemies":"Cultist","floor":5.0,"turns":1.0},{"damage":71.0,"enemies":"Lagavulin","floor":6.0,"turns":9.0},{"damage":22,"enemies":"Gremlin Nob","floor":14,"turns":3},{"damage":74,"enemies":"Hexaghost","floor":16,"turns":10}],"seed_played":"1690970804364008211","potions_obtained":[{"floor":4.0,"key":"DuplicationPotion"},{"floor":5.0,"key":"Block Potion"}],"is_trial":false,"path_per_floor":["M","?","?","M","M","E","R","?","T","$","?","T","?","E","R","B"],"character_chosen":"DEFECT","items_purchased":["Membership Card","Hololive_LightStick","FairyPotion"],"campfire_rested":2,"item_purchase_floors":[10,10,10],"current_hp_per_floor":[75,75,75,75,75,4,41,34,34,34,34,34,23,11,51,4,4],"gold":294,"neow_bonus":"THREE_ENEMY_KILL","is_daily":false,"chose_seed":false,"campfire_upgraded":0,"win_rate":0.0,"timestamp":1612623900,"path_taken":["M","?","?","M","M","E","R","?","T","$","?","?","?","E","R","BOSS"],"items_purchased_type":["Relic","Relic","Potion"],"build_version":"2020-12-22","purchased_purges":0,"victory":false,"max_hp_per_floor":[75,75,75,75,75,75,75,75,75,75,75,75,75,85,85,85,85],"relic_stats":{"Regal Pillow":30,"Happy Flower":[4],"counters":[6,25],"Pen Nib":[1],"Juzu Bracelet":1,"obtain_stats":[{"Regal Pillow":6,"Anchor":9,"Hololive_LightStick":10,"Pear":14,"NeowsBlessing":0,"Happy Flower":8,"Pen Nib":12,"Juzu Bracelet":2,"Membership Card":10,"Cracked Core":0},{"Regal Pillow":4,"Anchor":4,"Hololive_LightStick":4,"Pear":5,"NeowsBlessing":0,"Happy Flower":4,"Pen Nib":4,"Juzu Bracelet":1,"Membership Card":4,"Cracked Core":0},{"Regal Pillow":12,"Anchor":12,"Hololive_LightStick":12,"Pear":15,"NeowsBlessing":0,"Happy Flower":12,"Pen Nib":12,"Juzu Bracelet":1,"Membership Card":12,"Cracked Core":0}]},"card_choices":[{"not_picked":["Compile Driver","Coolheaded","Conserve Battery"],"picked":"SKIP","floor":1.0},{"not_picked":["Conserve Battery","Stack","Leap"],"picked":"SKIP","floor":4.0},{"not_picked":["Go for the Eyes","Gash"],"picked":"White Noise","floor":5.0},{"not_picked":["Streamline","Doom and Gloom","Barrage"],"picked":"SKIP","floor":6.0},{"not_picked":["Blizzard","Sweeping Beam","Coolheaded"],"picked":"SKIP","floor":14}],"player_experience":28126,"relics_obtained":[{"floor":6.0,"key":"Regal Pillow"},{"floor":9.0,"key":"Anchor"},{"floor":12.0,"key":"Pen Nib"},{"floor":14,"key":"Pear"}],"event_choices":[{"damage_healed":0.0,"max_hp_gain":0.0,"max_hp_loss":0.0,"gold_gain":0.0,"event_name":"Big Fish","player_choice":"Box","floor":2.0,"gold_loss":0.0,"damage_taken":0.0,"relics_obtained":["Juzu Bracelet"],"cards_obtained":["Regret"]},{"damage_healed":0.0,"max_hp_gain":0.0,"max_hp_loss":0.0,"gold_gain":0.0,"cards_transformed":["Strike_B"],"event_name":"Transmorgrifier","player_choice":"Transformed","floor":3.0,"gold_loss":0.0,"damage_taken":0.0,"cards_obtained":["Redo"]},{"damage_healed":0.0,"max_hp_gain":0.0,"max_hp_loss":0.0,"gold_gain":0.0,"event_name":"Scrap Ooze","player_choice":"Success","floor":8.0,"gold_loss":0.0,"damage_taken":7.0,"relics_obtained":["Happy Flower"]},{"damage_healed":0.0,"max_hp_gain":0.0,"max_hp_loss":0.0,"gold_gain":175.0,"event_name":"Liars Game","player_choice":"AGREE","floor":11.0,"gold_loss":0.0,"damage_taken":0.0,"cards_obtained":["Doubt"]},{"damage_healed":0.0,"max_hp_gain":0.0,"max_hp_loss":0.0,"gold_gain":75.0,"event_name":"World of Goop","player_choice":"Gather Gold","floor":13.0,"gold_loss":0.0,"damage_taken":11.0}],"is_beta":false,"boss_relics":[],"items_purged_floors":[],"is_endless":false,"potions_floor_spawned":[4,5],"killed_by":"Hexaghost","ascension_level":0}}