{"host":"bwf6jt0gyax88i3l","time":1612648148,"event":{"mods":["AchievementEnabler","Act Like it!","BaseMod","Colored Map","Colored Powertips","Conspire","Downfall","Gensokyo","Hermit","Hero for Fun","Highlight Path","Hubris","Infinite Spire","Jorbs\u0027s Wanderer Trilogy","Koishi","Minty Spire (QoL Compilation)","Quick Restart","Shop Mod","StSLib","Td1madao Mod","The Administrix","The Bladedancer","The Bug Knight","The Cursed","The Mystic","The Wild Card"],"gold_per_floor":[20,20,20,38,50,78,97,107,107,122,122,122,139,173,173,173,173],"floor_reached":16,"language":"ENG","playtime":638,"items_purged":[],"score":114,"play_id":"519b1ac8-4658-47e2-b714-b010d3dff15a","local_time":"20210206134908","is_ascension_mode":false,"campfire_choices":[{"floor":12,"key":"REST"},{"floor":15,"key":"REST"}],"circlet_count":0,"master_deck":["HollowMod:NailStrikeStart","HollowMod:NailStrikeStart","HollowMod:NailStrikeStart","HollowMod:NailStrikeStart","HollowMod:QuickDashStart","HollowMod:QuickDashStart","HollowMod:QuickDashStart","HollowMod:QuickDashStart","HollowMod:FocusHealStart","HollowMod:PogoStrike","HollowMod:HornetsHelp","HollowMod:VengefulVoid","HollowMod:MothsMistake","HollowMod:DescendingDark","HollowMod:BlackTendrils","HollowMod:BlackTendrils","HollowMod:AbyssShriek","HollowMod:NewJinnsSoul"],"relics":["HollowMod:VesselMask","Kunai","HollowMod:KingsBrand"],"acts_visited":["Exordium"],"potions_floor_usage":[6,6,7,13,13,13,14],"damage_taken":[{"damage":0,"enemies":"Cultist","floor":1,"turns":4},{"damage":4,"enemies":"conspire:RoseBush","floor":4,"turns":3},{"damage":1,"enemies":"2 Louse","floor":5,"turns":2},{"damage":36,"enemies":"Gremlin Nob","floor":6,"turns":4},{"damage":4,"enemies":"Blue Slaver","floor":7,"turns":3},{"damage":2,"enemies":"3 Louse","floor":8,"turns":2},{"damage":16,"enemies":"Exordium Thugs","floor":10,"turns":4},{"damage":11,"enemies":"2 Fungi Beasts","floor":13,"turns":2},{"damage":23,"enemies":"Lagavulin","floor":14,"turns":4},{"damage":17,"enemies":"The Guardian","floor":16,"turns":4}],"seed_played":"-6437803239056970961","potions_obtained":[{"floor":4,"key":"Block Potion"},{"floor":5,"key":"champ:CounterPotion"},{"floor":6,"key":"DistilledChaos"},{"floor":11,"key":"GamblersBrew"},{"floor":11,"key":"SneckoOil"},{"floor":11,"key":"Dexterity Potion"},{"floor":13,"key":"PowerPotion"}],"is_trial":false,"path_per_floor":["M","$","?","M","M","E","M","M","T","M","?","R","M","E","R","B"],"character_chosen":"THE_BUGKNIGHT","items_purchased":[],"campfire_rested":2,"item_purchase_floors":[],"current_hp_per_floor":[75,75,75,71,70,34,30,30,30,16,16,38,29,10,32,20,20],"gold":173,"neow_bonus":"THREE_RARE_CARDS","is_daily":false,"chose_seed":false,"campfire_upgraded":0,"win_rate":0.0,"timestamp":1612648148,"path_taken":["M","$","?","M","M","E","M","M","T","M","?","R","?","E","R","BOSS"],"items_purchased_type":[],"build_version":"2020-12-22","purchased_purges":0,"victory":false,"max_hp_per_floor":[75,75,75,75,75,75,75,75,75,75,75,75,75,75,75,75,75],"card_choices":[{"not_picked":["HollowMod:SlysStrikes","HollowMod:SoulMaster"],"picked":"HollowMod:HornetsHelp","floor":0},{"not_picked":["HollowMod:NewJinnsSoul","HollowMod:NewLittleFool"],"picked":"HollowMod:VengefulVoid","floor":1},{"not_picked":["HollowMod:RecoilStrike","HollowMod:InfectedCysts"],"picked":"HollowMod:MothsMistake","floor":4},{"not_picked":["HollowMod:HowlingWraiths","HollowMod:SoulStrike"],"picked":"HollowMod:DescendingDark","floor":5},{"not_picked":["HollowMod:SoulEater","HollowMod:NewJinnsSoul","HollowMod:PerfectDash"],"picked":"SKIP","floor":6},{"not_picked":["HollowMod:CycloneSlash","HollowMod:MawleksShell"],"picked":"HollowMod:BlackTendrils","floor":7},{"not_picked":["HollowMod:TaintedHusks","HollowMod:SharpenedNail","HollowMod:InfectedCysts"],"picked":"SKIP","floor":8},{"not_picked":["HollowMod:CycloneSlash","HollowMod:InfectedAttack"],"picked":"HollowMod:BlackTendrils","floor":10},{"not_picked":["HollowMod:MothsMistake","HollowMod:LifebloodCore"],"picked":"HollowMod:AbyssShriek","floor":13},{"not_picked":["HollowMod:NewGlowingWomb","HollowMod:VengefulVoid"],"picked":"HollowMod:NewJinnsSoul","floor":14}],"player_experience":52163,"relics_obtained":[{"floor":6,"key":"Kunai"},{"floor":14,"key":"HollowMod:KingsBrand"}],"event_choices":[{"damage_healed":0,"gold_gain":0,"player_choice":"Got Potions","damage_taken":0,"max_hp_gain":0,"max_hp_loss":0,"event_name":"Lab","floor":11,"gold_loss":0}],"is_beta":false,"boss_relics":[],"items_purged_floors":[],"is_endless":false,"potions_floor_spawned":[4,5,6,13],"killed_by":"The Guardian","ascension_level":0}}