{"host":"jqa9y4qkalbx8qgz","time":1612598785,"event":{"mods":["Act Like it!","BaseMod","BetterRewards","Downfall","Gensokyo","Marisa????????","Minty Spire (QoL Compilation)","Permanent Neow","Relic Stats","Replay The Spire","StSLib","Wandering Minibosses"],"gold_per_floor":[99,116,116,128,143,178,205,140,173,199,199,62,62,74,85,182,182,82,101,116,116,143,213,213,213,13,8,26,64,64,93,103,200,200,200,213,4,22,36,36,36,70,70,87,121,137,150,177,187,187,187,216,26,26,26,26],"floor_reached":57,"language":"ENG","playtime":5899,"items_purged":["downfall:Malfunctioning","hexamod:Strike","hexamod:Strike"],"score":1627,"play_id":"1586beaa-1433-4fd5-93c9-ad6bfab097eb","local_time":"20210206110625","is_ascension_mode":true,"campfire_choices":[{"data":"hexamod:Float","floor":1.0,"key":"SMITH"},{"floor":13.0,"key":"REST"},{"floor":18.0,"key":"RECALL"},{"data":"RitualDagger","floor":26.0,"key":"SMITH"},{"data":"hexamod:ForkedFlame","floor":30.0,"key":"SMITH"},{"data":"hexamod:HexaLevel","floor":35,"key":"SMITH"},{"data":"Pot Of Greed","floor":40,"key":"SMITH"},{"data":"Pot Of Greed","floor":43,"key":"SMITH"},{"data":"Pot Of Greed","floor":54,"key":"SMITH"}],"circlet_count":0,"master_deck":["hexamod:Strike","hexamod:Strike+1","hexamod:Defend","hexamod:Defend+1","hexamod:Defend+1","hexamod:Defend","hexamod:Sear","hexamod:Float+1","hexamod:WildfireWeapon","hexamod:ShieldOfDarkness+1","hexamod:ForkedFlame+1","hexamod:FastForward","hexamod:GhostflameBarrier+1","hexamod:ShieldOfDarkness+1","hexamod:PowerFromBeyond","hexamod:NightmareGuise","hexamod:RainOfEmbers+1","hexamod:NightmareStrike+1","Pot Of Greed+1","Pot Of Greed","Pot Of Greed+1","hexamod:GhostShield","RitualDagger+1","hexamod:ShieldOfDarkness","hexamod:PowerFromBeyond","hexamod:RecurringNightmare","hexamod:RainOfEmbers","hexamod:ShieldOfDarkness+1","hexamod:HexaLevel+1","hexamod:Rewind","hexamod:SpectersWail+1","hexamod:HeatShield","Pot Of Greed+1","hexamod:AdvancingGuard","hexamod:RetreatToShadows+1","hexamod:GhostOfSpireFuture","hexamod:PhantomCloak+1","hexamod:SearingWound","hexamod:FirstSeal","hexamod:FastForward+1","hexamod:GhostflameBarrier+1","Bandage Up","hexamod:Firestarter","hexamod:FirstSeal","hexamod:FlamesFromBeyond","Pot Of Greed"],"relics":["hexamod:SpiritBrand","Smiling Mask","Tiny Chest","Mirror","Odd Mushroom","ChewingGum","downfall:HeartBlessingGreen","Grinning Jar","Pear","downfall:HeartBlessingRed","downfall:HeartBlessingBlue","hexamod:TheBrokenSeal","Blue Doll","Iron Hammer","Coffee Dripper","OrangePellets","White Beast Statue","Art of War","Sundial","StoneCalendar","StrikeDummy","FossilizedHelix","ReplayTheSpireMod:TigerMarble","BargainBundle"],"acts_visited":["Exordium","TheCity","TheBeyond","TheEnding"],"potions_floor_usage":[37,46,50,55,56,56],"damage_taken":[{"damage":0.0,"enemies":"Small Slimes","floor":2.0,"turns":3.0},{"damage":0.0,"enemies":"2 Louse","floor":4.0,"turns":3.0},{"damage":3.0,"enemies":"Jaw Worm","floor":5.0,"turns":4.0},{"damage":24.0,"enemies":"Replay:BlueRogue","floor":6.0,"turns":7.0},{"damage":2.0,"enemies":"downfall:FleeingMerchant","floor":8.0,"turns":4.0},{"damage":25.0,"enemies":"3 Sentries","floor":9.0,"turns":9.0},{"damage":18.0,"enemies":"The Mushroom Lair","floor":10.0,"turns":6.0},{"damage":0.0,"enemies":"downfall:FleeingMerchant","floor":12.0,"turns":4.0},{"damage":0.0,"enemies":"Blue Slaver","floor":14.0,"turns":3.0},{"damage":3.0,"enemies":"Large Slime","floor":15.0,"turns":6.0},{"damage":0.0,"enemies":"WA_ARCHETYPE_RETAIN","floor":16.0,"turns":6.0},{"damage":0.0,"enemies":"3 Byrds","floor":19.0,"turns":4.0},{"damage":3.0,"enemies":"Shell Parasite","floor":20.0,"turns":7.0},{"damage":9.0,"enemies":"Centurion and Healer","floor":22.0,"turns":7.0},{"damage":0.0,"enemies":"downfall:FleeingMerchant","floor":27.0,"turns":4.0},{"damage":41.0,"enemies":"3 Cultists","floor":28.0,"turns":7.0},{"damage":7.0,"enemies":"Slavers","floor":29.0,"turns":10.0},{"damage":0,"enemies":"Book of Stabbing","floor":31,"turns":5},{"damage":0,"enemies":"Snake Plant","floor":32,"turns":3},{"damage":0,"enemies":"SI_MIRROR_ARCHETYPE","floor":33,"turns":7},{"damage":0,"enemies":"Orb Walker","floor":36,"turns":2},{"damage":12,"enemies":"downfall:FleeingMerchant","floor":37,"turns":4},{"damage":1,"enemies":"3 Shapes","floor":38,"turns":2},{"damage":0,"enemies":"Transient","floor":39,"turns":5},{"damage":11,"enemies":"Giant Head","floor":42,"turns":9},{"damage":15,"enemies":"Jaw Worm Horde","floor":44,"turns":4},{"damage":3,"enemies":"Nemesis","floor":45,"turns":7},{"damage":3,"enemies":"Writhing Mass","floor":46,"turns":6},{"damage":11,"enemies":"Transient","floor":47,"turns":5},{"damage":0,"enemies":"R_Hoarder","floor":48,"turns":6},{"damage":0,"enemies":"Jaw Worm Horde","floor":49,"turns":3},{"damage":20,"enemies":"DF_ARCHETYPE_ORBS","floor":50,"turns":15},{"damage":21,"enemies":"downfall:CharBossMerchant","floor":52,"turns":10},{"damage":6,"enemies":"downfall:NeowBoss","floor":55,"turns":17},{"damage":31,"enemies":"downfall:NeowBossFinal","floor":56,"turns":11}],"seed_played":"-270540961326778097","potions_obtained":[{"floor":2.0,"key":"Milkshake"},{"floor":4.0,"key":"Strength Potion"},{"floor":9.0,"key":"Strength Potion"},{"floor":14.0,"key":"Milkshake"},{"floor":15.0,"key":"PowerPotion"},{"floor":16.0,"key":"Swift Potion"},{"floor":16.0,"key":"Guardian:BlockOnCardUsePotion"},{"floor":19.0,"key":"SkillPotion"},{"floor":22.0,"key":"Adrenaline Potion"},{"floor":27.0,"key":"FearPotion"},{"floor":28.0,"key":"Swift Potion"},{"floor":28.0,"key":"sneckomod:MuddlingPotion"},{"floor":32,"key":"DuplicationPotion"},{"floor":38,"key":"Ancient Potion"},{"floor":39,"key":"bronze:BurnAndBuffPotion"},{"floor":44,"key":"ColorlessPotion"},{"floor":45,"key":"DistilledChaos"},{"floor":46,"key":"Fire Potion"},{"floor":47,"key":"Slimebound:ThreeZeroPotion"},{"floor":48,"key":"GamblersBrew"},{"floor":52,"key":"Languid Potion"}],"is_trial":false,"path_per_floor":["R","M","?","M","M","E","T","$","E","?","?","$","R","M","M","B",null,"R","M","M","?","M","T","T","?","R","$","M","E","R","E","M","B",null,"R","M","$","M","M","R","T","E","R","M","E","M","M","E","M","B",null,"E","$","R","B","B",null],"character_chosen":"THE_SPIRIT","items_purchased":["hexamod:FourthSeal","OrangePellets","White Beast Statue","Art of War","BargainBundle","hexamod:GhostflameBarrier+1","Bandage Up","ColorlessPotion","PowerPotion","hexamod:Firestarter","hexamod:FirstSeal","hexamod:FlamesFromBeyond"],"campfire_rested":1,"item_purchase_floors":[12,37,37,37,53,53,53,53,53,53,53,53],"current_hp_per_floor":[70,70,70,70,70,53,53,58,40,29,29,36,57,64,68,70,70,70,70,70,70,68,68,78,72,82,89,55,100,100,100,100,100,100,100,100,88,87,87,87,87,76,76,61,58,55,44,44,51,38,100,86,86,86,98,77],"gold":26,"neow_bonus":"ONE_RANDOM_RARE_CARD","is_daily":false,"chose_seed":false,"campfire_upgraded":7,"win_rate":0.0,"timestamp":1612598785,"path_taken":["R","M","?","M","M","E","T","$","E","?","?","$","R","M","M","BOSS","R","M","M","?","M","?","T","?","R","$","M","E","R","E","M","BOSS","R","M","$","M","M","R","T","E","R","M","E","M","M","E","M","BOSS","E","$","R","BOSS","BOSS"],"items_purchased_type":["Card","Relic","Relic","Relic","Relic","Card","Card","Potion","Potion","Card","Card","Card"],"build_version":"2020-12-22","purchased_purges":3,"victory":true,"max_hp_per_floor":[70,70,70,70,70,70,70,70,70,70,70,70,70,70,70,70,70,70,70,70,70,70,70,80,80,90,90,90,100,100,100,100,100,100,100,100,100,100,100,100,100,100,100,100,100,100,100,100,100,100,100,100,100,100,100,100],"relic_stats":{"OrangePellets":[14],"counters":[35,215],"Sundial":[6],"Tiny Chest":1,"StoneCalendar":[236],"Art of War":[19],"Smiling Mask":150,"obtain_stats":[{"BargainBundle":53,"Pear":24,"downfall:HeartBlessingRed":26,"hexamod:TheBrokenSeal":29,"downfall:HeartBlessingGreen":18,"Blue Doll":29,"StoneCalendar":42,"Odd Mushroom":10,"Smiling Mask":6,"White Beast Statue":37,"OrangePellets":37,"downfall:HeartBlessingBlue":26,"Sundial":41,"Tiny Chest":7,"ChewingGum":17,"Iron Hammer":31,"Coffee Dripper":34,"Art of War":37,"ReplayTheSpireMod:TigerMarble":52,"Grinning Jar":21,"Mirror":9,"StrikeDummy":45,"hexamod:SpiritBrand":0,"FossilizedHelix":48},{"BargainBundle":33,"Pear":14,"downfall:HeartBlessingRed":14,"hexamod:TheBrokenSeal":17,"downfall:HeartBlessingGreen":11,"Blue Doll":17,"StoneCalendar":25,"Odd Mushroom":7,"Smiling Mask":4,"White Beast Statue":22,"OrangePellets":22,"downfall:HeartBlessingBlue":14,"Sundial":24,"Tiny Chest":4,"ChewingGum":11,"Iron Hammer":18,"Coffee Dripper":20,"Art of War":22,"ReplayTheSpireMod:TigerMarble":33,"Grinning Jar":13,"Mirror":6,"StrikeDummy":27,"hexamod:SpiritBrand":0,"FossilizedHelix":30},{"BargainBundle":187,"Pear":73,"downfall:HeartBlessingRed":73,"hexamod:TheBrokenSeal":88,"downfall:HeartBlessingGreen":55,"Blue Doll":94,"StoneCalendar":131,"Odd Mushroom":36,"Smiling Mask":17,"White Beast Statue":115,"OrangePellets":115,"downfall:HeartBlessingBlue":73,"Sundial":122,"Tiny Chest":17,"ChewingGum":55,"Iron Hammer":99,"Coffee Dripper":109,"Art of War":115,"ReplayTheSpireMod:TigerMarble":187,"Grinning Jar":66,"Mirror":30,"StrikeDummy":142,"hexamod:SpiritBrand":0,"FossilizedHelix":159}]},"card_choices":[{"not_picked":["hexamod:NightmareGuise","hexamod:HeatShield"],"picked":"hexamod:FirstSeal","floor":2.0},{"not_picked":["hexamod:EtherealExpedition","hexamod:AdvancingGuard"],"picked":"hexamod:ShieldOfDarkness","floor":4.0},{"not_picked":["hexamod:BurningTouch","hexamod:Firestarter","hexamod:SuperheatedStrike"],"picked":"SKIP","floor":5.0},{"not_picked":["hexamod:SkipABeat","hexamod:RetreatToShadows"],"picked":"hexamod:ForkedFlame","floor":6.0},{"not_picked":["hexamod:ShieldOfDarkness","hexamod:GhostShield"],"picked":"hexamod:FastForward","floor":8.0},{"not_picked":["hexamod:RainOfEmbers","hexamod:GhostOfSpireFuture"],"picked":"hexamod:GhostflameBarrier","floor":9.0},{"not_picked":["hexamod:AdvancingGuard","hexamod:SpectralAdrenaline"],"picked":"hexamod:ShieldOfDarkness","floor":10.0},{"not_picked":["hexamod:Firestarter","hexamod:UnleashSpirits","hexamod:GhostShield"],"picked":"SKIP","floor":12.0},{"not_picked":["hexamod:ShieldOfDarkness","hexamod:GhostLash"],"picked":"hexamod:PowerFromBeyond","floor":14.0},{"not_picked":["hexamod:NecessarySacrifice","hexamod:GhostShield"],"picked":"hexamod:NightmareGuise","floor":15.0},{"not_picked":["hexamod:VolcanoVisage","hexamod:HexaLevel"],"picked":"hexamod:FifthSeal","floor":16.0},{"not_picked":["hexamod:SpectersWail","hexamod:HeatShield"],"picked":"hexamod:RainOfEmbers","floor":19.0},{"not_picked":["hexamod:ThirdSeal","hexamod:FourthSeal"],"picked":"hexamod:SixthSeal","floor":19.0},{"not_picked":["hexamod:Firestarter","hexamod:SkipABeat"],"picked":"hexamod:NightmareStrike+1","floor":20.0},{"not_picked":["hexamod:FourthSeal","hexamod:FirstSeal"],"picked":"hexamod:SecondSeal","floor":20.0},{"not_picked":["hexamod:SixthSeal","hexamod:SwordOfDarkness+1"],"picked":"hexamod:GhostShield","floor":22.0},{"not_picked":["hexamod:BacktrackSmack","hexamod:GhostflameInferno"],"picked":"hexamod:ShieldOfDarkness","floor":27.0},{"not_picked":["hexamod:FirstSeal","hexamod:FourthSeal"],"picked":"hexamod:ThirdSeal","floor":27.0},{"not_picked":["hexamod:GhostShield","hexamod:FlamesFromBeyond+1"],"picked":"hexamod:PowerFromBeyond","floor":28.0},{"not_picked":["hexamod:FlamesFromBeyond","hexamod:EtherealExpedition","hexamod:NecessarySacrifice+1"],"picked":"SKIP","floor":28.0},{"not_picked":["hexamod:PhantomCloak","hexamod:SecondSeal"],"picked":"hexamod:RecurringNightmare","floor":29.0},{"not_picked":["hexamod:InspiringFlames+1","hexamod:RainOfEmbers","hexamod:SuperheatedStrike"],"picked":"SKIP","floor":29.0},{"not_picked":["hexamod:SuperheatedStrike","hexamod:AdvancingGuard+1"],"picked":"hexamod:RainOfEmbers","floor":31},{"not_picked":["hexamod:RainOfEmbers","hexamod:SkipABeat"],"picked":"hexamod:ShieldOfDarkness+1","floor":32},{"not_picked":["hexamod:UnlimitedPower","hexamod:WildfireWeapon"],"picked":"hexamod:HexaLevel","floor":33},{"not_picked":["hexamod:BurningTouch+1","hexamod:StepThrough"],"picked":"hexamod:Rewind","floor":36},{"not_picked":["hexamod:ThermalTransfer","hexamod:SkipABeat+1"],"picked":"hexamod:SpectersWail+1","floor":37},{"not_picked":["hexamod:EtherealExpedition+1","hexamod:NecessarySacrifice+1"],"picked":"hexamod:HeatShield","floor":38},{"not_picked":["hexamod:NightmareGuise","hexamod:SpectersWail+1"],"picked":"hexamod:AdvancingGuard","floor":39},{"not_picked":["hexamod:NecessarySacrifice+1","hexamod:Incineration"],"picked":"hexamod:RetreatToShadows+1","floor":42},{"not_picked":["hexamod:SoulSteal","hexamod:HauntingEcho+1"],"picked":"hexamod:GhostOfSpireFuture","floor":44},{"not_picked":["hexamod:SwordOfDarkness","hexamod:FlamesFromBeyond+1"],"picked":"hexamod:PhantomCloak+1","floor":45},{"not_picked":["hexamod:BacktrackSmack+1","hexamod:NightmareGuise"],"picked":"hexamod:SearingWound","floor":46},{"not_picked":["hexamod:SuperheatedStrike","hexamod:NightmareStrike+1","hexamod:HeatMetal"],"picked":"SKIP","floor":47},{"not_picked":["hexamod:InspiringFlames+1","hexamod:SpectralSpark+1"],"picked":"hexamod:FirstSeal","floor":48},{"not_picked":["hexamod:NightmareGuise","hexamod:ThirdSeal","hexamod:Haunt"],"picked":"SKIP","floor":48},{"not_picked":["hexamod:Firestarter","hexamod:BacktrackSmack+1","hexamod:SoulSteal+1"],"picked":"SKIP","floor":49},{"not_picked":["hexamod:CatchUp","hexamod:FlamesFromBeyond"],"picked":"hexamod:FastForward+1","floor":52}],"player_experience":358293,"relics_obtained":[{"floor":6.0,"key":"Smiling Mask"},{"floor":7.0,"key":"Tiny Chest"},{"floor":9.0,"key":"Mirror"},{"floor":10.0,"key":"Odd Mushroom"},{"floor":24.0,"key":"Pear"},{"floor":29.0,"key":"Blue Doll"},{"floor":31,"key":"Iron Hammer"},{"floor":41,"key":"Sundial"},{"floor":42,"key":"StoneCalendar"},{"floor":45,"key":"StrikeDummy"},{"floor":48,"key":"FossilizedHelix"},{"floor":52,"key":"ReplayTheSpireMod:TigerMarble"}],"event_choices":[{"damage_healed":0.0,"max_hp_gain":0.0,"max_hp_loss":0.0,"gold_gain":0.0,"event_name":"Mushrooms","player_choice":"Fought Mushrooms","floor":10.0,"gold_loss":0.0,"damage_taken":0.0}],"is_beta":false,"boss_relics":[{"not_picked":["ReplayTheSpireMod:DimensionalGlitch","bronze:MakeshiftBattery"],"picked":"ChewingGum"},{"not_picked":["Replay:Drink Me","Ring of Chaos"],"picked":"Coffee Dripper"}],"items_purged_floors":[8,12,53],"is_endless":false,"potions_floor_spawned":[2,4,9,15,16,19,22,28,32,38,39,42,44,45,46,47,48,49,52],"ascension_level":1}}