{"host":"onfdonezo2qmaex3","time":1612624976,"event":{"mods":["2.2 Compatiblity","AchievementEnabler","Aspiration","BaseMod","Better Altar","Better Match","Better Note","Better Sensory Stone","Better Skull","Better Third Choice","Colored Powertips","Downfall","Friendly Minions","Hermit","Highlight Path","Jorbs\u0027s Wanderer Trilogy","Marisa????????","Marked Mod","Minty Spire (QoL Compilation)","Quick Restart","Reliquary","Shop Mod","StSLib","The Disciple","The Hayseed","The Marked","The Runesmith"],"gold_per_floor":[109,284,284,284,61,61,96,106,106,135,135,135,160,160,160],"floor_reached":14,"language":"ENG","playtime":1097,"items_purged":["Doubt"],"score":96,"play_id":"a90526ea-7cea-4121-b28d-32d93761a640","local_time":"20210206162256","is_ascension_mode":false,"campfire_choices":[{"floor":6.0,"key":"RECALL"},{"data":"hermit:Gambit","floor":11,"key":"SMITH"}],"circlet_count":0,"master_deck":["hermit:Strike_Hermit","hermit:Strike_Hermit","hermit:Strike_Hermit","hermit:Strike_Hermit","hermit:Defend_Hermit","hermit:Defend_Hermit","hermit:Defend_Hermit","hermit:Defend_Hermit","hermit:Snapshot","hermit:Covet","hermit:Dive+1","Good Instincts","hermit:Gambit+1","hermit:Brawl"],"relics":["hermit:Momento","MerchantsRug","reliquary:PurpleTingedLeaf","Dead Branch","reliquary:NewFriend","Golden Idol"],"acts_visited":["Exordium"],"potions_floor_usage":[],"damage_taken":[{"damage":0.0,"enemies":"2 Louse","floor":1.0,"turns":3.0},{"damage":25,"enemies":"3 Sentries","floor":7,"turns":15},{"damage":2,"enemies":"Jaw Worm","floor":8,"turns":5},{"damage":36,"enemies":"Lagavulin","floor":10,"turns":13},{"damage":0,"enemies":"Small Slimes","floor":13,"turns":2},{"damage":44,"enemies":"Gremlin Nob","floor":14,"turns":5}],"seed_played":"568844230717443188","potions_obtained":[{"floor":7,"key":"bronze:BurnAndBuffPotion"},{"floor":10,"key":"ColorlessPotion"}],"is_trial":false,"path_per_floor":["M","?","?","?","$","R","E","M","T","E","R","?","M","E"],"character_chosen":"HERMIT","items_purchased":["MerchantsRug"],"campfire_rested":0,"item_purchase_floors":[5],"current_hp_per_floor":[82,82,82,82,82,82,57,57,57,26,26,26,28,0,0],"gold":160,"neow_bonus":"TEN_PERCENT_HP_BONUS","is_daily":false,"chose_seed":false,"campfire_upgraded":1,"win_rate":0.0,"timestamp":1612624976,"path_taken":["M","?","?","?","$","R","E","?","T","E","R","?","M","E"],"items_purchased_type":["Relic"],"build_version":"2020-12-22","purchased_purges":1,"victory":false,"max_hp_per_floor":[82,82,82,82,82,82,82,82,82,82,82,76,76,76,76],"card_choices":[{"not_picked":["hermit:WideOpen","hermit:CalledShot"],"picked":"hermit:Dive","floor":1.0},{"not_picked":["Discovery","Trip"],"picked":"Good Instincts","floor":3.0},{"not_picked":["hermit:CalledShot","hermit:Desperado","hermit:BodyArmor"],"picked":"SKIP","floor":7},{"not_picked":["hermit:Feint","hermit:ShadowCloak"],"picked":"hermit:Gambit","floor":8},{"not_picked":["hermit:Ricochet","hermit:Manifest"],"picked":"hermit:Brawl","floor":10},{"not_picked":["hermit:Glare","hermit:Desperado","hermit:Roulette"],"picked":"SKIP","floor":13}],"player_experience":163172,"relics_obtained":[{"floor":7,"key":"reliquary:PurpleTingedLeaf"},{"floor":9,"key":"Dead Branch"},{"floor":10,"key":"reliquary:NewFriend"}],"event_choices":[{"damage_healed":0.0,"max_hp_gain":0.0,"max_hp_loss":0.0,"gold_gain":175.0,"event_name":"betterThird:BetterSerpent","player_choice":"AGREE","floor":2.0,"gold_loss":0.0,"damage_taken":109.0},{"damage_healed":0.0,"max_hp_gain":0.0,"max_hp_loss":0.0,"gold_gain":1.0,"event_name":"betterStone:BetterStone","player_choice":"1","floor":3.0,"gold_loss":0.0,"damage_taken":0.0},{"damage_healed":0.0,"max_hp_gain":0.0,"max_hp_loss":0.0,"gold_gain":0.0,"event_name":"Upgrade Shrine","player_choice":"Upgraded","floor":4.0,"gold_loss":0.0,"damage_taken":0.0,"cards_upgraded":["hermit:Dive"]},{"damage_healed":0,"gold_gain":0,"player_choice":"Lose Max HP","damage_taken":0,"relics_obtained":["Golden Idol"],"max_hp_gain":0,"max_hp_loss":6,"event_name":"Golden Idol","floor":12,"gold_loss":0}],"is_beta":false,"boss_relics":[],"items_purged_floors":[5],"is_endless":false,"potions_floor_spawned":[7,10],"killed_by":"Gremlin Nob","ascension_level":0}}