{"host":"a3wpq7kyokchzawk","time":1612637971,"event":{"mods":["BaseMod","Colored Map","Highlight Path","Minty Spire (QoL Compilation)","Permanent Neow","Potion Indicator Mod","Relic Stats","Weighted Paths"],"gold_per_floor":[369,383,383,54,69,82,82,115,140,162,187,205,205,216,216,294,294,312,331,331,331,7,25,55,55,82,117,134,165,165,178,178,249,249,267,1266,1266,1266,1282,1317,1317,1342,1366,1381,1395,1426,1436,1448,1448,1448,1448,1448],"floor_reached":51,"language":"ENG","playtime":7041,"items_purged":[],"score":1618,"play_id":"b5d3055c-60f6-4b59-9a7c-299ee29e9ddc","local_time":"20210206165931","is_ascension_mode":true,"campfire_choices":[{"data":"Metallicize","floor":7.0,"key":"SMITH"},{"data":"Clothesline","floor":13.0,"key":"SMITH"},{"data":"Evolve","floor":15.0,"key":"SMITH"},{"floor":25.0,"key":"REST"},{"data":"Demon Form","floor":30.0,"key":"SMITH"},{"data":"Battle Trance","floor":32.0,"key":"SMITH"},{"data":"Offering","floor":41.0,"key":"SMITH"},{"floor":49.0,"key":"RECALL"}],"circlet_count":0,"master_deck":["AscendersBane","Strike_R","Strike_R","Defend_R","Defend_R","Defend_R","Defend_R","Bash+1","Hemokinesis","Metallicize+1","Reaper","Battle Trance+1","Clothesline+1","Evolve+1","Demon Form+1","Pommel Strike","Rampage","Pummel","Battle Trance+1","Armaments+1","Juggernaut","Offering+1","Heavy Blade","Juggernaut"],"relics":["Burning Blood","Vajra","OrangePellets","Ancient Tea Set","Blood Vial","Odd Mushroom","Potion Belt","Snecko Eye","Nunchaku","Regal Pillow","Singing Bowl","Smiling Mask","Orichalcum","Lantern","Busted Crown","Du-Vu Doll","Mummified Hand","Red Skull"],"acts_visited":["Exordium","TheCity","TheBeyond"],"potions_floor_usage":[50],"damage_taken":[{"damage":7.0,"enemies":"2 Louse","floor":1.0,"turns":3.0},{"damage":2.0,"enemies":"Cultist","floor":2.0,"turns":4.0},{"damage":16.0,"enemies":"Small Slimes","floor":5.0,"turns":4.0},{"damage":9.0,"enemies":"Blue Slaver","floor":6.0,"turns":4.0},{"damage":15.0,"enemies":"3 Sentries","floor":8.0,"turns":11.0},{"damage":22.0,"enemies":"The Mushroom Lair","floor":10.0,"turns":4.0},{"damage":31.0,"enemies":"Lagavulin","floor":11.0,"turns":6.0},{"damage":11.0,"enemies":"Exordium Thugs","floor":12.0,"turns":3.0},{"damage":10.0,"enemies":"Looter","floor":14.0,"turns":2.0},{"damage":34.0,"enemies":"The Guardian","floor":16.0,"turns":12.0},{"damage":51.0,"enemies":"3 Byrds","floor":18.0,"turns":7.0},{"damage":12.0,"enemies":"Chosen","floor":19.0,"turns":5.0},{"damage":4.0,"enemies":"Snecko","floor":23.0,"turns":5.0},{"damage":37.0,"enemies":"Book of Stabbing","floor":24.0,"turns":5.0},{"damage":35.0,"enemies":"Gremlin Leader","floor":27.0,"turns":5.0},{"damage":20.0,"enemies":"Centurion and Healer","floor":28.0,"turns":5.0},{"damage":28.0,"enemies":"Book of Stabbing","floor":29.0,"turns":4.0},{"damage":8.0,"enemies":"Snake Plant","floor":31.0,"turns":4.0},{"damage":6.0,"enemies":"Champ","floor":33.0,"turns":7.0},{"damage":42.0,"enemies":"3 Darklings","floor":35.0,"turns":6.0},{"damage":16.0,"enemies":"3 Shapes","floor":39.0,"turns":8.0},{"damage":41.0,"enemies":"Reptomancer","floor":40.0,"turns":5.0},{"damage":24.0,"enemies":"Giant Head","floor":42.0,"turns":5.0},{"damage":34.0,"enemies":"Spire Growth","floor":44.0,"turns":5.0},{"damage":29.0,"enemies":"4 Shapes","floor":45.0,"turns":5.0},{"damage":55.0,"enemies":"Reptomancer","floor":46.0,"turns":6.0},{"damage":15.0,"enemies":"Writhing Mass","floor":47.0,"turns":4.0},{"damage":35.0,"enemies":"Jaw Worm Horde","floor":48.0,"turns":3.0},{"damage":86,"enemies":"Donu and Deca","floor":50,"turns":6},{"damage":33,"enemies":"Awakened One","floor":51,"turns":3}],"seed_played":"-2317451742107911595","potions_obtained":[{"floor":2.0,"key":"DistilledChaos"},{"floor":5.0,"key":"Weak Potion"},{"floor":11.0,"key":"Explosive Potion"},{"floor":14.0,"key":"AttackPotion"},{"floor":18.0,"key":"Strength Potion"},{"floor":23.0,"key":"SpeedPotion"},{"floor":28.0,"key":"Ancient Potion"},{"floor":31.0,"key":"DuplicationPotion"},{"floor":35.0,"key":"Energy Potion"},{"floor":40.0,"key":"Fruit Juice"},{"floor":46.0,"key":"LiquidMemories"}],"is_trial":false,"path_per_floor":["M","M","?","$","M","M","R","E","T","?","E","M","R","M","R","B",null,"M","M","?","?","$","M","E","R","T","E","M","E","R","M","R","B",null,"M","?","?","?","M","E","R","E","T","M","M","E","M","M","R","B","B"],"character_chosen":"IRONCLAD","items_purchased":["Vajra","OrangePellets","Nunchaku","Regal Pillow"],"campfire_rested":1,"item_purchase_floors":[4,4,22,22],"current_hp_per_floor":[67,68,68,68,58,55,55,46,46,46,30,35,35,38,38,17,55,25,34,34,34,34,43,32,68,68,59,70,64,64,74,74,74,74,57,57,57,57,59,83,83,67,67,56,64,83,91,64,64,21,0,0],"gold":1448,"neow_bonus":"TWO_FIFTY_GOLD","is_daily":false,"chose_seed":false,"campfire_upgraded":6,"win_rate":0.0,"timestamp":1612637971,"path_taken":["M","M","?","$","?","M","R","E","T","?","E","M","R","M","R","BOSS","M","M","?","?","$","M","E","R","T","E","?","E","R","M","R","BOSS","M","?","?","?","M","E","R","E","T","M","?","E","M","M","R","BOSS","BOSS"],"items_purchased_type":["Relic","Relic","Relic","Relic"],"build_version":"2020-12-22","purchased_purges":0,"victory":false,"max_hp_per_floor":[68,68,68,68,68,68,68,68,68,68,68,68,68,68,68,68,68,68,68,68,68,68,68,70,70,70,72,72,74,74,74,74,74,74,76,76,76,76,78,83,83,85,85,87,89,89,91,93,93,93,93,93],"relic_stats":{"Regal Pillow":15,"Singing Bowl":20,"counters":[30,156],"Orichalcum":[180],"Smiling Mask":0,"Burning Blood":162,"Blood Vial":42,"OrangePellets":[33],"Nunchaku":[17],"Busted Crown":18,"Mummified Hand":[50],"Snecko Eye":[105,101,104,106],"obtain_stats":[{"Potion Belt":11,"Regal Pillow":22,"Lantern":29,"Singing Bowl":24,"Vajra":4,"Odd Mushroom":10,"Orichalcum":27,"Ancient Tea Set":8,"Smiling Mask":26,"Burning Blood":0,"Blood Vial":9,"Du-Vu Doll":40,"OrangePellets":4,"Nunchaku":22,"Busted Crown":34,"Mummified Hand":42,"Snecko Eye":17,"Red Skull":46},{"Potion Belt":7,"Regal Pillow":12,"Lantern":17,"Singing Bowl":14,"Vajra":2,"Odd Mushroom":6,"Orichalcum":15,"Ancient Tea Set":5,"Smiling Mask":14,"Burning Blood":0,"Blood Vial":5,"Du-Vu Doll":22,"OrangePellets":2,"Nunchaku":12,"Busted Crown":19,"Mummified Hand":23,"Snecko Eye":10,"Red Skull":26},{"Potion Belt":36,"Regal Pillow":65,"Lantern":89,"Singing Bowl":75,"Vajra":7,"Odd Mushroom":30,"Orichalcum":80,"Ancient Tea Set":26,"Smiling Mask":75,"Burning Blood":0,"Blood Vial":26,"Du-Vu Doll":119,"OrangePellets":7,"Nunchaku":65,"Busted Crown":100,"Mummified Hand":124,"Snecko Eye":53,"Red Skull":140}]},"card_choices":[{"not_picked":["Flex","Clash","Iron Wave"],"picked":"SKIP","floor":1.0},{"not_picked":["Twin Strike","Perfected Strike"],"picked":"Hemokinesis","floor":2.0},{"not_picked":["Hemokinesis","Iron Wave"],"picked":"Metallicize","floor":5.0},{"not_picked":["Clash","Body Slam","Flex"],"picked":"SKIP","floor":6.0},{"not_picked":["Pommel Strike","Entrench"],"picked":"Reaper","floor":8.0},{"not_picked":["Burning Pact","Heavy Blade"],"picked":"Battle Trance","floor":11.0},{"not_picked":["Wild Strike","Burning Pact"],"picked":"Clothesline","floor":12.0},{"not_picked":["Body Slam","True Grit"],"picked":"Evolve","floor":14.0},{"not_picked":["Juggernaut","Limit Break"],"picked":"Demon Form","floor":16.0},{"not_picked":["Havoc","Flex","Headbutt"],"picked":"SKIP","floor":18.0},{"not_picked":["Rupture","Perfected Strike"],"picked":"Pommel Strike","floor":19.0},{"not_picked":["Havoc","Dropkick+1"],"picked":"Battle Trance+1","floor":23.0},{"not_picked":["Sword Boomerang+1","Ghostly Armor","Flex"],"picked":"Singing Bowl","floor":24.0},{"not_picked":["Clothesline","Sword Boomerang","True Grit"],"picked":"Singing Bowl","floor":27.0},{"not_picked":["Perfected Strike","Pommel Strike+1"],"picked":"Armaments+1","floor":28.0},{"not_picked":["Havoc","Warcry+1","Rupture"],"picked":"Singing Bowl","floor":29.0},{"not_picked":["Perfected Strike","Wild Strike"],"picked":"Juggernaut","floor":31.0},{"not_picked":["Immolate","Impervious"],"picked":"Offering","floor":33.0},{"not_picked":["Headbutt"],"picked":"Singing Bowl","floor":35.0},{"not_picked":["Cleave"],"picked":"Singing Bowl","floor":39.0},{"not_picked":[],"picked":"Heavy Blade","floor":40.0},{"not_picked":["Cleave+1"],"picked":"Singing Bowl","floor":42.0},{"not_picked":["Anger"],"picked":"Singing Bowl","floor":44.0},{"not_picked":["Thunderclap"],"picked":"Singing Bowl","floor":45.0},{"not_picked":[],"picked":"Juggernaut","floor":46.0},{"not_picked":["Pummel+1"],"picked":"Singing Bowl","floor":47.0},{"not_picked":["Shrug It Off"],"picked":"Singing Bowl","floor":48.0}],"player_experience":2648183,"relics_obtained":[{"floor":8.0,"key":"Ancient Tea Set"},{"floor":9.0,"key":"Blood Vial"},{"floor":10.0,"key":"Odd Mushroom"},{"floor":11.0,"key":"Potion Belt"},{"floor":24.0,"key":"Singing Bowl"},{"floor":26.0,"key":"Smiling Mask"},{"floor":27.0,"key":"Orichalcum"},{"floor":29.0,"key":"Lantern"},{"floor":40.0,"key":"Du-Vu Doll"},{"floor":42.0,"key":"Mummified Hand"},{"floor":46.0,"key":"Red Skull"}],"event_choices":[{"damage_healed":0.0,"max_hp_gain":0.0,"max_hp_loss":0.0,"gold_gain":0.0,"event_name":"Upgrade Shrine","player_choice":"Upgraded","floor":3.0,"gold_loss":0.0,"damage_taken":0.0,"cards_upgraded":["Bash"]},{"damage_healed":0.0,"max_hp_gain":0.0,"max_hp_loss":0.0,"gold_gain":0.0,"event_name":"Mushrooms","player_choice":"Fought Mushrooms","floor":10.0,"gold_loss":0.0,"damage_taken":0.0},{"damage_healed":0.0,"max_hp_gain":0.0,"max_hp_loss":0.0,"gold_gain":0.0,"cards_transformed":["Strike_R","Strike_R"],"event_name":"Drug Dealer","player_choice":"Became Test Subject","floor":20.0,"gold_loss":0.0,"damage_taken":0.0,"cards_obtained":["Rampage","Pummel"]},{"cards_removed":["Strike_R"],"damage_healed":0.0,"max_hp_gain":0.0,"max_hp_loss":0.0,"gold_gain":0.0,"event_name":"Bonfire Elementals","player_choice":"Offered Basic","floor":21.0,"gold_loss":0.0,"damage_taken":0.0},{"damage_healed":0.0,"max_hp_gain":0.0,"max_hp_loss":0.0,"gold_gain":999.0,"event_name":"MindBloom","player_choice":"Gold","floor":36.0,"gold_loss":0.0,"damage_taken":0.0,"cards_obtained":["Normality","Normality"]},{"damage_healed":0.0,"max_hp_gain":0.0,"max_hp_loss":0.0,"gold_gain":0.0,"event_name":"Tomb of Lord Red Mask","player_choice":"Ignored","floor":37.0,"gold_loss":0.0,"damage_taken":0.0},{"cards_removed":["Normality","Normality"],"damage_healed":0.0,"max_hp_gain":0.0,"max_hp_loss":0.0,"gold_gain":0.0,"event_name":"Fountain of Cleansing","player_choice":"Removed Curses","floor":38.0,"gold_loss":0.0,"damage_taken":0.0}],"is_beta":false,"boss_relics":[{"not_picked":["Pandora\u0027s Box","Astrolabe"],"picked":"Snecko Eye"},{"not_picked":["Coffee Dripper","Empty Cage"],"picked":"Busted Crown"}],"items_purged_floors":[],"is_endless":false,"potions_floor_spawned":[2,5,11,14,18,23,28,31,35,40,46],"killed_by":"Awakened One","ascension_level":20}}