{"host":"s2ap0bnrs90y0f0j","time":1612637425,"event":{"mods":["BaseMod","Minty Spire (QoL Compilation)","StSLib","TheBandit"],"gold_per_floor":[113,123,133,133,83,83,114,114,114,131,131,142,154,219,219,318,318,335,29,42,42,42,67,67,67,67],"floor_reached":24,"language":"ENG","playtime":1287,"items_purged":["wariomod:Strike"],"score":259,"play_id":"c05280e8-3650-41b8-b3fd-a0b1c17a371f","local_time":"20210206135025","is_ascension_mode":true,"campfire_choices":[{"data":"wariomod:BoomAndDoom","floor":6,"key":"SMITH"},{"data":"wariomod:SilenceBombs","floor":8,"key":"SMITH"},{"data":"wariomod:Enshrine","floor":15,"key":"SMITH"}],"circlet_count":0,"master_deck":["wariomod:Strike+1","wariomod:Strike+1","wariomod:Defend+1","wariomod:Defend+1","wariomod:Defend+1","wariomod:Step","wariomod:Leap+1","wariomod:BoomAndDoom+1","wariomod:DropBash+1","wariomod:SilenceBombs+1","wariomod:Game","wariomod:BigUpgrade+1","wariomod:Enshrine+1","wariomod:SilenceBombs","wariomod:WipeClean"],"relics":["wariomod:TheHat","Gremlin Horn","Smiling Mask","Whetstone","wariomod:PropellerHat","Question Card","wariomod:AngryHat"],"acts_visited":["Exordium","TheCity"],"potions_floor_usage":[12,23,24],"damage_taken":[{"damage":3,"enemies":"Cultist","floor":1,"turns":3},{"damage":5,"enemies":"Small Slimes","floor":2,"turns":2},{"damage":0,"enemies":"Jaw Worm","floor":3,"turns":3},{"damage":5,"enemies":"Lagavulin","floor":7,"turns":4},{"damage":3,"enemies":"Lots of Slimes","floor":10,"turns":2},{"damage":1,"enemies":"3 Louse","floor":12,"turns":2},{"damage":5,"enemies":"Blue Slaver","floor":13,"turns":3},{"damage":13,"enemies":"Gremlin Nob","floor":14,"turns":3},{"damage":9,"enemies":"Hexaghost","floor":16,"turns":7},{"damage":0,"enemies":"Chosen","floor":18,"turns":5},{"damage":29,"enemies":"2 Thieves","floor":20,"turns":3},{"damage":61,"enemies":"Book of Stabbing","floor":23,"turns":6},{"damage":8,"enemies":"Snake Plant","floor":24,"turns":2}],"seed_played":"6912071491558354265","potions_obtained":[{"floor":7,"key":"AttackPotion"},{"floor":10,"key":"Strength Potion"},{"floor":13,"key":"Dexterity Potion"},{"floor":14,"key":"BlessingOfTheForge"},{"floor":20,"key":"Regen Potion"}],"is_trial":false,"path_per_floor":["M","M","M","$","?","R","E","R","T","M","?","M","M","?","R","B",null,"M","$","M","?","?","E","M"],"character_chosen":"THE_BANDIT","items_purchased":["Question Card"],"campfire_rested":0,"item_purchase_floors":[19],"current_hp_per_floor":[77,72,72,72,72,72,67,67,67,64,64,63,58,45,45,36,80,80,80,51,51,51,5,0,0,0],"gold":67,"neow_bonus":"ONE_RANDOM_RARE_CARD","is_daily":false,"chose_seed":false,"campfire_upgraded":3,"win_rate":0.0,"timestamp":1612637425,"path_taken":["M","?","M","$","?","R","E","R","T","M","?","M","?","?","R","BOSS","M","$","M","?","?","E","M"],"items_purchased_type":["Relic"],"build_version":"2020-12-22","purchased_purges":1,"victory":false,"max_hp_per_floor":[80,80,80,80,80,80,80,80,80,80,80,80,80,80,80,80,80,80,80,80,80,80,80,80,80,80],"card_choices":[{"not_picked":["wariomod:DoubleDash","wariomod:SmackSlam"],"picked":"wariomod:DropBash","floor":1},{"not_picked":["wariomod:TempestBlasts","wariomod:DisarmingMoves","wariomod:EndlessBlast"],"picked":"SKIP","floor":2},{"not_picked":["wariomod:BigUpgrade","wariomod:DropBash","wariomod:SpikeSlash"],"picked":"SKIP","floor":3},{"not_picked":["wariomod:Bombshield","wariomod:DropBash"],"picked":"wariomod:SilenceBombs","floor":7},{"not_picked":["wariomod:SpaceSwap","wariomod:GreaterGuard"],"picked":"wariomod:Game","floor":10},{"not_picked":["wariomod:BlastDash","wariomod:DiceyMove"],"picked":"wariomod:Enshrine","floor":12},{"not_picked":["wariomod:BodyBlock","wariomod:BlastDash","wariomod:Game"],"picked":"SKIP","floor":13},{"not_picked":["wariomod:TempestBlasts","wariomod:SpikeSlash"],"picked":"wariomod:SilenceBombs","floor":14},{"not_picked":["wariomod:FabulousPrizes","wariomod:MassiveParty"],"picked":"wariomod:WipeClean","floor":16},{"not_picked":["wariomod:BoomBoom","wariomod:Leapslam","wariomod:TrekTime"],"picked":"SKIP","floor":18},{"not_picked":["wariomod:Goblast+1","wariomod:BlastDash+1","wariomod:DeepDig","wariomod:Leapslam+1"],"picked":"SKIP","floor":20},{"not_picked":["wariomod:Goblast+1","wariomod:BlastDash+1","wariomod:DeepDig","wariomod:Leapslam+1"],"picked":"SKIP","floor":20},{"not_picked":["wariomod:BodyBlock","wariomod:Hopshield","wariomod:Immortalize+1","wariomod:VeryLongJump"],"picked":"SKIP","floor":23}],"player_experience":529177,"relics_obtained":[{"floor":7,"key":"Gremlin Horn"},{"floor":9,"key":"Smiling Mask"},{"floor":14,"key":"Whetstone"},{"floor":23,"key":"wariomod:AngryHat"}],"event_choices":[{"cards_removed":["wariomod:Defend"],"damage_healed":0,"gold_gain":0,"player_choice":"Card Removal","damage_taken":0,"max_hp_gain":0,"max_hp_loss":0,"event_name":"The Cleric","floor":5,"gold_loss":50},{"damage_healed":0,"gold_gain":0,"cards_transformed":["wariomod:Strike"],"player_choice":"Transformed","damage_taken":0,"max_hp_gain":0,"max_hp_loss":0,"event_name":"Transmorgrifier","floor":11,"gold_loss":0,"cards_obtained":["wariomod:BigUpgrade"]},{"damage_healed":0,"gold_gain":0,"player_choice":"Searched \u00271\u0027 times","damage_taken":0,"max_hp_gain":0,"max_hp_loss":0,"event_name":"Dead Adventurer","floor":14,"gold_loss":0},{"damage_healed":0,"gold_gain":0,"player_choice":"Simplicity","damage_taken":0,"max_hp_gain":0,"max_hp_loss":0,"event_name":"Back to Basics","floor":21,"gold_loss":0,"cards_upgraded":["wariomod:Strike","wariomod:Strike","wariomod:Defend","wariomod:Defend","wariomod:Defend"]},{"damage_healed":0,"gold_gain":0,"player_choice":"Upgraded","damage_taken":0,"max_hp_gain":0,"max_hp_loss":0,"event_name":"Upgrade Shrine","floor":22,"gold_loss":0,"cards_upgraded":["wariomod:BigUpgrade"]}],"is_beta":false,"boss_relics":[{"not_picked":["Snecko Eye","wariomod:SuperHat"],"picked":"wariomod:PropellerHat"}],"items_purged_floors":[19],"is_endless":false,"potions_floor_spawned":[7,10,13,14,20],"killed_by":"Snake Plant","ascension_level":4}}