{"host":"hgp4s9chziw0zf0g","time":1612608921,"event":{"mods":["BaseMod","BetterRewards","Defuse TimeMaze Blight","Downfall","GifTheSpireLib","Hubris","Infinite Spire","Mimic Mod","Minty Spire (QoL Compilation)","Remove Card Discount Mod","Replay The Spire","StSLib","Stuff the Spire","Synergy Search","The Jungle"],"gold_per_floor":[209,232,246,262,262,275,275,304,316,328,350,362,172,172,172,292,292,305,326,326,345,345,345,366,381,450,176,176,176,191,207,207,207,207],"floor_reached":33,"language":"ENG","playtime":1807,"items_purged":["Strike_G","Strike_G","Strike_G","Strike_G","Defend_G","Defend_G","Defend_G","Defend_G","Defend_G"],"score":249,"play_id":"e9236502-e4f0-4b43-abf7-7432e050a32b","local_time":"20210206045521","is_ascension_mode":false,"campfire_choices":[{"data":"Bouncing Flask","floor":7,"key":"SMITH"},{"floor":12,"key":"REST"},{"floor":15,"key":"REST"},{"data":"Bane","floor":28,"key":"SMITH"},{"data":"Storm of Steel","floor":32,"key":"SMITH"}],"circlet_count":0,"master_deck":["Survivor","Bane+1","Infinite Blades+1","Blur","Bouncing Flask+1","Corpse Explosion","StuffTheSpire:Injection","Poisoned Stab","Blade Dance","Blade Dance","Atom Bomb","Toxin Wave","StuffTheSpire:Python+1","Corpse Explosion","Blind","Writhe","Storm of Steel+1"],"relics":["Ring of the Snake","Smiling Mask","MawBank","StuffTheSpire:NeowsTribute","Toolbox","Golden Idol","Coffee Dripper","hubris:Icosahedron","infinitespire:EmpoweringShard","Membership Card","Shovel"],"acts_visited":["Exordium","Exordium"],"potions_floor_usage":[8,11,25,31,33,33],"damage_taken":[{"damage":0,"enemies":"Cultist","floor":1,"turns":4},{"damage":4,"enemies":"Jaw Worm","floor":3,"turns":5},{"damage":0,"enemies":"2 Louse","floor":4,"turns":3},{"damage":19,"enemies":"Gremlin Gang","floor":6,"turns":11},{"damage":8,"enemies":"Lagavulin","floor":8,"turns":4},{"damage":20,"enemies":"Exordium Thugs","floor":11,"turns":4},{"damage":16,"enemies":"The Guardian","floor":16,"turns":7},{"damage":14,"enemies":"theJungle:5_Spyders","floor":18,"turns":6},{"damage":11,"enemies":"theJungle:GiantWrat","floor":19,"turns":3},{"damage":16,"enemies":"theJungle:SlimyTreeVines","floor":21,"turns":3},{"damage":0,"enemies":"theJungle:2_Snecko_Cultists","floor":24,"turns":2},{"damage":10,"enemies":"theJungle:Lyon","floor":25,"turns":3},{"damage":4,"enemies":"theJungle:JungleHuntersEncounter","floor":30,"turns":2},{"damage":8,"enemies":"theJungle:SlimyTreeVines","floor":31,"turns":4},{"damage":19,"enemies":"theJungle:QueenSpyder","floor":33,"turns":7}],"seed_played":"-3304395239582212615","potions_obtained":[{"floor":1,"key":"Strength Potion"},{"floor":8,"key":"Swift Potion"},{"floor":18,"key":"Flashbang"},{"floor":19,"key":"Strength Potion"},{"floor":21,"key":"Adrenaline Potion"},{"floor":31,"key":"SkillPotion"}],"is_trial":false,"path_per_floor":["M","T","M","M","?","M","R","E","T","?","M","R","$","?","R","B",null,"M","M","?","M","?","?","M","M","T","$","R","?","M","M","R","B"],"character_chosen":"THE_SILENT","items_purchased":["Blade Dance","Toolbox","Membership Card","Corpse Explosion","Blind"],"campfire_rested":2,"item_purchase_floors":[13,13,27,27,27],"current_hp_per_floor":[70,70,66,66,66,47,47,39,39,39,19,40,40,40,61,45,70,56,45,45,32,32,32,32,22,22,22,22,22,18,16,16,0,0],"gold":207,"neow_bonus":"HUNDRED_GOLD","is_daily":false,"chose_seed":false,"campfire_upgraded":3,"win_rate":0.0,"timestamp":1612608921,"path_taken":["M","?","M","M","?","M","R","E","T","?","?","R","$","?","R","BOSS","M","M","?","?","?","?","?","M","T","?","R","?","M","M","R","BOSS"],"items_purchased_type":["Card","Relic","Relic","Card","Card"],"build_version":"2020-12-22","purchased_purges":9,"victory":false,"max_hp_per_floor":[70,70,70,70,70,70,70,70,70,70,70,70,70,70,70,70,70,70,70,70,70,70,70,70,70,70,70,70,70,70,70,70,70,70],"card_choices":[{"not_picked":["Acrobatics","StuffTheSpire:Injection"],"picked":"Bane","floor":1},{"not_picked":["Backflip","Deflect"],"picked":"Infinite Blades","floor":3},{"not_picked":["StuffTheSpire:Fury","PiercingWail"],"picked":"Blur","floor":4},{"not_picked":["Flying Knee","Deflect"],"picked":"Bouncing Flask","floor":6},{"not_picked":["Bouncing Flask","StuffTheSpire:Python"],"picked":"Corpse Explosion","floor":8},{"not_picked":["Dagger Throw","StuffTheSpire:BumpUp"],"picked":"Poisoned Stab","floor":11},{"not_picked":["Night Terror","Grand Finale"],"picked":"Atom Bomb","floor":16},{"not_picked":["Sucker Punch+1","Flying Knee","Riddle With Holes"],"picked":"SKIP","floor":18},{"not_picked":["StuffTheSpire:BumpUp","Masterful Stab+1"],"picked":"Toxin Wave","floor":19},{"not_picked":["Slice","StuffTheSpire:ClusterCrunch+1","Cloak And Dagger"],"picked":"SKIP","floor":21},{"not_picked":["Poisoned Stab","Dagger Throw","StuffTheSpire:ClusterCrunch"],"picked":"SKIP","floor":24},{"not_picked":["ReplayTheSpireMod:Speed Training","Prepared"],"picked":"StuffTheSpire:Python+1","floor":25},{"not_picked":["Dodge and Roll","StuffTheSpire:ClusterCrunch","Leg Sweep"],"picked":"SKIP","floor":30},{"not_picked":["Flechettes+1","Acrobatics"],"picked":"Storm of Steel","floor":31}],"player_experience":486392,"relics_obtained":[{"floor":2,"key":"Smiling Mask"},{"floor":8,"key":"MawBank"},{"floor":9,"key":"StuffTheSpire:NeowsTribute"},{"floor":26,"key":"infinitespire:EmpoweringShard"}],"event_choices":[{"damage_healed":0,"gold_gain":0,"player_choice":"Grow","damage_taken":0,"max_hp_gain":0,"max_hp_loss":0,"event_name":"Living Wall","floor":5,"gold_loss":0,"cards_upgraded":["Infinite Blades"]},{"damage_healed":0,"gold_gain":0,"cards_transformed":["Strike_G"],"player_choice":"Transformed","damage_taken":0,"max_hp_gain":0,"max_hp_loss":0,"event_name":"Transmorgrifier","floor":10,"gold_loss":0,"cards_obtained":["StuffTheSpire:Injection"]},{"damage_healed":0,"gold_gain":0,"player_choice":"Take Wound","damage_taken":0,"relics_obtained":["Golden Idol"],"max_hp_gain":0,"max_hp_loss":0,"event_name":"Golden Idol","floor":14,"gold_loss":0,"cards_obtained":["Injury"]},{"cards_removed":["Injury"],"damage_healed":0,"gold_gain":0,"player_choice":"Removed Curses","damage_taken":0,"max_hp_gain":0,"max_hp_loss":0,"event_name":"Fountain of Cleansing","floor":20,"gold_loss":0},{"cards_removed":["Neutralize"],"damage_healed":0,"gold_gain":0,"player_choice":"Card Removal","damage_taken":0,"max_hp_gain":0,"max_hp_loss":0,"event_name":"Wheel of Change","floor":23,"gold_loss":0}],"is_beta":false,"boss_relics":[{"not_picked":["ChewingGum","Empty Cage"],"picked":"Coffee Dripper"}],"items_purged_floors":[13,13,13,13,13,13,13,13,13],"is_endless":false,"potions_floor_spawned":[1,8,18,19,21,31],"killed_by":"theJungle:QueenSpyder","ascension_level":0}}