{"host":"edan538w829056nc","time":1612654027,"event":{"mods":["AchievementEnabler","BaseMod","Custom Start","Highlight Path","Infinite Spire","Minty Spire (QoL Compilation)","Remilia??????","StSLib"],"gold_per_floor":[111,125,125,300,300,315,330,15,89,14,14,14,29,46,46,46,46],"floor_reached":16,"language":"ENG","playtime":456,"items_purged":["Doubt"],"score":110,"play_id":"3c6915c4-c91e-4539-a624-445cb891f108","local_time":"20210207002707","is_ascension_mode":true,"campfire_choices":[{"data":"1","floor":15,"key":"LIFT"}],"circlet_count":0,"master_deck":["Strike_P","Strike_P","Strike_P","Strike_P","Defend_P","Defend_P","Defend_P+1","Defend_P","Eruption+1","Vigilance+1","FlurryOfBlows","ClearTheMind","LessonLearned"],"relics":["PureWater","Girya","Ornamental Fan"],"acts_visited":["Exordium"],"potions_floor_usage":[13,16],"damage_taken":[{"damage":3,"enemies":"Small Slimes","floor":1,"turns":3},{"damage":5,"enemies":"2 Louse","floor":2,"turns":3},{"damage":4,"enemies":"Jaw Worm","floor":6,"turns":5},{"damage":9,"enemies":"Blue Slaver","floor":7,"turns":3},{"damage":5,"enemies":"Exordium Thugs","floor":13,"turns":4},{"damage":3,"enemies":"Large Slime","floor":14,"turns":5},{"damage":36,"enemies":"The Guardian","floor":16,"turns":7}],"seed_played":"-3750421964258895100","potions_obtained":[{"floor":2,"key":"Fire Potion"},{"floor":7,"key":"PowerPotion"},{"floor":13,"key":"GamblersBrew"}],"is_trial":false,"path_per_floor":["M","M","?","?","?","M","M","$","T","$","?","$","M","M","R","B"],"character_chosen":"WATCHER","items_purchased":["Girya"],"campfire_rested":0,"item_purchase_floors":[8],"current_hp_per_floor":[69,64,50,50,50,46,37,37,37,37,42,42,37,34,34,0,0],"gold":46,"neow_bonus":"UPGRADE_CARD","is_daily":false,"chose_seed":false,"campfire_upgraded":0,"win_rate":0.0,"timestamp":1612654027,"path_taken":["M","M","?","?","?","M","M","$","T","?","?","$","M","M","R","BOSS"],"items_purchased_type":["Relic"],"build_version":"2020-12-22","purchased_purges":1,"victory":false,"max_hp_per_floor":[72,72,72,72,72,72,72,72,72,72,77,77,77,77,77,77,77],"card_choices":[{"not_picked":["Indignation","BowlingBash","JustLucky"],"picked":"SKIP","floor":1},{"not_picked":["Pray","CutThroughFate"],"picked":"FlurryOfBlows","floor":2},{"not_picked":["JustLucky","Crescendo"],"picked":"ClearTheMind","floor":6},{"not_picked":["EmptyFist","Wireheading","DeceiveReality"],"picked":"SKIP","floor":7},{"not_picked":["EmptyFist","Wireheading","DeceiveReality"],"picked":"SKIP","floor":7},{"not_picked":["Vengeance","ThirdEye","Meditate"],"picked":"SKIP","floor":13},{"not_picked":["DeceiveReality","CarveReality"],"picked":"LessonLearned","floor":14}],"player_experience":477089,"relics_obtained":[{"floor":9,"key":"Ornamental Fan"}],"event_choices":[{"damage_healed":0,"gold_gain":0,"player_choice":"Entered Light","damage_taken":14,"max_hp_gain":0,"max_hp_loss":0,"event_name":"Shining Light","floor":3,"gold_loss":0,"cards_upgraded":["Defend_P","Vigilance"]},{"damage_healed":0,"gold_gain":175,"player_choice":"AGREE","damage_taken":0,"max_hp_gain":0,"max_hp_loss":0,"event_name":"Liars Game","floor":4,"gold_loss":0,"cards_obtained":["Doubt"]},{"damage_healed":0,"gold_gain":0,"player_choice":"Donut","damage_taken":0,"max_hp_gain":5,"max_hp_loss":0,"event_name":"Big Fish","floor":11,"gold_loss":0}],"is_beta":false,"boss_relics":[],"items_purged_floors":[10],"is_endless":false,"potions_floor_spawned":[2,7,13],"killed_by":"The Guardian","ascension_level":4}}