{"host":"7rmsgc3rayi00cdt","time":1612614072,"event":{"mods":["BaseMod","Minty Spire (QoL Compilation)"],"gold_per_floor":[114,114,94,105,30,30,49,49,49,76,90,90,122,132,132,233,233,233,233,253,253,253],"floor_reached":21,"language":"ENG","playtime":773,"items_purged":["Regret"],"score":255,"play_id":"c4ad5c35-2a91-4a6d-b944-ca92c6a99c14","local_time":"20210206122112","is_ascension_mode":true,"campfire_choices":[{"data":"Searing Blow","floor":6,"key":"SMITH"},{"data":"Searing Blow+1","floor":8,"key":"SMITH"},{"data":"Searing Blow+2","floor":12,"key":"SMITH"},{"floor":15,"key":"REST"}],"circlet_count":0,"master_deck":["Strike_R","Strike_R","Strike_R","Strike_R","Strike_R","Defend_R","Defend_R","Defend_R","Defend_R","Bash","Searing Blow+3","Pommel Strike","True Grit","Warcry","Shrug It Off","Thunderclap","Armaments","Battle Trance","Double Tap","Flex"],"relics":["Burning Blood","Prayer Wheel","MealTicket","TungstenRod","Bag of Preparation","Bird Faced Urn","SlaversCollar"],"acts_visited":["Exordium","TheCity"],"potions_floor_usage":[13,13,16,20],"damage_taken":[{"damage":6,"enemies":"Cultist","floor":1,"turns":4},{"damage":6,"enemies":"Small Slimes","floor":4,"turns":3},{"damage":7,"enemies":"Jaw Worm","floor":7,"turns":3},{"damage":34,"enemies":"Gremlin Nob","floor":10,"turns":5},{"damage":1,"enemies":"Exordium Wildlife","floor":11,"turns":3},{"damage":31,"enemies":"Lagavulin","floor":13,"turns":4},{"damage":7,"enemies":"Blue Slaver","floor":14,"turns":4},{"damage":26,"enemies":"Slime Boss","floor":16,"turns":9},{"damage":0,"enemies":"Spheric Guardian","floor":18,"turns":3},{"damage":21,"enemies":"Shell Parasite","floor":20,"turns":3},{"damage":54,"enemies":"Chosen and Byrds","floor":21,"turns":7}],"seed_played":"6780104087465377817","potions_obtained":[{"floor":3,"key":"ElixirPotion"},{"floor":4,"key":"SteroidPotion"},{"floor":11,"key":"Regen Potion"},{"floor":13,"key":"Energy Potion"},{"floor":14,"key":"AttackPotion"}],"is_trial":false,"path_per_floor":["M","?","?","M","$","R","M","R","T","E","M","R","E","M","R","B",null,"M","?","M","M"],"character_chosen":"IRONCLAD","items_purchased":[],"campfire_rested":1,"item_purchase_floors":[],"current_hp_per_floor":[72,72,72,72,72,72,71,71,71,43,48,48,35,34,55,35,63,69,69,54,0,0],"gold":253,"neow_bonus":"ONE_RARE_RELIC","is_daily":false,"chose_seed":false,"campfire_upgraded":3,"win_rate":0.0,"timestamp":1612614072,"path_taken":["M","?","?","?","?","R","?","R","T","E","M","R","E","M","R","BOSS","M","?","M","M"],"items_purchased_type":[],"build_version":"2020-12-22","purchased_purges":1,"victory":false,"max_hp_per_floor":[72,72,72,72,72,72,72,72,72,72,72,72,72,72,72,72,72,72,72,72,72,72],"card_choices":[{"not_picked":["Pommel Strike","Cleave"],"picked":"Searing Blow","floor":1},{"not_picked":["Feel No Pain","Perfected Strike"],"picked":"Pommel Strike","floor":1},{"not_picked":["Whirlwind","Perfected Strike"],"picked":"True Grit","floor":4},{"not_picked":["Twin Strike","Heavy Blade"],"picked":"Warcry","floor":4},{"not_picked":["Barricade","Pummel"],"picked":"Shrug It Off","floor":7},{"not_picked":["True Grit","Warcry","Infernal Blade"],"picked":"SKIP","floor":7},{"not_picked":["Flex","Wild Strike"],"picked":"Thunderclap","floor":10},{"not_picked":["Heavy Blade","Iron Wave"],"picked":"Armaments","floor":11},{"not_picked":["Thunderclap","Havoc","Perfected Strike"],"picked":"SKIP","floor":11},{"not_picked":["Rampage","Sword Boomerang","Cleave"],"picked":"SKIP","floor":13},{"not_picked":["Pommel Strike","Cleave"],"picked":"Battle Trance","floor":14},{"not_picked":["Blood for Blood","Evolve","Heavy Blade"],"picked":"SKIP","floor":14},{"not_picked":["Bludgeon","Corruption"],"picked":"Double Tap","floor":16},{"not_picked":["Cleave","Pummel+1","Entrench+1"],"picked":"SKIP","floor":18},{"not_picked":["Clash","Headbutt","Searing Blow"],"picked":"SKIP","floor":18},{"not_picked":["Clash","Perfected Strike+1"],"picked":"Flex","floor":20},{"not_picked":["Body Slam","Twin Strike+1","Perfected Strike"],"picked":"SKIP","floor":20}],"player_experience":807763,"relics_obtained":[{"floor":9,"key":"TungstenRod"},{"floor":10,"key":"Bag of Preparation"},{"floor":13,"key":"Bird Faced Urn"}],"event_choices":[{"damage_healed":0,"gold_gain":0,"player_choice":"Box","damage_taken":0,"relics_obtained":["MealTicket"],"max_hp_gain":0,"max_hp_loss":0,"event_name":"Big Fish","floor":2,"gold_loss":0,"cards_obtained":["Regret"]},{"damage_healed":0,"gold_gain":0,"player_choice":"Bought 1 Potion","damage_taken":0,"max_hp_gain":0,"max_hp_loss":0,"event_name":"The Woman in Blue","floor":3,"gold_loss":0},{"damage_healed":0,"gold_gain":0,"player_choice":"Ignored","damage_taken":0,"max_hp_gain":0,"max_hp_loss":0,"event_name":"Cursed Tome","floor":19,"gold_loss":0}],"is_beta":false,"boss_relics":[{"not_picked":["Runic Dome","Mark of Pain"],"picked":"SlaversCollar"}],"items_purged_floors":[5],"is_endless":false,"potions_floor_spawned":[4,11,13,14],"killed_by":"Chosen and Byrds","ascension_level":7}}