{"host":"9qgbal69wq5palas","time":1612654902,"event":{"mods":["2.2 Compatiblity","Abigail Mod","AchievementEnabler","Act Like it!","Aspiration","Astrologer","Bartender","BaseMod","Better Altar","Better Note","Better Skull","Better Third Choice","Colored Powertips","Hallownest","Hermit","Highlight Path","Hubris","Infinite Spire","Jorbs\u0027s Wanderer Trilogy","Koishi","Lobotomy","Minty Spire (QoL Compilation)","Potionbrewer","Quick Restart","Random Character Button","Replay The Spire","Shade Mod","Shop Mod","Spicy Shops","StSLib","The Animator","The Bug Knight","The Cursed","The Disciple","The Exalted","The Hierophant","The Necromancer","The Servant 0.9.4","Wandering Minibosses"],"gold_per_floor":[117,86,86,97,108,142,160,160,160,189,189,199,210,244,244,339,339,352,352,60,43,43,43,76,91,91,126,126,153,153,153,153,258,258,335,257,277,297,308,333,333,362,362,362,362],"floor_reached":44,"language":"ENG","playtime":2436,"items_purged":[],"score":765,"play_id":"45bf1a79-de8f-406a-8aed-bfdefc8d57a3","local_time":"20210207004142","is_ascension_mode":true,"campfire_choices":[{"data":"SpecialBullet","floor":15,"key":"PURGE"},{"floor":32,"key":"RECALL"}],"circlet_count":0,"master_deck":["Apo_SoulSlash","Apo_Charge","Apo_Charge","Apo_Charge","HereticApostle","Apo_Beam","Apo_Beam","Apo_Beam","Apo_Execute","Apo_Slash","Apo_Slash","Apo_SoulSlash","BloodyDesire+1","LaLuna","BlackSwan","GoldRush","Noise","ReplayTheSpireMod:Chaos Vortex","BlackArmy","Mimicry","TT2Protocol","WhiteNight","Ecstasy+1","Freischutz","Logging+1","Lamp","BodiesMountain","Horn+1","CENSORED_ego+1"],"relics":["CogitoBucket","RabbitCall","Gremlin Horn","Mango","Replay:Kaleidoscope","LuminousBracelet","Mercury Hourglass","hubris:Backtick","Replay:Ringing Soul","infinitespire:Golems Mask","ChangeAnything","ApostleMask","aspiration:ChemicalBlood","Ginger","ReplayTheSpireMod:Shallot","Replay:Wax Seal","Frozen Eye","Bromod:ArcaneEnergize","AtMidnight","AspirationHeart","ClockworkSouvenir","infinitespire:Lucky Rock","Chameleon Ring","Blue Doll"],"acts_visited":["Exordium","TheCity","TheBeyond"],"potions_floor_usage":[12,21,27,33,33,35,42],"damage_taken":[{"damage":19,"enemies":"Jaw Worm","floor":1,"turns":3},{"damage":3,"enemies":"Cultist","floor":4,"turns":4},{"damage":0,"enemies":"Small Slimes","floor":5,"turns":1},{"damage":41,"enemies":"Lagavulin","floor":6,"turns":6},{"damage":0,"enemies":"Exordium Wildlife","floor":7,"turns":2},{"damage":10,"enemies":"3 Sentries","floor":10,"turns":3},{"damage":29,"enemies":"2 Fungi Beasts","floor":12,"turns":5},{"damage":0,"enemies":"Large Slime","floor":13,"turns":3},{"damage":30,"enemies":"Lagavulin","floor":14,"turns":5},{"damage":37,"enemies":"Hexaghost","floor":16,"turns":5},{"damage":12,"enemies":"Chosen","floor":18,"turns":4},{"damage":68,"enemies":"Spheric Guardian","floor":21,"turns":7},{"damage":36,"enemies":"Slavers","floor":24,"turns":3},{"damage":0,"enemies":"Snecko","floor":25,"turns":2},{"damage":26,"enemies":"Book of Stabbing","floor":27,"turns":3},{"damage":21,"enemies":"Gremlin Leader","floor":29,"turns":3},{"damage":11,"enemies":"Automaton","floor":33,"turns":5},{"damage":1,"enemies":"3 Shapes","floor":35,"turns":7},{"damage":0,"enemies":"3 Darklings","floor":37,"turns":3},{"damage":0,"enemies":"Sphere and 2 Shapes","floor":38,"turns":2},{"damage":0,"enemies":"4 Shapes","floor":39,"turns":2},{"damage":0,"enemies":"Reptomancer","floor":40,"turns":4},{"damage":30,"enemies":"Giant Head","floor":42,"turns":6},{"damage":32,"enemies":"Transient","floor":44,"turns":2}],"seed_played":"5106396891463412624","potions_obtained":[{"floor":1,"key":"Swift Potion"},{"floor":5,"key":"Milkshake"},{"floor":7,"key":"FearPotion"},{"floor":12,"key":"Fruit Juice"},{"floor":13,"key":"Ancient Potion"},{"floor":24,"key":"SkillPotion"},{"floor":25,"key":"Adrenaline Potion"},{"floor":27,"key":"Flashbang"},{"floor":33,"key":"Fruit Juice"},{"floor":33,"key":"Explosive Potion"},{"floor":35,"key":"potionbrewer:ToxicPotion"},{"floor":40,"key":"Adrenaline Potion"},{"floor":42,"key":"Adrenaline Potion"}],"is_trial":false,"path_per_floor":["M","$","?","M","M","E","M","R","T","E","T","M","M","E","R","B",null,"M","?","$","M","M","R","E","M","T","E","R","E","?","AVR","R","B",null,"M","$","M","M","M","E","R","E","T","M"],"character_chosen":"Angela","items_purchased":["Horn","infinitespire:Golems Mask","ClockworkSouvenir"],"campfire_rested":0,"item_purchase_floors":[2,20,36],"current_hp_per_floor":[52,52,52,57,63,36,50,50,64,68,68,73,89,75,75,62,97,100,100,100,58,58,58,103,103,103,77,77,56,56,56,56,45,45,44,44,44,44,44,44,44,15,15,0,0],"gold":362,"neow_bonus":"THREE_RARE_CARDS","is_daily":false,"chose_seed":false,"campfire_upgraded":0,"win_rate":0.0,"timestamp":1612654902,"path_taken":["M","$","?","M","M","E","M","R","T","E","?","M","M","E","R","BOSS","M","?","$","?","M","R","E","M","T","E","R","E","?","AVR","R","BOSS","M","?","M","M","?","E","R","E","T","M"],"items_purchased_type":["Card","Relic","Relic"],"build_version":"2020-12-22","purchased_purges":0,"victory":false,"max_hp_per_floor":[63,63,63,63,63,63,63,63,77,77,77,97,97,97,97,97,97,100,100,100,103,103,103,106,106,106,113,113,120,123,126,126,138,138,155,155,145,152,155,152,152,155,155,155,155],"card_choices":[{"not_picked":["CENSORED_ego","TheSmile"],"picked":"Twilight","floor":0},{"not_picked":["Murderer","BigBird"],"picked":"UniverseFragment","floor":1},{"not_picked":["Regret_ego"],"picked":"RedEyes","floor":1},{"not_picked":["BearPaw","Noise"],"picked":"SKIP","floor":1},{"not_picked":["Porccubus","BigBird"],"picked":"Scorched","floor":4},{"not_picked":["FeatherOfHonor"],"picked":"Wingbeat","floor":4},{"not_picked":["Horn","FrostShard"],"picked":"SKIP","floor":4},{"not_picked":["CUTE"],"picked":"WristCuter","floor":5},{"not_picked":["Wellcheers","CrumblingArmor"],"picked":"OldLady","floor":6},{"not_picked":["SomewhereSpear"],"picked":"Pinks","floor":6},{"not_picked":["Wingbeat","RedEyes"],"picked":"SKIP","floor":6},{"not_picked":["Soda"],"picked":"Penitence","floor":7},{"not_picked":["CrimsonScar","Reverberation"],"picked":"SKIP","floor":7},{"not_picked":["Noise"],"picked":"WristCuter","floor":10},{"not_picked":["Soda","Loneliness"],"picked":"SKIP","floor":10},{"not_picked":["BlueScar","Tough"],"picked":"SKIP","floor":12},{"not_picked":["Regret_ego"],"picked":"ScreamingWedge","floor":13},{"not_picked":["Penitence","Harmony"],"picked":"SKIP","floor":14},{"not_picked":["Loneliness","Pleasure"],"picked":"SKIP","floor":14},{"not_picked":["Mimicry"],"picked":"Twilight","floor":16},{"not_picked":["LittlePrince","Bloodbath"],"picked":"Freischutz","floor":16},{"not_picked":["Pinks"],"picked":"SoundOfStar","floor":16},{"not_picked":["VoidDream","HappyTeddy"],"picked":"WhiteNight","floor":18},{"not_picked":["TodaysExpression+1"],"picked":"CherryBlossom","floor":18},{"not_picked":["Beak"],"picked":"WristCuter","floor":21},{"not_picked":["Beak","FourthMatchFlame"],"picked":"SKIP","floor":21},{"not_picked":["CENSORED_ego"],"picked":"BloodyDesire+1","floor":24},{"not_picked":["RapturousDream","BloodyDesire"],"picked":"SKIP","floor":25},{"not_picked":["PunishingBird","Rudolta"],"picked":"LaLuna","floor":27},{"not_picked":["InTheNameOfLoveAndHate","RedEyes"],"picked":"SKIP","floor":27},{"not_picked":["DreamingCurrent","MHz"],"picked":"BlackSwan","floor":29},{"not_picked":["RedEyes","RapturousDream"],"picked":"GoldRush","floor":29},{"not_picked":["Porccubus","HappyTeddy"],"picked":"BlackArmy","floor":33},{"not_picked":["Justitia","Pinks"],"picked":"Mimicry","floor":33},{"not_picked":["FieryBird","LittleHelper"],"picked":"WhiteNight","floor":35},{"not_picked":["TodaysExpression","Beak"],"picked":"Ecstasy+1","floor":35},{"not_picked":["FourthMatchFlame","Loneliness","Christmas"],"picked":"SKIP","floor":37},{"not_picked":["LittleHelper","SilentOrchestra","BlueStar"],"picked":"Singing Bowl","floor":38},{"not_picked":["FieryBird","LongBird"],"picked":"Freischutz","floor":38},{"not_picked":["RedEyes","CherryBlossom+1"],"picked":"Logging+1","floor":38},{"not_picked":["CherryBlossoms","DespairKnight","Bloodbath"],"picked":"Singing Bowl","floor":39},{"not_picked":["Hornet","SomewhereSpear+1"],"picked":"Lamp","floor":39},{"not_picked":["Mercenary","GreedKing"],"picked":"BodiesMountain","floor":40},{"not_picked":["ScreamingWedge","Justitia"],"picked":"Horn+1","floor":40},{"not_picked":["BigBadWolf","PunishingBird","HappyTeddy"],"picked":"Singing Bowl","floor":42},{"not_picked":["Penitence+1","TodaysExpression+1"],"picked":"CENSORED_ego+1","floor":42}],"player_experience":2729850,"relics_obtained":[{"floor":6,"key":"Gremlin Horn"},{"floor":9,"key":"Mango"},{"floor":10,"key":"Replay:Kaleidoscope"},{"floor":14,"key":"Mercury Hourglass"},{"floor":24,"key":"aspiration:ChemicalBlood"},{"floor":26,"key":"Ginger"},{"floor":27,"key":"ReplayTheSpireMod:Shallot"},{"floor":29,"key":"Replay:Wax Seal"},{"floor":35,"key":"AtMidnight"},{"floor":40,"key":"infinitespire:Lucky Rock"},{"floor":42,"key":"Chameleon Ring"},{"floor":43,"key":"Blue Doll"}],"event_choices":[{"cards_removed":["SpecialBullet"],"damage_healed":0,"gold_gain":0,"player_choice":"Forget","damage_taken":0,"max_hp_gain":0,"max_hp_loss":0,"event_name":"Living Wall","floor":3,"gold_loss":0},{"cards_removed":["SpecialBullet"],"damage_healed":0,"gold_gain":0,"player_choice":"Purged","damage_taken":0,"max_hp_gain":0,"max_hp_loss":0,"event_name":"Purifier","floor":19,"gold_loss":0}],"is_beta":false,"boss_relics":[{"not_picked":["Velvet Choker","aspiration:IroncladSkillbook"],"picked":"hubris:Backtick"},{"not_picked":["Bromod:ArcaneBarrier","Replay:Wanted Poster"],"picked":"Bromod:ArcaneEnergize"}],"items_purged_floors":[],"is_endless":false,"potions_floor_spawned":[1,5,7,12,13,24,25,27,33,35,37,39,40],"killed_by":"Transient","ascension_level":4}}