{"host":"qeogwbudlaqzb6hy","time":1612600040,"event":{"mods":["BaseMod","Minty Spire (QoL Compilation)","StSLib","The Runesmith"],"gold_per_floor":[117,133,143,158,158,168,168,197,197,197,197,215,215,215,215,314,314,314,229,229,229,216,216,248,173,173,173,173,193,221,221,221],"floor_reached":31,"language":"ENG","playtime":2332,"items_purged":["Writhe"],"score":273,"play_id":"87cf5496-5e6b-4dc3-862c-c737f5ea3434","local_time":"20210206182720","is_ascension_mode":false,"campfire_choices":[{"data":"Runesmith:UnlimitedPower","floor":7,"key":"SMITH"},{"floor":10,"key":"REST"},{"data":"Runesmith:HammerThrow","floor":13,"key":"SMITH"},{"floor":15,"key":"REST"},{"floor":23,"key":"REST"},{"floor":27,"key":"REST"}],"circlet_count":0,"master_deck":["Runesmith:Strike_RS","Runesmith:Strike_RS","Runesmith:Strike_RS","Runesmith:Defend_RS","Runesmith:Defend_RS","Runesmith:Defend_RS","Runesmith:Defend_RS","Runesmith:CraftFirestone","Runesmith:Fortify","Runesmith:Grindstone","Runesmith:UnstableHammer","Runesmith:CreatorForm","Runesmith:HammerThrow+1","Runesmith:UnlimitedPower+1","Runesmith:Repurpose","Runesmith:CraftMagma","Runesmith:Supernova","Necronomicurse","Runesmith:Discharge","Runesmith:StaticCage+1","Runesmith:EnergizedChisel","Runesmith:NegativeSpace+1"],"relics":["Runesmith:BrokenRuby","Lantern","Runesmith:AutoHammer","Blood Vial","SlaversCollar","InkBottle","Gremlin Horn","Necronomicon","Thread and Needle","Calipers","Centennial Puzzle"],"acts_visited":["Exordium","TheCity"],"potions_floor_usage":[8,8,16,18,24,30],"damage_taken":[{"damage":0,"enemies":"2 Louse","floor":1,"turns":4},{"damage":1,"enemies":"Small Slimes","floor":2,"turns":4},{"damage":0,"enemies":"Cultist","floor":3,"turns":4},{"damage":0,"enemies":"Red Slaver","floor":4,"turns":6},{"damage":9,"enemies":"Lots of Slimes","floor":6,"turns":5},{"damage":49,"enemies":"Gremlin Nob","floor":8,"turns":5},{"damage":4,"enemies":"Looter","floor":12,"turns":4},{"damage":25,"enemies":"Hexaghost","floor":16,"turns":7},{"damage":0,"enemies":"Shell Parasite","floor":18,"turns":1},{"damage":24,"enemies":"2 Thieves","floor":22,"turns":4},{"damage":42,"enemies":"Gremlin Leader","floor":24,"turns":8},{"damage":42,"enemies":"3 Cultists","floor":29,"turns":8},{"damage":9,"enemies":"Book of Stabbing","floor":30,"turns":9},{"damage":26,"enemies":"Cultist and Chosen","floor":31,"turns":6}],"seed_played":"3449381868835453810","potions_obtained":[{"floor":4,"key":"Swift Potion"},{"floor":6,"key":"Regen Potion"},{"floor":12,"key":"ColorlessPotion"},{"floor":16,"key":"SmokeBomb"},{"floor":22,"key":"Dexterity Potion"},{"floor":29,"key":"Dexterity Potion"}],"is_trial":false,"path_per_floor":["M","M","M","M","?","M","R","E","T","R","?","M","R","?","R","B",null,"M","?","?","?","M","R","E","$","T","R","?","M","E","M"],"character_chosen":"RUNESMITH_CLASS","items_purchased":[],"campfire_rested":4,"item_purchase_floors":[],"current_hp_per_floor":[77,76,76,76,69,60,60,23,23,46,39,37,37,37,60,37,77,77,77,77,61,39,62,22,22,22,45,70,30,23,0,0],"gold":221,"neow_bonus":"TEN_PERCENT_HP_BONUS","is_daily":false,"chose_seed":false,"campfire_upgraded":2,"win_rate":0.0,"timestamp":1612600040,"path_taken":["M","M","M","M","?","M","R","E","T","R","?","M","R","?","R","BOSS","M","?","?","?","M","R","E","$","T","R","?","M","E","M"],"items_purchased_type":[],"build_version":"2020-12-22","purchased_purges":1,"victory":false,"max_hp_per_floor":[77,77,77,77,77,77,77,77,77,77,77,77,77,77,77,77,77,77,77,77,77,77,77,77,77,77,77,77,77,77,77,77],"card_choices":[{"not_picked":["Runesmith:MakeshiftArmor","Runesmith:Prism"],"picked":"Runesmith:Grindstone","floor":1},{"not_picked":["Runesmith:MakeshiftArmor","Runesmith:Grindstone"],"picked":"Runesmith:UnstableHammer","floor":2},{"not_picked":["Runesmith:OneForEveryone","Runesmith:HeatedChisel"],"picked":"Runesmith:CreatorForm","floor":3},{"not_picked":["Runesmith:ChiselStab","Runesmith:ShiftingStrike"],"picked":"Runesmith:HammerThrow","floor":4},{"not_picked":["Runesmith:CraftMagma","Runesmith:Repurpose"],"picked":"Runesmith:UnlimitedPower","floor":6},{"not_picked":["Runesmith:Prism","Runesmith:LithiumIon"],"picked":"Runesmith:Repurpose","floor":8},{"not_picked":["Runesmith:HeatedChisel","Runesmith:EarthShield"],"picked":"Runesmith:CraftMagma","floor":12},{"not_picked":["Runesmith:CraftMedicinae","Runesmith:LightningRod"],"picked":"Runesmith:Supernova","floor":16},{"not_picked":["Runesmith:GoWithTheFlow","Runesmith:NanitesCloud"],"picked":"Runesmith:Discharge","floor":22},{"not_picked":["Runesmith:BackupBattery+1","Runesmith:CraftReservo"],"picked":"Runesmith:StaticCage+1","floor":24},{"not_picked":["Runesmith:UnstableHammer","Runesmith:ChiselStab"],"picked":"Runesmith:EnergizedChisel","floor":29},{"not_picked":["Runesmith:UnlimitedPower","Runesmith:RuneHurl+1"],"picked":"Runesmith:NegativeSpace+1","floor":30}],"player_experience":304782,"relics_obtained":[{"floor":8,"key":"Lantern"},{"floor":9,"key":"Runesmith:AutoHammer"},{"floor":21,"key":"Necronomicon"},{"floor":24,"key":"Thread and Needle"},{"floor":26,"key":"Calipers"},{"floor":30,"key":"Centennial Puzzle"}],"event_choices":[{"cards_removed":["Runesmith:Strike_RS"],"damage_healed":0,"gold_gain":0,"player_choice":"Card Removal","damage_taken":7,"max_hp_gain":0,"max_hp_loss":0,"event_name":"Golden Wing","floor":5,"gold_loss":0},{"damage_healed":0,"gold_gain":0,"player_choice":"Success","damage_taken":7,"relics_obtained":["Blood Vial"],"max_hp_gain":0,"max_hp_loss":0,"event_name":"Scrap Ooze","floor":11,"gold_loss":0},{"damage_healed":0,"gold_gain":0,"player_choice":"Ignored","damage_taken":0,"max_hp_gain":0,"max_hp_loss":0,"event_name":"Shining Light","floor":14,"gold_loss":0},{"damage_healed":0,"gold_gain":0,"player_choice":"Obtained Relic","damage_taken":0,"relics_obtained":["InkBottle"],"max_hp_gain":0,"max_hp_loss":0,"event_name":"Addict","floor":19,"gold_loss":85},{"damage_healed":0,"gold_gain":0,"player_choice":"Opened","damage_taken":0,"relics_obtained":["Gremlin Horn"],"max_hp_gain":0,"max_hp_loss":0,"event_name":"The Mausoleum","floor":20,"gold_loss":0,"cards_obtained":["Writhe"]},{"damage_healed":0,"gold_gain":0,"player_choice":"Obtained Book","damage_taken":16,"max_hp_gain":0,"max_hp_loss":0,"event_name":"Cursed Tome","floor":21,"gold_loss":0},{"damage_healed":25,"gold_gain":0,"player_choice":"Heal","damage_taken":0,"max_hp_gain":0,"max_hp_loss":0,"event_name":"The Library","floor":28,"gold_loss":0}],"is_beta":false,"boss_relics":[{"not_picked":["Coffee Dripper","Calling Bell"],"picked":"SlaversCollar"}],"items_purged_floors":[25],"is_endless":false,"potions_floor_spawned":[4,6,12,16,22,29],"killed_by":"Cultist and Chosen","ascension_level":0}}