{"host":"yans4pr1zf0lm9bx","time":1612627951,"event":{"mods":["AchievementEnabler","BaseMod","Downfall","Minty Spire (QoL Compilation)","StSLib","SuperFastMode","slay the spire mod where everything is the same but ironclad has a cowboy hat"],"gold_per_floor":[99,116,135,152,169,169,169,184,196,225,38,38,58,84,104,206,206,206,206,216,227,26,26,26,26,26,44,44,64,64,81,94,94,94,94],"floor_reached":33,"language":"ENG","playtime":1783,"items_purged":["bronze:Strike","bronze:Strike"],"score":302,"play_id":"91715a29-ce7b-4561-b3b1-4d59f2a49ff8","local_time":"20210206111231","is_ascension_mode":true,"campfire_choices":[{"data":"bronze:Goto","floor":1,"key":"SMITH"},{"data":"bronze:Virus","floor":12,"key":"SMITH"},{"data":"bronze:InfiniteLoop","floor":18,"key":"SMITH"},{"data":"bronze:BuggyMess","floor":26,"key":"SMITH"},{"floor":28,"key":"REST"},{"floor":30,"key":"REST"}],"circlet_count":0,"master_deck":["bronze:Defend","bronze:Defend","bronze:Defend","bronze:Replicate","bronze:Goto+1","CurseOfTheBell","bronze:BuggyMess+1","bronze:Safeguard","bronze:BronzeOrb","bronze:BugBarrage","bronze:Goto","downfall:Haunted","bronze:HyperBeam","bronze:GetLatest","bronze:WhirlingStrike","bronze:ChosenStrike","bronze:Virus+1","bronze:Format","bronze:CutThrough","bronze:Turbo","bronze:GetLatest","bronze:InfiniteLoop+1","bronze:Constructor","bronze:BuggyMess+1","bronze:DelayedSlice+1","bronze:ForLoop","Shame","bronze:CutThrough+1","bronze:DelayedGuard","bronze:Assembly"],"relics":["Calling Bell","Unceasing Top","The Courier","Bag of Marbles","White Beast Statue","Letter Opener","Mummified Hand","sneckomod:SneckoTalon","Membership Card","MutagenicStrength"],"acts_visited":["Exordium","TheCity"],"potions_floor_usage":[10,14,16,16,20,27,32,33],"damage_taken":[{"damage":6,"enemies":"Jaw Worm","floor":2,"turns":3},{"damage":9,"enemies":"Cultist","floor":3,"turns":5},{"damage":0,"enemies":"2 Louse","floor":4,"turns":3},{"damage":7,"enemies":"Lots of Slimes","floor":5,"turns":6},{"damage":4,"enemies":"Blue Slaver","floor":8,"turns":5},{"damage":4,"enemies":"Lots of Slimes","floor":9,"turns":5},{"damage":7,"enemies":"3 Sentries","floor":10,"turns":4},{"damage":2,"enemies":"downfall:FleeingMerchant","floor":11,"turns":4},{"damage":0,"enemies":"Gremlin Gang","floor":13,"turns":2},{"damage":0,"enemies":"Gremlin Nob","floor":14,"turns":2},{"damage":0,"enemies":"Exordium Wildlife","floor":15,"turns":2},{"damage":16,"enemies":"WA_ARCHETYPE_RETAIN","floor":16,"turns":4},{"damage":13,"enemies":"3 Byrds","floor":20,"turns":5},{"damage":12,"enemies":"Shell Parasite","floor":21,"turns":4},{"damage":15,"enemies":"downfall:FleeingMerchant","floor":22,"turns":4},{"damage":21,"enemies":"Snecko","floor":27,"turns":4},{"damage":0,"enemies":"Cultist and Chosen","floor":29,"turns":4},{"damage":6,"enemies":"Snake Plant","floor":31,"turns":2},{"damage":5,"enemies":"Sentry and Sphere","floor":32,"turns":3},{"damage":52,"enemies":"IC_MUSHROOM_ARCHETYPE","floor":33,"turns":6}],"seed_played":"-670633015763969550","potions_obtained":[{"floor":3,"key":"Fire Potion"},{"floor":8,"key":"DuplicationPotion"},{"floor":9,"key":"sneckomod:MuddlingPotion"},{"floor":10,"key":"ColorlessPotion"},{"floor":11,"key":"Swift Potion"},{"floor":14,"key":"Fruit Juice"},{"floor":15,"key":"Fire Potion"},{"floor":16,"key":"ColorlessPotion"},{"floor":20,"key":"Swift Potion"},{"floor":21,"key":"GamblersBrew"},{"floor":27,"key":"bronze:CleanCodePotion"},{"floor":29,"key":"ColorlessPotion"},{"floor":32,"key":"bronze:FreeFunctionsPotion"}],"is_trial":false,"path_per_floor":["R","M","M","M","M","?","T","M","M","E","$","R","M","E","M","B",null,"R","?","M","M","$","?","T","?","R","M","R","M","R","M","M","B"],"character_chosen":"THE_AUTOMATON","items_purchased":["bronze:Format","Membership Card","bronze:ForLoop"],"campfire_rested":2,"item_purchase_floors":[11,22,22],"current_hp_per_floor":[70,64,55,55,48,48,48,44,40,33,31,31,31,36,36,20,75,75,75,62,50,35,35,35,35,35,14,36,36,58,52,47,0,0,0],"gold":94,"neow_bonus":"BOSS_RELIC","is_daily":false,"chose_seed":false,"campfire_upgraded":4,"win_rate":0.0,"timestamp":1612627951,"path_taken":["R","M","M","M","M","?","T","?","M","E","$","R","M","E","M","BOSS","R","?","M","?","?","?","T","?","R","M","R","M","R","M","M","BOSS"],"items_purchased_type":["Card","Relic","Card"],"build_version":"2020-12-22","purchased_purges":2,"victory":false,"max_hp_per_floor":[70,70,70,70,70,70,70,70,70,70,70,70,70,75,75,75,75,75,75,75,75,75,75,75,75,75,75,75,75,75,75,75,75,75,75],"card_choices":[{"not_picked":["bronze:ForLoop","bronze:Frontload"],"picked":"bronze:BuggyMess","floor":2},{"not_picked":["bronze:Invalidate","bronze:WhirlingStrike"],"picked":"bronze:Safeguard","floor":3},{"not_picked":["bronze:Frontload","bronze:Return"],"picked":"bronze:BronzeOrb","floor":4},{"not_picked":["bronze:ForLoop","bronze:Iterate"],"picked":"bronze:BugBarrage","floor":5},{"not_picked":["bronze:Flail","bronze:BronzeArmor"],"picked":"bronze:GetLatest","floor":8},{"not_picked":["bronze:ForLoop","bronze:Separator"],"picked":"bronze:WhirlingStrike","floor":9},{"not_picked":["bronze:WhirlingStrike","bronze:Separator"],"picked":"bronze:ChosenStrike","floor":10},{"not_picked":["bronze:Overheat","bronze:BronzeArmor"],"picked":"bronze:Virus","floor":11},{"not_picked":["bronze:Constructor","bronze:Frontload"],"picked":"bronze:CutThrough","floor":13},{"not_picked":["bronze:DelayedGuard","bronze:Virus"],"picked":"bronze:Turbo","floor":14},{"not_picked":["bronze:DigitalCarnage","bronze:Separator"],"picked":"bronze:GetLatest","floor":15},{"not_picked":["bronze:Virus","bronze:CleanCode"],"picked":"bronze:InfiniteLoop","floor":16},{"not_picked":["bronze:Frontload","bronze:OilSpill+1"],"picked":"bronze:Constructor","floor":20},{"not_picked":["bronze:Frontload","bronze:DelayedSlice+1"],"picked":"bronze:BuggyMess+1","floor":21},{"not_picked":["bronze:WildBeam","bronze:Shield"],"picked":"bronze:DelayedSlice+1","floor":22},{"not_picked":["bronze:Flail","bronze:DigitalCarnage"],"picked":"bronze:CutThrough+1","floor":27},{"not_picked":["bronze:Shell","bronze:WhirlingStrike"],"picked":"bronze:DelayedGuard","floor":29},{"not_picked":["bronze:Overload+1","bronze:Separator","bronze:DarkDash"],"picked":"SKIP","floor":31},{"not_picked":["bronze:WildBeam","bronze:ForceShield"],"picked":"bronze:Assembly","floor":32}],"player_experience":365825,"relics_obtained":[{"floor":0,"key":"Unceasing Top"},{"floor":0,"key":"The Courier"},{"floor":0,"key":"Bag of Marbles"},{"floor":7,"key":"White Beast Statue"},{"floor":10,"key":"Letter Opener"},{"floor":14,"key":"Mummified Hand"}],"event_choices":[{"damage_healed":0,"gold_gain":0,"player_choice":"Inject Mutagens","damage_taken":0,"relics_obtained":["MutagenicStrength"],"max_hp_gain":0,"max_hp_loss":0,"event_name":"Drug Dealer","floor":23,"gold_loss":0}],"is_beta":false,"boss_relics":[{"not_picked":["Tiny House","Busted Crown"],"picked":"sneckomod:SneckoTalon"}],"items_purged_floors":[11,22],"is_endless":false,"potions_floor_spawned":[3,8,9,10,11,13,14,15,16,20,21,22,27,29,31,32],"killed_by":"IC_MUSHROOM_ARCHETYPE","ascension_level":1}}