{"host":"m1rjttoroz33xrz1","time":1612579460,"event":{"mods":["BaseMod","Colored Map","Downfall","Hermit","Mad Scientist","Marisa????????","Minty Spire (QoL Compilation)","StSLib","The Construct","The Cursed","The Druid","The Jungle","The Servant 0.9.4"],"gold_per_floor":[99,116,101,112,287,287,287,320,333,333,363,375,407,418,433,536,536,536,546,557,569,569,586,667,667,681,448,483,493,493,493,504,602,602,602,620,67,67,67,67,67,11,11,27,27,62,62,62,77,77,77,77],"floor_reached":50,"language":"ENG","playtime":6546,"items_purged":["downfall:Bewildered","Doubt"],"score":652,"play_id":"0dd7c987-f732-45c3-ac7d-22186d147cbf","local_time":"20210205214420","is_ascension_mode":true,"campfire_choices":[{"data":"hexamod:ApocalypticArmor","floor":1.0,"key":"SMITH"},{"floor":10.0,"key":"REST"},{"data":"hexamod:ForkedFlame","floor":18.0,"key":"SMITH"},{"floor":25.0,"key":"REST"},{"floor":30.0,"key":"REST"},{"data":"hexamod:EtherealExpedition","floor":35,"key":"SMITH"},{"data":"hexamod:VolcanoVisage","floor":40,"key":"SMITH"},{"floor":45,"key":"REST"},{"floor":47,"key":"REST"}],"circlet_count":0,"master_deck":["hexamod:Strike","hexamod:Strike","hexamod:Strike","hexamod:Strike+1","hexamod:Defend","hexamod:Defend","hexamod:Defend","hexamod:Defend","hexamod:Sear","hexamod:Float","hexamod:ApocalypticArmor+1","hexamod:HauntingEcho","hexamod:FlamesFromBeyond","hexamod:ThirdSeal","hexamod:GhostflameBarrier","hexamod:ForkedFlame+1","hexamod:HeatCrush","hexamod:Hexaguard","hexamod:RecurringNightmare","hexamod:GhostflameBarrier","hexamod:EmpoweredFlame","hexamod:CatchUp","hexamod:InspiringFlames","hexamod:AdvancingGuard","hexamod:TurnItUp","hexamod:GiftsFromTheDead","hexamod:VolcanoVisage+1","hexamod:ThermalTransfer","hexamod:HeatCrush","hexamod:Hexaguard","hexamod:SkipABeat","hexamod:InspiringFlames","hexamod:HeatCrush+1","hexamod:FlamesFromBeyond","hexamod:EmpoweredFlame+1","hexamod:WildfireWeapon","hexamod:Hexaguard","hexamod:GhostOfSpireFuture","hexamod:EtherealExpedition+1","hexamod:TimeWarp+1","hexamod:ParanormalForm","hexamod:Hexaguard","hexamod:TimeOfNeed","hexamod:ForkedFlame+1","expansioncontent:Chronoboost","hexamod:Firestarter","hexamod:PowerFromBeyond+1","hexamod:ShieldOfDarkness+1","hexamod:RecurringNightmare+1","hexamod:FastForward","hexamod:GhostflameBarrier","Wraith"],"relics":["hexamod:SpiritBrand","Mummified Hand","Lantern","Tiny Chest","Regal Pillow","construct:ClawGrip","sneckomod:BabySnecko","Pear","Nunchaku","Bag of Marbles","Art of War","Busted Crown","Sling","Juzu Bracelet","White Beast Statue","Toy Ornithopter","Whetstone","HandDrill","Shuriken","Dream Catcher"],"acts_visited":["Exordium","TheCity","TheBeyond"],"potions_floor_usage":[33,33,46,50,50,50],"damage_taken":[{"damage":0.0,"enemies":"Jaw Worm","floor":2.0,"turns":4.0},{"damage":5.0,"enemies":"downfall:FleeingMerchant","floor":3.0,"turns":4.0},{"damage":0.0,"enemies":"Small Slimes","floor":4.0,"turns":3.0},{"damage":35.0,"enemies":"Gremlin Nob","floor":8.0,"turns":5.0},{"damage":0.0,"enemies":"2 Louse","floor":9.0,"turns":2.0},{"damage":5.0,"enemies":"Exordium Thugs","floor":12.0,"turns":3.0},{"damage":1.0,"enemies":"Lagavulin","floor":13.0,"turns":7.0},{"damage":0.0,"enemies":"Gremlin Gang","floor":14.0,"turns":4.0},{"damage":0.0,"enemies":"Blue Slaver","floor":15.0,"turns":2.0},{"damage":41.0,"enemies":"WA_ARCHETYPE_RETAIN","floor":16.0,"turns":10.0},{"damage":0.0,"enemies":"Chosen","floor":19.0,"turns":3.0},{"damage":12.0,"enemies":"Shell Parasite","floor":20.0,"turns":6.0},{"damage":14.0,"enemies":"Snake Plant","floor":21.0,"turns":4.0},{"damage":20.0,"enemies":"3 Cultists","floor":23.0,"turns":6.0},{"damage":0.0,"enemies":"Chosen and Byrds","floor":26.0,"turns":3.0},{"damage":0.0,"enemies":"downfall:FleeingMerchant","floor":27.0,"turns":4.0},{"damage":17.0,"enemies":"Slavers","floor":28.0,"turns":5.0},{"damage":21.0,"enemies":"Shelled Parasite and Fungi","floor":29.0,"turns":4.0},{"damage":0.0,"enemies":"Snake Plant","floor":32.0,"turns":1.0},{"damage":38,"enemies":"DF_ARCHETYPE_CLAW","floor":33,"turns":8},{"damage":2,"enemies":"3 Shapes","floor":36,"turns":4},{"damage":3,"enemies":"downfall:FleeingMerchant","floor":37,"turns":4},{"damage":20,"enemies":"downfall:FleeingMerchant","floor":42,"turns":4},{"damage":8,"enemies":"Orb Walker","floor":44,"turns":3},{"damage":52,"enemies":"Nemesis","floor":46,"turns":9},{"damage":6,"enemies":"Sphere and 2 Shapes","floor":49,"turns":4},{"damage":120,"enemies":"SI_POISON_ARCHETYPE","floor":50,"turns":5}],"seed_played":"-2130008362372477250","potions_obtained":[{"floor":9.0,"key":"PowerPotion"},{"floor":12.0,"key":"AttackPotion"},{"floor":14.0,"key":"hexamod:SoulburnPotion"},{"floor":15.0,"key":"hexamod:EctoCoolerPotion"},{"floor":19.0,"key":"Explosive Potion"},{"floor":20.0,"key":"SteroidPotion"},{"floor":23.0,"key":"DuplicationPotion"},{"floor":29.0,"key":"Dexterity Potion"},{"floor":32.0,"key":"Dexterity Potion"},{"floor":33,"key":"LiquidBronze"},{"floor":42,"key":"Dexterity Potion"},{"floor":46,"key":"hexamod:EctoCoolerPotion"}],"is_trial":false,"path_per_floor":["R","M","$","M","?","?","T","E","M","R","?","M","E","M","M","B",null,"R","M","M","M","?","M","T","R","M","$","E","M","R","T","M","B",null,"R","M","$","?","?","R","T","$","T","M","R","E","R","?","M","B"],"character_chosen":"THE_SPIRIT","items_purchased":["Nunchaku","Sling","Juzu Bracelet","White Beast Statue","Whetstone","HandDrill"],"campfire_rested":5,"item_purchase_floors":[27,37,37,37,42,42],"current_hp_per_floor":[70,70,65,65,65,70,70,35,35,57,57,52,51,51,51,10,75,75,75,63,49,49,29,39,79,79,79,62,41,81,81,81,43,85,85,83,80,80,80,80,80,60,60,52,85,38,78,78,72,0,0,0],"gold":77,"neow_bonus":"ONE_RANDOM_RARE_CARD","is_daily":false,"chose_seed":false,"campfire_upgraded":4,"win_rate":0.0,"timestamp":1612579460,"path_taken":["R","M","$","M","?","?","T","E","M","R","?","?","E","M","M","BOSS","R","M","M","?","?","M","T","R","M","$","E","M","R","?","M","BOSS","R","M","?","?","?","R","T","$","?","M","R","E","R","?","M","BOSS"],"items_purchased_type":["Relic","Relic","Relic","Relic","Relic","Relic"],"build_version":"2020-12-22","purchased_purges":2,"victory":false,"max_hp_per_floor":[70,70,70,70,70,75,75,75,75,75,75,75,75,75,75,75,75,75,75,75,75,75,75,85,85,85,85,85,85,85,85,85,85,85,85,85,85,85,85,85,85,85,85,85,85,85,85,85,85,85,85,85],"card_choices":[{"not_picked":["hexamod:SwordOfDarkness","hexamod:ThermalTransfer"],"picked":"hexamod:HauntingEcho","floor":2.0},{"not_picked":["hexamod:FastForward","hexamod:SwordOfDarkness"],"picked":"hexamod:FlamesFromBeyond","floor":3.0},{"not_picked":["hexamod:SecondSeal","hexamod:NightmareGuise"],"picked":"hexamod:ThirdSeal","floor":4.0},{"not_picked":["hexamod:FlamesFromBeyond","hexamod:ChargedBarrage"],"picked":"hexamod:GhostflameBarrier","floor":8.0},{"not_picked":["hexamod:BacktrackSmack","hexamod:NecessarySacrifice"],"picked":"hexamod:ForkedFlame","floor":8.0},{"not_picked":["hexamod:DynamicBlow","hexamod:NightmareStrike"],"picked":"hexamod:HeatCrush","floor":9.0},{"not_picked":["hexamod:NightmareStrike","hexamod:FlamesFromBeyond"],"picked":"hexamod:Hexaguard","floor":9.0},{"not_picked":["hexamod:Again","hexamod:InspiringFlames"],"picked":"hexamod:RecurringNightmare","floor":12.0},{"not_picked":["hexamod:ThirdSeal","hexamod:PhantomFireball"],"picked":"hexamod:GhostflameBarrier","floor":12.0},{"not_picked":["hexamod:DynamicBlow","hexamod:HauntingEcho"],"picked":"hexamod:EmpoweredFlame","floor":13.0},{"not_picked":["hexamod:RetreatToShadows","hexamod:GhostShield"],"picked":"hexamod:CatchUp","floor":13.0},{"not_picked":["hexamod:SpectralSpark","hexamod:RetreatToShadows"],"picked":"hexamod:InspiringFlames","floor":14.0},{"not_picked":["hexamod:SuperheatedStrike","hexamod:NecessarySacrifice"],"picked":"hexamod:AdvancingGuard","floor":14.0},{"not_picked":["hexamod:SuperheatedStrike","hexamod:FastForward"],"picked":"hexamod:TurnItUp","floor":15.0},{"not_picked":["hexamod:Toasty","hexamod:GhostOfSpirePresent"],"picked":"hexamod:GiftsFromTheDead","floor":16.0},{"not_picked":["hexamod:ForkedFlame","hexamod:GhostflameInferno"],"picked":"hexamod:VolcanoVisage","floor":16.0},{"not_picked":["hexamod:NecessarySacrifice","hexamod:NightmareStrike"],"picked":"hexamod:ThermalTransfer","floor":19.0},{"not_picked":["hexamod:SpectralAdrenaline","hexamod:SpectralSpark"],"picked":"hexamod:HeatCrush","floor":19.0},{"not_picked":["hexamod:SuperheatedStrike","hexamod:HeatMetal+1"],"picked":"hexamod:Hexaguard","floor":20.0},{"not_picked":["hexamod:FastForward","hexamod:NightmareGuise"],"picked":"hexamod:SkipABeat","floor":20.0},{"not_picked":["hexamod:AdvancingGuard","hexamod:Haunt"],"picked":"hexamod:InspiringFlames","floor":21.0},{"not_picked":["hexamod:InspiringFlames+1","hexamod:GhostOfSpirePast+1"],"picked":"hexamod:HeatCrush+1","floor":23.0},{"not_picked":["hexamod:AdvancingGuard","hexamod:BacktrackSmack+1"],"picked":"hexamod:FlamesFromBeyond","floor":23.0},{"not_picked":["hexamod:GhostShield","hexamod:ShieldOfDarkness+1"],"picked":"hexamod:EmpoweredFlame+1","floor":26.0},{"not_picked":["hexamod:SpectralAdrenaline+1","hexamod:Hexaguard","hexamod:InspiringFlames"],"picked":"SKIP","floor":26.0},{"not_picked":["hexamod:ShieldOfDarkness","hexamod:PhantomCloak"],"picked":"hexamod:WildfireWeapon","floor":27.0},{"not_picked":["hexamod:FirstSeal","hexamod:FlamesFromBeyond"],"picked":"hexamod:Hexaguard","floor":28.0},{"not_picked":["hexamod:NightmareGuise","hexamod:ShieldOfDarkness+1"],"picked":"hexamod:GhostOfSpireFuture","floor":29.0},{"not_picked":["hexamod:SkipABeat","hexamod:Hexaguard"],"picked":"hexamod:EtherealExpedition","floor":32.0},{"not_picked":["hexamod:ApocalypseNow","hexamod:GhostflameInferno"],"picked":"hexamod:TimeWarp","floor":33},{"not_picked":["hexamod:SearingWound","hexamod:FifthSeal"],"picked":"hexamod:ParanormalForm","floor":33},{"not_picked":[],"picked":"hexamod:Hexaguard","floor":36},{"not_picked":[],"picked":"hexamod:TimeOfNeed","floor":37},{"not_picked":["expansioncontent:HyperBeam","expansioncontent:GuardianWhirl"],"picked":"expansioncontent:Chronoboost","floor":39},{"not_picked":[],"picked":"hexamod:Firestarter","floor":42},{"not_picked":[],"picked":"hexamod:PowerFromBeyond+1","floor":42},{"not_picked":[],"picked":"hexamod:ShieldOfDarkness+1","floor":44},{"not_picked":[],"picked":"hexamod:RecurringNightmare+1","floor":44},{"not_picked":[],"picked":"hexamod:FastForward","floor":46},{"not_picked":["hexamod:Again+1"],"picked":"SKIP","floor":46},{"not_picked":[],"picked":"hexamod:GhostflameBarrier","floor":47},{"not_picked":["hexamod:Rewind+1"],"picked":"SKIP","floor":49}],"player_experience":1643631,"relics_obtained":[{"floor":7.0,"key":"Mummified Hand"},{"floor":8.0,"key":"Lantern"},{"floor":13.0,"key":"Regal Pillow"},{"floor":24.0,"key":"Pear"},{"floor":28.0,"key":"Bag of Marbles"},{"floor":31.0,"key":"Art of War"},{"floor":41,"key":"Toy Ornithopter"},{"floor":43,"key":"Shuriken"},{"floor":46,"key":"Dream Catcher"}],"event_choices":[{"damage_healed":0.0,"max_hp_gain":5.0,"max_hp_loss":0.0,"gold_gain":0.0,"event_name":"Big Fish","player_choice":"Donut","floor":6.0,"gold_loss":0.0,"damage_taken":0.0},{"damage_healed":0,"gold_gain":0,"player_choice":"Ignored","damage_taken":0,"max_hp_gain":0,"max_hp_loss":0,"event_name":"OrinTheCat","floor":48,"gold_loss":0}],"is_beta":false,"boss_relics":[{"not_picked":["Philosopher\u0027s Stone","Tiny House"],"picked":"construct:ClawGrip"},{"not_picked":["Coffee Dripper","Sozu"],"picked":"Busted Crown"}],"items_purged_floors":[27,42],"is_endless":false,"potions_floor_spawned":[9,12,14,15,19,20,23,29,32,33,42,44,46,49],"killed_by":"SI_POISON_ARCHETYPE","ascension_level":1}}