{"host":"x000krxjblg8jdg4","time":1612647893,"event":{"mods":["BaseMod","Downfall","Hermit","Minty Spire (QoL Compilation)","StSLib","The Cursed","The Runesmith","The Servant 0.9.4"],"gold_per_floor":[144,189,234,234,234,283,283,381,431,480,480,11,11,60,60,385,385,434,434,45,94,143,192,241,339,339,339,339,388,388,437,437,762,762,811,811,811,860,909,909,958,958,958,205,254,27,76,174,174,174],"floor_reached":51,"language":"ENG","playtime":4013,"items_purged":["downfall:Bewildered"],"score":853,"play_id":"4653cbf0-7ec0-485c-bc27-131bd88e3376","local_time":"20210206194453","daily_mods":["Cursed Run","Uncertain Future","Midas"],"is_ascension_mode":false,"campfire_choices":[{"floor":11,"key":"REST"},{"floor":13,"key":"REST"},{"floor":15,"key":"REST"},{"floor":28,"key":"REST"},{"floor":30,"key":"REST"},{"floor":32,"key":"REST"},{"floor":40,"key":"REST"},{"floor":42,"key":"REST"},{"floor":49,"key":"REST"}],"circlet_count":0,"master_deck":["Runesmith:Strike_RS+1","Runesmith:Strike_RS+1","Runesmith:Strike_RS+1","Runesmith:Defend_RS+1","Runesmith:Defend_RS+1","Runesmith:Defend_RS+1","Runesmith:Defend_RS+1","Runesmith:CraftFirestone","Runesmith:Fortify","Runesmith:ChaoticBlast","Runesmith:CraftMagma+1","Runesmith:EarthShield","Runesmith:ChiselStab","Runesmith:EnergizedChisel","downfall:Aged","Runesmith:PerfectChisel","Runesmith:Permafrost","Runesmith:ArcReactor","downfall:Haunted","Runesmith:ArcReactor","Runesmith:RuneHurl+1","Runesmith:Superposition+1","Bandage Up+1","Runesmith:HeatExchange+1","Runesmith:EnergizedChisel+1","Runesmith:HeatedChisel+1","Runesmith:CreatorForm","Writhe","Runesmith:CraftProtectio","Runesmith:CraftMagma+1","Runesmith:CreatorForm","Runesmith:NegativeSpace","Swift Strike+1","Injury","Runesmith:BackupBattery","Runesmith:EnergizedChisel+1","Runesmith:ChiselStab+1","Parasite","Dramatic Entrance+1","Runesmith:PerfectChisel+1","Runesmith:Permafrost","Runesmith:EarthShield+1","Runesmith:Firestorm","Runesmith:CraftMagma+1","Runesmith:CraftProtectio","Writhe"],"relics":["Cursed Key","Darkstone Periapt","Du-Vu Doll","Golden Idol","bronze:DecasWashers","PreservedInsect","Molten Egg 2","Pen Nib","Black Star","Tiny Chest","Lee\u0027s Waffle","War Paint","Pantograph","Art of War","SlaversCollar","MealTicket","Anchor","Toy Ornithopter","Orichalcum","OrangePellets","HandDrill","Bag of Marbles","StrikeDummy"],"acts_visited":["Exordium","TheCity","TheBeyond"],"potions_floor_usage":[8,14,24,25,33,38,39,41,50,50],"damage_taken":[{"damage":2,"enemies":"Small Slimes","floor":1,"turns":4},{"damage":0,"enemies":"2 Louse","floor":2,"turns":2},{"damage":0,"enemies":"Cultist","floor":3,"turns":4},{"damage":2,"enemies":"Red Slaver","floor":6,"turns":4},{"damage":56,"enemies":"Gremlin Nob","floor":8,"turns":6},{"damage":5,"enemies":"Looter","floor":10,"turns":4},{"damage":10,"enemies":"3 Louse","floor":14,"turns":4},{"damage":10,"enemies":"The Guardian","floor":16,"turns":8},{"damage":19,"enemies":"Spheric Guardian","floor":18,"turns":4},{"damage":22,"enemies":"Chosen","floor":21,"turns":6},{"damage":38,"enemies":"Shelled Parasite and Fungi","floor":22,"turns":6},{"damage":27,"enemies":"Chosen and Byrds","floor":23,"turns":5},{"damage":3,"enemies":"Cultist and Chosen","floor":24,"turns":4},{"damage":11,"enemies":"Book of Stabbing","floor":25,"turns":5},{"damage":17,"enemies":"Snake Plant","floor":29,"turns":4},{"damage":2,"enemies":"Chosen and Byrds","floor":31,"turns":6},{"damage":10,"enemies":"Automaton","floor":33,"turns":8},{"damage":44,"enemies":"3 Darklings","floor":35,"turns":6},{"damage":18,"enemies":"Orb Walker","floor":38,"turns":4},{"damage":30,"enemies":"3 Darklings","floor":39,"turns":4},{"damage":32,"enemies":"Spire Growth","floor":41,"turns":5},{"damage":7,"enemies":"Maw","floor":45,"turns":7},{"damage":18,"enemies":"4 Shapes","floor":47,"turns":4},{"damage":21,"enemies":"Reptomancer","floor":48,"turns":6},{"damage":46,"enemies":"Awakened One","floor":50,"turns":11}],"seed_played":"5285009320175426936","potions_obtained":[{"floor":2,"key":"PowerPotion"},{"floor":6,"key":"Energy Potion"},{"floor":10,"key":"champ:CounterPotion"},{"floor":14,"key":"SteroidPotion"},{"floor":21,"key":"ColorlessPotion"},{"floor":25,"key":"CultistPotion"},{"floor":29,"key":"SpeedPotion"},{"floor":33,"key":"champ:CounterPotion"},{"floor":38,"key":"LiquidMemories"},{"floor":39,"key":"Dexterity Potion"},{"floor":45,"key":"Guardian:BlockOnCardUsePotion"}],"is_trial":false,"path_per_floor":["M","M","M","?","?","M","?","E","T","M","R","$","R","M","R","B",null,"M","?","$","M","M","M","M","E","T","?","R","M","R","M","R","B",null,"M","?","T","M","M","R","M","R","T","$","M","$","M","E","R","B",null],"character_chosen":"RUNESMITH_CLASS","items_purchased":["Molten Egg 2","Pen Nib","Runesmith:Permafrost","Tiny Chest","Lee\u0027s Waffle","Bandage Up","Toy Ornithopter","Orichalcum","OrangePellets","Dramatic Entrance+1","Runesmith:PerfectChisel+1","Runesmith:Permafrost","HandDrill","Runesmith:Firestorm"],"campfire_rested":9,"item_purchase_floors":[12,12,12,20,20,20,44,44,44,44,44,44,46,46],"current_hp_per_floor":[68,68,68,74,67,65,65,9,15,10,34,34,58,48,72,68,88,69,69,95,73,39,16,17,10,16,16,46,35,65,69,99,97,107,63,63,69,57,33,66,34,67,73,88,87,102,84,69,104,95],"gold":174,"neow_bonus":"","is_daily":true,"chose_seed":false,"campfire_upgraded":0,"win_rate":0.0,"timestamp":1612647893,"path_taken":["M","M","M","?","?","M","?","E","T","M","R","$","R","M","R","BOSS","M","?","$","M","M","M","?","E","T","?","R","M","R","M","R","BOSS","M","?","?","M","M","R","M","R","T","?","M","$","M","E","R","BOSS"],"items_purchased_type":["Relic","Relic","Card","Relic","Relic","Card","Relic","Relic","Relic","Card","Card","Card","Relic","Card"],"build_version":"2020-12-22","purchased_purges":1,"victory":true,"max_hp_per_floor":[70,70,70,76,76,76,76,76,82,82,82,82,82,82,82,88,88,88,88,95,95,95,95,95,95,101,101,101,101,101,101,101,107,107,107,107,113,113,113,113,113,113,119,119,119,119,119,119,119,125],"card_choices":[{"not_picked":["Runesmith:BackupBattery","Runesmith:MakeshiftArmor"],"picked":"Runesmith:ChaoticBlast","floor":1},{"not_picked":["Runesmith:HammerTime","Runesmith:Accelerate"],"picked":"Runesmith:CraftMagma","floor":2},{"not_picked":["Runesmith:OneForEveryone","Runesmith:UnstableHammer"],"picked":"Runesmith:EarthShield","floor":3},{"not_picked":["Runesmith:HammerTime","Runesmith:EarthShield"],"picked":"Runesmith:ChiselStab","floor":6},{"not_picked":["Runesmith:HammerThrow","Runesmith:PoweredAnvil"],"picked":"Runesmith:EnergizedChisel","floor":8},{"not_picked":["Runesmith:Accelerate","Runesmith:CraftMagma"],"picked":"Runesmith:PerfectChisel","floor":10},{"not_picked":["Runesmith:ChiselStab+1","Runesmith:EarthShield"],"picked":"Runesmith:ArcReactor","floor":14},{"not_picked":["Runesmith:Supernova","Runesmith:CraftIndustria"],"picked":"Runesmith:ArcReactor","floor":16},{"not_picked":["Runesmith:MakeshiftArmor","Runesmith:CraftSpiculum"],"picked":"Runesmith:RuneHurl+1","floor":18},{"not_picked":["Runesmith:Grindstone+1","Runesmith:CraftObretio+1"],"picked":"Runesmith:HeatExchange+1","floor":21},{"not_picked":["Runesmith:HeatExchange+1","Runesmith:HammerAndChisel"],"picked":"Runesmith:EnergizedChisel+1","floor":22},{"not_picked":["Runesmith:NanitesCloud","Runesmith:StaticCage","Runesmith:Refine"],"picked":"SKIP","floor":23},{"not_picked":["Runesmith:HammerThrow+1","Runesmith:ElementalConversion+1"],"picked":"Runesmith:HeatedChisel+1","floor":24},{"not_picked":["Runesmith:Attraction","Runesmith:NanitesCloud"],"picked":"Runesmith:CreatorForm","floor":25},{"not_picked":["Runesmith:Accelerate","Runesmith:EarthShield"],"picked":"Runesmith:CraftProtectio","floor":29},{"not_picked":["Runesmith:FieryHammer+1","Runesmith:Repurpose"],"picked":"Runesmith:CraftMagma+1","floor":31},{"not_picked":["Runesmith:DuctTape","Runesmith:Supernova"],"picked":"Runesmith:CreatorForm","floor":33},{"not_picked":["Runesmith:UnstableHammer+1","Runesmith:RunicBlueprint+1"],"picked":"Runesmith:NegativeSpace","floor":35},{"not_picked":["Master of Strategy","Forethought"],"picked":"Swift Strike+1","floor":36},{"not_picked":["Runesmith:ChaoticBlast+1","Runesmith:CraftObretio"],"picked":"Runesmith:BackupBattery","floor":38},{"not_picked":["Runesmith:RuneHurl+1","Runesmith:PerfectChisel+1"],"picked":"Runesmith:EnergizedChisel+1","floor":39},{"not_picked":["Runesmith:HeatExchange+1","Runesmith:CreatorForm"],"picked":"Runesmith:ChiselStab+1","floor":41},{"not_picked":["Runesmith:HammerThrow+1","Runesmith:Electrocute+1"],"picked":"Runesmith:EarthShield+1","floor":45},{"not_picked":["Runesmith:EnergizedChisel+1","Runesmith:UnstableHammer+1"],"picked":"Runesmith:CraftMagma+1","floor":47},{"not_picked":["Runesmith:Repurpose","Runesmith:BackupBattery+1"],"picked":"Runesmith:CraftProtectio","floor":48}],"player_experience":74137,"relics_obtained":[{"floor":8,"key":"bronze:DecasWashers"},{"floor":9,"key":"PreservedInsect"},{"floor":25,"key":"War Paint"},{"floor":25,"key":"Pantograph"},{"floor":26,"key":"Art of War"},{"floor":37,"key":"MealTicket"},{"floor":43,"key":"Anchor"},{"floor":48,"key":"Bag of Marbles"},{"floor":48,"key":"StrikeDummy"}],"event_choices":[{"damage_healed":0,"gold_gain":0,"player_choice":"Take Wound","damage_taken":0,"relics_obtained":["Golden Idol"],"max_hp_gain":0,"max_hp_loss":0,"event_name":"Golden Idol","floor":4,"gold_loss":0,"cards_obtained":["Injury"]},{"cards_removed":["Injury"],"damage_healed":0,"gold_gain":0,"player_choice":"Card Removal","damage_taken":7,"max_hp_gain":0,"max_hp_loss":0,"event_name":"Golden Wing","floor":5,"gold_loss":0},{"damage_healed":0,"gold_gain":0,"player_choice":"Bought 0 Potions","damage_taken":0,"max_hp_gain":0,"max_hp_loss":0,"event_name":"The Woman in Blue","floor":7,"gold_loss":0},{"damage_healed":0,"gold_gain":0,"cards_transformed":["Runesmith:Strike_RS"],"player_choice":"Transformed","damage_taken":0,"max_hp_gain":0,"max_hp_loss":0,"event_name":"Transmorgrifier","floor":19,"gold_loss":0,"cards_obtained":["Runesmith:Superposition"]},{"damage_healed":0,"gold_gain":0,"player_choice":"Simplicity","damage_taken":0,"max_hp_gain":0,"max_hp_loss":0,"event_name":"Back to Basics","floor":27,"gold_loss":0,"cards_upgraded":["Runesmith:Strike_RS","Runesmith:Strike_RS","Runesmith:Strike_RS","Runesmith:Defend_RS","Runesmith:Defend_RS","Runesmith:Defend_RS","Runesmith:Defend_RS"]},{"damage_healed":0,"gold_gain":0,"player_choice":"Memory 1","damage_taken":0,"max_hp_gain":0,"max_hp_loss":0,"event_name":"SensoryStone","floor":36,"gold_loss":0}],"is_beta":false,"boss_relics":[{"not_picked":["Ectoplasm","sneckomod:SneckoTalon"],"picked":"Black Star"},{"not_picked":["Astrolabe","Pandora\u0027s Box"],"picked":"SlaversCollar"}],"items_purged_floors":[44],"is_endless":false,"potions_floor_spawned":[2,6,10,14,21,25,29,33,38,39,45],"ascension_level":0}}