{"host":"92wx9z21c4p52du4","time":1612645409,"event":{"mods":["Arknights","BaseMod","Downfall","Infinite Spire","Lobotomy","Minty Spire (QoL Compilation)","Reliquary","Robot Space Explorer","StSLib","SuperFastMode","The Blue Laboratory","The Disciple","The Jungle","The Runesmith","TheSurvivalist"],"gold_per_floor":[109,119,119,137,67,67,79,110,137,197,197,217,217,60,60,60,60],"floor_reached":16,"language":"ENG","playtime":800,"items_purged":["Parasite"],"score":100,"play_id":"51eb2095-573f-4b0b-ac57-965526e4e891","local_time":"20210206150329","is_ascension_mode":false,"campfire_choices":[{"data":"survmod:Sprint","floor":6,"key":"SMITH"},{"data":"survmod:Decoy","floor":15,"key":"SMITH"}],"circlet_count":0,"master_deck":["survmod:Strike","survmod:Strike","survmod:Strike","survmod:Strike","survmod:Defend","survmod:Defend","survmod:Defend","survmod:Defend","survmod:VersatileOffense","survmod:Sprint+1","OldLady","CrumblingArmor","survmod:NeedleShot","WhitesApple","survmod:FlashbangTrap","survmod:MarkedFromAfar","Parasite","Scorched","survmod:FlashbangTrap","VoidDream","survmod:FlashbangTrap","Parasite","survmod:SwiftKick","survmod:FlashbangShot","Alriune","survmod:Decoy+1"],"relics":["infinitespire:DarkRift","CogitoBucket","Bag of Marbles","reliquary:Stiletto","infinitespire:Lucky Rock","BackwardClock","infinitespire:Cubic Diamond"],"acts_visited":["Exordium"],"potions_floor_usage":[8,8],"damage_taken":[{"damage":0,"enemies":"2 Louse","floor":1,"turns":2},{"damage":1,"enemies":"Cultist","floor":2,"turns":4},{"damage":0,"enemies":"Jaw Worm","floor":4,"turns":3},{"damage":5,"enemies":"2 Fungi Beasts","floor":7,"turns":4},{"damage":5,"enemies":"3 Sentries","floor":8,"turns":4},{"damage":34,"enemies":"Gremlin Nob","floor":10,"turns":4},{"damage":40,"enemies":"Lots of Slimes","floor":12,"turns":2},{"damage":26,"enemies":"Slime Boss","floor":16,"turns":3}],"seed_played":"6656910827524400091","potions_obtained":[{"floor":2,"key":"blueLaboratory:BubblePotion"},{"floor":4,"key":"PowerPotion"},{"floor":8,"key":"blueLaboratory:Moonshine"}],"is_trial":false,"path_per_floor":["M","M","?","M","$","R","M","E","T","?","?","M","?","$","R","B"],"character_chosen":"THE_SURVIVOR","items_purchased":["survmod:MarkedFromAfar","survmod:Decoy"],"campfire_rested":0,"item_purchase_floors":[5,14],"current_hp_per_floor":[50,49,49,49,49,49,44,39,39,5,50,10,10,10,10,0,0],"gold":60,"neow_bonus":"","is_daily":false,"chose_seed":false,"campfire_upgraded":2,"win_rate":0.0,"timestamp":1612645409,"path_taken":["M","M","?","M","$","R","?","E","T","?","?","M","?","?","R","BOSS"],"items_purchased_type":["Card","Card"],"build_version":"2020-12-22","purchased_purges":1,"victory":false,"max_hp_per_floor":[50,50,50,50,50,50,50,50,50,50,50,50,50,47,47,47,47],"card_choices":[{"not_picked":["UniverseFragment","Murderer"],"picked":"OldLady","floor":1},{"not_picked":["survmod:ShrapnelTraps","survmod:FocusedFire"],"picked":"survmod:QuickThinking","floor":1},{"not_picked":["QueenOfHatred","BodiesMountain","CrumblingArmor"],"picked":"Singing Bowl","floor":2},{"not_picked":["BeautyBeast","OSAHOGD"],"picked":"CrumblingArmor","floor":2},{"not_picked":["survmod:PinningSnipe","survmod:WalledOffTraps"],"picked":"survmod:NeedleShot","floor":2},{"not_picked":["PunishingBird","SpiderBud"],"picked":"WhitesApple","floor":4},{"not_picked":["survmod:MarkedShot","survmod:PinningSnipe"],"picked":"survmod:FlashbangTrap","floor":4},{"not_picked":["MHz","QueenOfHatred","HeroicMonk"],"picked":"Singing Bowl","floor":7},{"not_picked":["BigBadWolf","Bloodbath"],"picked":"Scorched","floor":7},{"not_picked":["survmod:KnowThyEnemy","survmod:GoForFace"],"picked":"survmod:FlashbangTrap","floor":7},{"not_picked":["ShyLook","Porccubus"],"picked":"VoidDream","floor":8},{"not_picked":["survmod:TacticalManeuver","survmod:PersonalMark"],"picked":"survmod:FlashbangTrap","floor":8},{"not_picked":["survmod:BearTrap","survmod:OverwhelmingAssault"],"picked":"survmod:SwiftKick","floor":10},{"not_picked":["survmod:BearTrap","survmod:DuckAndFlare"],"picked":"survmod:FlashbangShot","floor":12},{"not_picked":["Bloodbath","Funeral"],"picked":"Alriune","floor":12}],"player_experience":270032,"relics_obtained":[{"floor":8,"key":"Bag of Marbles"},{"floor":9,"key":"reliquary:Stiletto"},{"floor":10,"key":"infinitespire:Lucky Rock"}],"event_choices":[{"damage_healed":0,"gold_gain":0,"player_choice":"Ignored","damage_taken":0,"max_hp_gain":0,"max_hp_loss":0,"event_name":"NoteForYourself","floor":3,"gold_loss":0},{"damage_healed":0,"gold_gain":30,"player_choice":"Searched \u00272\u0027 times","damage_taken":0,"max_hp_gain":0,"max_hp_loss":0,"event_name":"Dead Adventurer","floor":10,"gold_loss":0},{"cards_removed":["survmod:QuickThinking"],"damage_healed":45,"gold_gain":0,"player_choice":"Offered Uncommon","damage_taken":0,"max_hp_gain":0,"max_hp_loss":0,"event_name":"Bonfire Elementals","floor":11,"gold_loss":0}],"is_beta":false,"boss_relics":[],"items_purged_floors":[14],"is_endless":false,"potions_floor_spawned":[2,4,8],"killed_by":"Slime Boss","ascension_level":0}}