{"host":"gfmw02tnhhvp9jba","time":1612623010,"event":{"mods":["AchievementEnabler","BaseMod","Colored Map","Conspire","Downfall","Highlight Path","Minty Spire (QoL Compilation)","Replay The Spire","StSLib"],"gold_per_floor":[99,111,121,141,241,274,274,449,449,349,363,389,289,316,336,438,438,438,454,474,474,81,81,81,116,16,53,70,101,115,135,148,244,244,244,255,265,285,285,335,358,370,401,32,45,64,64,98,116,116,116,151,35,35,37,37],"floor_reached":57,"language":"ENG","playtime":4394,"items_purged":["Doubt","Languid"],"score":1539,"play_id":"bdd286ef-d34f-4520-8a92-8ad4475868eb","local_time":"20210206155010","is_ascension_mode":true,"campfire_choices":[{"floor":1.0,"key":"DIG"},{"floor":10.0,"key":"RECALL"},{"data":"bronze:ItsAFeature","floor":13.0,"key":"SMITH"},{"data":"bronze:Assembly","floor":18.0,"key":"SMITH"},{"data":"bronze:AlphaBuild","floor":26.0,"key":"SMITH"},{"floor":35.0,"key":"DIG"},{"data":"bronze:BuggyMess","floor":42.0,"key":"SMITH"},{"data":"bronze:Goto","floor":47,"key":"SMITH"},{"data":"bronze:MaxOutput","floor":54,"key":"SMITH"}],"circlet_count":0,"master_deck":["bronze:Strike","bronze:Strike","bronze:Strike","bronze:Strike","bronze:Defend","bronze:Defend","bronze:Defend","bronze:Defend","bronze:Replicate","bronze:Goto+1","bronze:CutThrough","bronze:Frontload","bronze:Assembly+1","bronze:ItsAFeature+1","bronze:BugBarrage","bronze:Repair","bronze:Boost","bronze:Separator","bronze:AlphaBuild+1","CurseOfTheBell","bronze:BugBarrage","bronze:Boost+1","bronze:BugBarrage+1","Replay:Hysterical Blindness","Pot Of Greed+1","Pot Of Greed+1","Pot Of Greed+1","Hallucinations","bronze:ChosenStrike","bronze:Iterate","bronze:BugBarrage+1","bronze:Boost+1","bronze:Shell","bronze:BuggyMess+1","bronze:Break+1","bronze:Constructor","bronze:DelayedSlice","Parasite","bronze:ItsAFeature+1","Pot Of Greed","bronze:ChildClass","bronze:Fortify","bronze:Separator+1","bronze:MaxOutput+1","expansioncontent:QuickStudy+1","bronze:OilSpill+1","bronze:WildBeam+1","bronze:MaxOutput+1","bronze:FollowUp+1","bronze:Separator+1","bronze:Shell+1","Pot Of Greed","ReplayTheSpireMod:IOU","ReplayTheSpireMod:IOU","bronze:ItsAFeature+1"],"relics":["bronze:BronzeCore","Chameleon Ring","conspire:GiftBox","Gremlin Food","Blue Candle","downfall:HeartBlessingGreen","Akabeko","downfall:HeartBlessingRed","Replay:Wax Seal","Replay:Grab Bag","Cursed Key","Coffee Dripper","Calling Bell","conspire:SpecialSausage","Replay:Mystery Machine","Golden Egg","TungstenRod","ReplayTheSpireMod:CursedCoin","Mummified Hand","Grinning Jar","conspire:BottledYoYo","downfall:HeartBlessingBlue","Matryoshka","Centennial Puzzle","Honey Jar","conspire:GlowingRock","StoneCalendar","ReplayTheSpireMod:TigerMarble","MawBank","Kunai","Nunchaku","Ice Cream","conspire:Dentures"],"acts_visited":["Exordium","TheCity","TheBeyond","TheEnding"],"potions_floor_usage":[52,55],"damage_taken":[{"damage":1.0,"enemies":"Jaw Worm","floor":2.0,"turns":5.0},{"damage":0.0,"enemies":"2 Louse","floor":3.0,"turns":4.0},{"damage":0.0,"enemies":"Small Slimes","floor":4.0,"turns":3.0},{"damage":6.0,"enemies":"Gremlin Nob","floor":6.0,"turns":6.0},{"damage":2.0,"enemies":"Blue Slaver","floor":11.0,"turns":5.0},{"damage":21.0,"enemies":"3 Sentries","floor":12.0,"turns":7.0},{"damage":16.0,"enemies":"Replay:BlueRogue","floor":14.0,"turns":7.0},{"damage":1.0,"enemies":"Red Slaver","floor":15.0,"turns":4.0},{"damage":18.0,"enemies":"WA_ARCHETYPE_RETAIN","floor":16.0,"turns":9.0},{"damage":4.0,"enemies":"3 Byrds","floor":19.0,"turns":7.0},{"damage":0.0,"enemies":"conspire:HollyBat","floor":20.0,"turns":6.0},{"damage":0.0,"enemies":"downfall:FleeingMerchant","floor":22.0,"turns":4.0},{"damage":1.0,"enemies":"Book of Stabbing","floor":25.0,"turns":5.0},{"damage":10.0,"enemies":"Slavers","floor":27.0,"turns":6.0},{"damage":31.0,"enemies":"Cultist and Chosen","floor":28.0,"turns":7.0},{"damage":2.0,"enemies":"Gremlin Leader","floor":29.0,"turns":5.0},{"damage":0.0,"enemies":"Snake Plant","floor":30.0,"turns":2.0},{"damage":9.0,"enemies":"Centurion and Healer","floor":31.0,"turns":2.0},{"damage":9.0,"enemies":"Shelled Parasite and Fungi","floor":32.0,"turns":4.0},{"damage":31.0,"enemies":"DF_ARCHETYPE_CLAW","floor":33.0,"turns":7.0},{"damage":0.0,"enemies":"Orb Walker","floor":36.0,"turns":3.0},{"damage":19.0,"enemies":"3 Darklings","floor":37.0,"turns":5.0},{"damage":44.0,"enemies":"Writhing Mass","floor":38.0,"turns":5.0},{"damage":1.0,"enemies":"Writhing Mass","floor":40.0,"turns":4.0},{"damage":5.0,"enemies":"4 Shapes","floor":43.0,"turns":3.0},{"damage":0,"enemies":"downfall:FleeingMerchant","floor":44,"turns":3},{"damage":0,"enemies":"Spire Growth","floor":45,"turns":2},{"damage":3,"enemies":"3 Darklings","floor":46,"turns":3},{"damage":0,"enemies":"R_Hoarder","floor":48,"turns":7},{"damage":0,"enemies":"Sphere and 2 Shapes","floor":49,"turns":3},{"damage":3,"enemies":"IC_BLOCK_ARCHETYPE","floor":50,"turns":7},{"damage":10,"enemies":"downfall:CharBossMerchant","floor":52,"turns":8},{"damage":0,"enemies":"downfall:NeowBoss","floor":55,"turns":7},{"damage":20,"enemies":"downfall:NeowBossFinal","floor":56,"turns":7}],"seed_played":"1066736766193498986","potions_obtained":[{"floor":4.0,"key":"ColorlessPotion"},{"floor":11.0,"key":"Slimebound:ThreeZeroPotion"},{"floor":12.0,"key":"Block Potion"},{"floor":14.0,"key":"SpeedPotion"},{"floor":16.0,"key":"Venom Potion"},{"floor":29.0,"key":"champ:CounterPotion"},{"floor":30.0,"key":"Block Potion"},{"floor":31.0,"key":"Reflective Coating"},{"floor":32.0,"key":"DistilledChaos"},{"floor":36.0,"key":"BlessingOfTheForge"},{"floor":45,"key":"Block Potion"},{"floor":48,"key":"GamblersBrew"}],"is_trial":false,"path_per_floor":["R_BF","M","M","M","?","E","T","?","?","R","M","E","R","E","M","B",null,"R","M","M","?","$","?","T","E","R","E","M","E","M","M","M","B",null,"R_BF","M","M","M","?","?","T","R","M","$","M","M","R","E","M","B",null,"E","$","R","B","B",null],"character_chosen":"THE_AUTOMATON","items_purchased":["bronze:BugBarrage","ReplayTheSpireMod:CursedCoin","Mummified Hand","Grinning Jar","Kunai","bronze:MaxOutput","expansioncontent:QuickStudy","Energy Potion","bronze:OilSpill","conspire:Dentures","bronze:ItsAFeature+1"],"campfire_rested":0,"item_purchase_floors":[22,22,22,22,44,44,44,44,44,53,53],"current_hp_per_floor":[77,76,76,76,76,70,70,70,65,65,63,42,42,33,39,28,77,77,73,77,64,71,71,71,77,87,82,58,56,63,54,52,28,92,92,92,73,36,80,80,80,80,75,75,80,77,77,80,80,77,80,77,77,77,80,67],"gold":37,"neow_bonus":"TEN_PERCENT_HP_BONUS","is_daily":false,"chose_seed":false,"campfire_upgraded":6,"win_rate":0.0,"timestamp":1612623010,"path_taken":["R_BF","M","M","M","?","E","T","?","?","R","M","E","R","E","M","BOSS","R","M","M","?","$","?","T","E","R","E","M","E","M","?","M","BOSS","R_BF","M","M","M","?","?","T","R","M","$","M","M","R","E","M","BOSS","E","$","R","BOSS","BOSS"],"items_purchased_type":["Card","Relic","Relic","Relic","Relic","Card","Card","Potion","Card","Relic","Card"],"build_version":"2020-12-22","purchased_purges":2,"victory":true,"max_hp_per_floor":[77,77,77,77,77,77,77,77,77,77,77,77,77,77,77,77,77,77,77,77,82,82,82,82,82,92,92,92,92,92,92,92,92,92,92,92,92,92,80,80,80,80,80,80,80,80,80,80,80,80,80,80,80,80,80,80],"card_choices":[{"not_picked":["bronze:Turbo","bronze:Safeguard","bronze:Optimize"],"picked":"SKIP","floor":2.0},{"not_picked":["bronze:Deprecate","bronze:DarkDash"],"picked":"bronze:CutThrough","floor":3.0},{"not_picked":["bronze:Turbo","bronze:CloningBeam"],"picked":"bronze:Frontload","floor":4.0},{"not_picked":["bronze:Mutator","bronze:Format"],"picked":"bronze:Assembly","floor":6.0},{"not_picked":["bronze:Shell","bronze:Branch"],"picked":"bronze:ItsAFeature","floor":6.0},{"not_picked":["bronze:Philosophize","bronze:DigitalCarnage"],"picked":"bronze:BugBarrage","floor":11.0},{"not_picked":["bronze:Format","bronze:Overload"],"picked":"bronze:Repair","floor":12.0},{"not_picked":["bronze:Backtrace","bronze:Terminator"],"picked":"bronze:Boost","floor":14.0},{"not_picked":["bronze:Overheat","bronze:Philosophize"],"picked":"bronze:Separator","floor":15.0},{"not_picked":["bronze:Virus","bronze:RecursiveStrike"],"picked":"bronze:AlphaBuild","floor":16.0},{"not_picked":["bronze:Shield","bronze:Branch","bronze:BitShift"],"picked":"SKIP","floor":19.0},{"not_picked":["bronze:Overheat","bronze:Philosophize"],"picked":"bronze:BugBarrage","floor":20.0},{"not_picked":["bronze:Frontload","bronze:Fortify"],"picked":"bronze:Boost+1","floor":22.0},{"not_picked":["bronze:DarkDash","bronze:CleanCode"],"picked":"bronze:ChosenStrike","floor":25.0},{"not_picked":["bronze:CloningBeam","bronze:FineTuning","bronze:Backtrace"],"picked":"SKIP","floor":27.0},{"not_picked":["bronze:BuggyMess","bronze:CutThrough"],"picked":"bronze:Iterate","floor":28.0},{"not_picked":["bronze:Overheat+1","bronze:DelayedSlice"],"picked":"bronze:BugBarrage+1","floor":29.0},{"not_picked":["bronze:DelayedGuard","bronze:ShipIt"],"picked":"bronze:Boost+1","floor":30.0},{"not_picked":["bronze:Backtrace+1","bronze:OilSpill"],"picked":"bronze:Shell","floor":31.0},{"not_picked":["bronze:WildBeam","bronze:DelayedGuard"],"picked":"bronze:BuggyMess","floor":32.0},{"not_picked":["bronze:CleanCode","bronze:TinkerersToolbox"],"picked":"bronze:Break","floor":33.0},{"not_picked":["bronze:BitShift","bronze:Turbo","bronze:Refactor"],"picked":"bronze:Constructor","floor":36.0},{"not_picked":["bronze:Constructor","bronze:Branch+1","bronze:DelayedGuard+1"],"picked":"bronze:DelayedSlice","floor":37.0},{"not_picked":["bronze:DelayedGuard","bronze:Invalidate+1","bronze:Shell+1"],"picked":"bronze:ItsAFeature+1","floor":38.0},{"not_picked":["bronze:Boost+1","bronze:Invalidate+1","bronze:CutThrough+1"],"picked":"bronze:ChildClass","floor":40.0},{"not_picked":["bronze:Deprecate+1","bronze:Overheat","bronze:BronzeArmor"],"picked":"bronze:Fortify","floor":43},{"not_picked":["bronze:ThunderWave","bronze:FollowUp+1","bronze:ChosenStrike+1"],"picked":"bronze:Separator+1","floor":44},{"not_picked":["bronze:DelayedSlice","bronze:ForceShield","bronze:Deprecate"],"picked":"bronze:WildBeam+1","floor":45},{"not_picked":["bronze:NullPointer+1","bronze:Constructor+1","bronze:DelayedGuard+1"],"picked":"bronze:MaxOutput","floor":46},{"not_picked":["bronze:Invalidate+1","bronze:BitShift","bronze:ForLoop"],"picked":"bronze:FollowUp+1","floor":48},{"not_picked":["bronze:BitShift","bronze:DarkDash+1","bronze:Shield"],"picked":"bronze:Separator+1","floor":49},{"not_picked":["bronze:DelayedGuard+1","bronze:ClassDefault+1","bronze:OilSpill"],"picked":"bronze:Shell+1","floor":52}],"player_experience":130365,"relics_obtained":[{"floor":1.0,"key":"Chameleon Ring"},{"floor":6.0,"key":"conspire:GiftBox"},{"floor":7.0,"key":"Gremlin Food"},{"floor":12.0,"key":"Akabeko"},{"floor":14.0,"key":"Replay:Wax Seal"},{"floor":17.0,"key":"Replay:Mystery Machine"},{"floor":17.0,"key":"Golden Egg"},{"floor":17.0,"key":"TungstenRod"},{"floor":25.0,"key":"conspire:BottledYoYo"},{"floor":27.0,"key":"Matryoshka"},{"floor":29.0,"key":"Centennial Puzzle"},{"floor":35.0,"key":"conspire:GlowingRock"},{"floor":40.0,"key":"StoneCalendar"},{"floor":41.0,"key":"ReplayTheSpireMod:TigerMarble"},{"floor":41.0,"key":"MawBank"},{"floor":48,"key":"Nunchaku"},{"floor":52,"key":"Ice Cream"}],"event_choices":[{"damage_healed":0.0,"max_hp_gain":0.0,"max_hp_loss":0.0,"gold_gain":0.0,"event_name":"FaceTrader","player_choice":"Leave","floor":23.0,"gold_loss":0.0,"damage_taken":0.0}],"is_beta":false,"boss_relics":[{"not_picked":["bronze:PlatinumCore","Fusion Hammer"],"picked":"Replay:Grab Bag"},{"not_picked":["Busted Crown","Replay:Bronze Core"],"picked":"Cursed Key"},{"not_picked":["conspire:RoyalGoblet","Sozu"],"picked":"Coffee Dripper"},{"not_picked":["SacredBark","Snecko Eye"],"picked":"Calling Bell"},{"not_picked":["Runic Pyramid","Astrolabe"],"picked":"conspire:SpecialSausage"},{"not_picked":["Replay:Ancient Bell","ChewingGum"],"picked":"Honey Jar"}],"items_purged_floors":[22,44],"is_endless":false,"potions_floor_spawned":[4,11,12,14,16,29,30,31,32,33,36,45,48],"ascension_level":1}}