{"host":"takgv9cv6xf64vhq","time":1612609197,"event":{"mods":["BaseMod","Colored Powertips","Conspire","Decade(王小明)","Downfall","Energized Spire","Hermit","Hubris","LagranYue(拉格朗・月)","Marisa（F雨　魔理沙）","Minty Spire (QoL Compilation)","Replay The Spire","StSLib","The Cursed","The Hierophant","The Jungle","The Servant 0.9.4","TheHeartMod"],"gold_per_floor":[113,113,113,56,20,20,55,55,55,69,89,100,100,175,175,278,278,293,293,306,318,87,114,114,448,448,448,448,448],"floor_reached":28,"language":"ZHS","playtime":4410,"items_purged":["Strike_B"],"score":349,"play_id":"9d9d383a-1df4-4959-b9f2-58536002498b","local_time":"20210206185957","is_ascension_mode":true,"campfire_choices":[{"data":"Defragment","floor":6.0,"key":"SMITH"},{"data":"White Noise","floor":8.0,"key":"SMITH"},{"data":"Defragment","floor":13.0,"key":"SMITH"},{"data":"Loop","floor":15.0,"key":"SMITH"}],"circlet_count":0,"master_deck":["Defend_B","Defend_B","Defend_B","Defend_B","Zap","Dualcast+1","Lockon","Defragment+1","Defragment+1","Panic Button+1","White Noise+1","Core Surge","Loop+1","Coolheaded","Creative AI","Self Repair","hermit:Glare","Steam Power","Coolheaded+1","Skim","Looming Evil","Skim","BootSequence","ReplayTheSpireMod:GoodbyeWorld"],"relics":["Cracked Core","NeowsBlessing","hubris:CuriousFeather","conspire:Flyswatter","energizedSpire:MagnifyingGlass","Lee\u0027s Waffle","LagranYue:WskJewelryRelic","ReplayTheSpireMod:Ring of Challenge","ReplayTheSpireMod:Ring of Sloth","Old Coin"],"acts_visited":["Exordium","TheCity"],"potions_floor_usage":[23,23],"damage_taken":[{"damage":0.0,"enemies":"conspire:RoseBush","floor":1.0,"turns":1.0},{"damage":0.0,"enemies":"Lagavulin","floor":7.0,"turns":1.0},{"damage":0.0,"enemies":"Jaw Worm","floor":10.0,"turns":1.0},{"damage":0.0,"enemies":"Small Slimes","floor":11.0,"turns":2.0},{"damage":28.0,"enemies":"Exordium Thugs","floor":12.0,"turns":4.0},{"damage":31.0,"enemies":"Hexaghost","floor":16.0,"turns":10.0},{"damage":4.0,"enemies":"Spheric Guardian","floor":18.0,"turns":3.0},{"damage":33.0,"enemies":"2 Thieves","floor":20.0,"turns":5.0},{"damage":26.0,"enemies":"Shelled Parasite and Fungi","floor":21.0,"turns":5.0},{"damage":28,"enemies":"Slavers","floor":23,"turns":5},{"damage":52,"enemies":"Replay:Snechameleon","floor":25,"turns":12},{"damage":34,"enemies":"Snecko","floor":28,"turns":9}],"seed_played":"2588395708198805276","potions_obtained":[{"floor":1.0,"key":"Reflective Coating"},{"floor":7.0,"key":"GamblersBrew"},{"floor":12.0,"key":"Strength Potion"},{"floor":16.0,"key":"AttackPotion"},{"floor":21.0,"key":"Block Potion"},{"floor":25,"key":"Dexterity Potion"}],"is_trial":false,"path_per_floor":["M","?","?","$","$","R","E","R","T","M","M","M","R","?","R","B",null,"M","?","M","M","$","E","?","E","T","?","M"],"character_chosen":"DEFECT","items_purchased":["Defragment","Panic Button+1","Lee\u0027s Waffle"],"campfire_rested":0,"item_purchase_floors":[4,5,22],"current_hp_per_floor":[75,75,75,75,75,75,75,75,75,75,75,47,47,36,36,5,58,54,54,28,9,82,61,61,16,16,16,0,0],"gold":448,"neow_bonus":"THREE_ENEMY_KILL","is_daily":false,"chose_seed":false,"campfire_upgraded":4,"win_rate":0.0,"timestamp":1612609197,"path_taken":["M","?","?","?","$","R","E","R","T","M","M","M","R","?","R","BOSS","M","?","?","?","$","E","?","E","T","?","?"],"items_purchased_type":["Card","Card","Relic"],"build_version":"2020-12-22","purchased_purges":1,"victory":false,"max_hp_per_floor":[75,75,75,75,75,75,75,75,75,75,75,75,75,75,75,75,75,75,75,75,75,82,82,82,82,82,82,82,82],"card_choices":[{"not_picked":["Darkness","Redo"],"picked":"Lockon","floor":1.0},{"not_picked":["Hologram","Go for the Eyes"],"picked":"White Noise","floor":7.0},{"not_picked":["ReplaySolidLightProjector","Sweeping Beam"],"picked":"Core Surge","floor":10.0},{"not_picked":["BasicCrystalCard","Steam"],"picked":"Loop","floor":11.0},{"not_picked":["Tempest","Undo"],"picked":"Coolheaded","floor":12.0},{"not_picked":["ReplayRNGCard","hubris:DoWhile"],"picked":"Creative AI","floor":16.0},{"not_picked":["Ball Lightning","Coolheaded"],"picked":"Self Repair","floor":18.0},{"not_picked":["Cold Snap","BasicCrystalCard"],"picked":"Steam Power","floor":20.0},{"not_picked":["Compile Driver+1","Leap"],"picked":"Coolheaded+1","floor":21.0},{"not_picked":["Sweeping Beam","Hello World"],"picked":"Skim","floor":23},{"not_picked":["Doom and Gloom","Redo"],"picked":"Skim","floor":25}],"player_experience":448766,"relics_obtained":[{"floor":7.0,"key":"hubris:CuriousFeather"},{"floor":9.0,"key":"conspire:Flyswatter"},{"floor":23,"key":"LagranYue:WskJewelryRelic"},{"floor":24,"key":"ReplayTheSpireMod:Ring of Challenge"},{"floor":24,"key":"ReplayTheSpireMod:Ring of Sloth"},{"floor":25,"key":"Old Coin"}],"event_choices":[{"cards_removed":["Strike_B"],"damage_healed":0.0,"max_hp_gain":0.0,"max_hp_loss":0.0,"gold_gain":0.0,"event_name":"Living Wall","player_choice":"Forget","floor":2.0,"gold_loss":0.0,"damage_taken":0.0},{"damage_healed":0.0,"max_hp_gain":0.0,"max_hp_loss":0.0,"gold_gain":75.0,"event_name":"World of Goop","player_choice":"Gather Gold","floor":14.0,"gold_loss":0.0,"damage_taken":11.0},{"damage_healed":0.0,"max_hp_gain":0.0,"max_hp_loss":0.0,"gold_gain":0.0,"event_name":"The Library","player_choice":"Read","floor":19.0,"gold_loss":0.0,"damage_taken":0.0,"cards_obtained":["hermit:Glare"]},{"damage_healed":0,"gold_gain":0,"cards_transformed":["Strike_B","Strike_B"],"player_choice":"Became Test Subject","damage_taken":0,"max_hp_gain":0,"max_hp_loss":0,"event_name":"Drug Dealer","floor":27,"gold_loss":0,"cards_obtained":["BootSequence","ReplayTheSpireMod:GoodbyeWorld"]}],"is_beta":false,"boss_relics":[{"not_picked":["energizedSpire:OgreHead","Inserter"],"picked":"energizedSpire:MagnifyingGlass"}],"items_purged_floors":[22],"is_endless":false,"potions_floor_spawned":[1,7,12,16,21,25],"killed_by":"Snecko","ascension_level":5}}