{"host":"13o02hya6v6rzuva","time":1612633595,"event":{"mods":["BaseMod","Minty Spire (QoL Compilation)","Relic Stats"],"gold_per_floor":[113,133,147,147,147,147,182,182,229,246,264,264,339,354,354,455,455,470,740,757,770,433,433,433,433],"floor_reached":24,"language":"ENG","playtime":874,"items_purged":["Strike_P"],"score":298,"play_id":"58c488ff-2b40-4c6d-813c-27a88d8f45c2","local_time":"20210206184635","is_ascension_mode":true,"campfire_choices":[{"data":"SignatureMove","floor":6,"key":"SMITH"},{"data":"SandsOfTime","floor":8,"key":"SMITH"},{"data":"TalkToTheHand","floor":12,"key":"SMITH"},{"data":"Blasphemy","floor":15,"key":"SMITH"},{"data":"ReachHeaven","floor":23,"key":"SMITH"}],"circlet_count":0,"master_deck":["Strike_P","Strike_P+1","Defend_P","Defend_P","Defend_P","Defend_P","Eruption","Vigilance+1","Wallop+1","Evaluate","SignatureMove+1","SandsOfTime+1","TalkToTheHand+1","Consecrate+1","Blasphemy+1","LessonLearned","PathToVictory","ForeignInfluence+1","Perseverance+1","LikeWater","ReachHeaven+1"],"relics":["PureWater","Pen Nib","SlaversCollar","Whetstone"],"acts_visited":["Exordium","TheCity"],"potions_floor_usage":[11,18,24,24],"damage_taken":[{"damage":2,"enemies":"Jaw Worm","floor":1,"turns":3},{"damage":0,"enemies":"Small Slimes","floor":2,"turns":3},{"damage":0,"enemies":"Cultist","floor":3,"turns":3},{"damage":0,"enemies":"Gremlin Nob","floor":7,"turns":2},{"damage":2,"enemies":"Lots of Slimes","floor":10,"turns":5},{"damage":0,"enemies":"Blue Slaver","floor":11,"turns":2},{"damage":1,"enemies":"Large Slime","floor":14,"turns":5},{"damage":37,"enemies":"The Guardian","floor":16,"turns":7},{"damage":0,"enemies":"Spheric Guardian","floor":18,"turns":3},{"damage":0,"enemies":"Chosen","floor":20,"turns":4},{"damage":3,"enemies":"Snake Plant","floor":21,"turns":4},{"damage":55,"enemies":"Slavers","floor":24,"turns":3}],"seed_played":"615354263292702601","potions_obtained":[{"floor":1,"key":"StancePotion"},{"floor":2,"key":"Fire Potion"},{"floor":10,"key":"Swift Potion"},{"floor":16,"key":"BlessingOfTheForge"}],"is_trial":false,"path_per_floor":["M","M","M","?","?","R","E","R","T","M","M","R","?","M","R","B",null,"M","?","M","M","$","R","E"],"character_chosen":"WATCHER","items_purchased":["Whetstone","LikeWater","ReachHeaven"],"campfire_rested":0,"item_purchase_floors":[22,22,22],"current_hp_per_floor":[70,70,70,70,70,70,70,70,70,68,68,68,57,56,56,19,72,72,45,45,42,42,42,0,0],"gold":433,"neow_bonus":"UPGRADE_CARD","is_daily":false,"chose_seed":false,"campfire_upgraded":5,"win_rate":0.0,"timestamp":1612633595,"path_taken":["M","M","M","?","?","R","E","R","T","?","?","R","?","M","R","BOSS","M","?","?","M","$","R","E"],"items_purchased_type":["Relic","Card","Card"],"build_version":"2020-12-22","purchased_purges":1,"victory":false,"max_hp_per_floor":[72,72,72,72,72,72,72,72,72,72,72,72,72,72,72,72,72,72,72,72,72,72,72,72,72],"relic_stats":{"counters":[12,44],"Pen Nib":[6],"Whetstone":["Consecrate","Strike_P"],"obtain_stats":[{"SlaversCollar":17,"Pen Nib":7,"Whetstone":22,"PureWater":0},{"SlaversCollar":8,"Pen Nib":4,"Whetstone":11,"PureWater":0},{"SlaversCollar":30,"Pen Nib":11,"Whetstone":41,"PureWater":0}]},"card_choices":[{"not_picked":["LikeWater","SashWhip"],"picked":"Wallop","floor":1},{"not_picked":["Fasting2","WheelKick"],"picked":"Evaluate","floor":2},{"not_picked":["Protect","Halt"],"picked":"SignatureMove","floor":3},{"not_picked":["EmptyFist","WreathOfFlame"],"picked":"SandsOfTime","floor":7},{"not_picked":["JustLucky","Vengeance"],"picked":"TalkToTheHand","floor":10},{"not_picked":["CarveReality","WaveOfTheHand"],"picked":"Consecrate","floor":11},{"not_picked":["EmptyFist","TalkToTheHand"],"picked":"Blasphemy","floor":14},{"not_picked":["Brilliance","SpiritShield"],"picked":"LessonLearned","floor":16},{"not_picked":["Crescendo","Collect"],"picked":"PathToVictory","floor":18},{"not_picked":["InnerPeace","JustLucky"],"picked":"ForeignInfluence+1","floor":20},{"not_picked":["Protect","FlyingSleeves"],"picked":"Perseverance+1","floor":21}],"player_experience":1188618,"relics_obtained":[{"floor":7,"key":"Pen Nib"}],"event_choices":[{"damage_healed":0,"gold_gain":0,"player_choice":"Grow","damage_taken":0,"max_hp_gain":0,"max_hp_loss":0,"event_name":"Living Wall","floor":4,"gold_loss":0,"cards_upgraded":["Wallop"]},{"cards_removed":["Strike_P"],"damage_healed":0,"gold_gain":0,"player_choice":"Offered Basic","damage_taken":0,"max_hp_gain":0,"max_hp_loss":0,"event_name":"Bonfire Elementals","floor":5,"gold_loss":0},{"damage_healed":0,"gold_gain":75,"player_choice":"Gather Gold","damage_taken":11,"max_hp_gain":0,"max_hp_loss":0,"event_name":"World of Goop","floor":13,"gold_loss":0},{"damage_healed":0,"gold_gain":270,"player_choice":"GOLD GOLD GOLD ","damage_taken":27,"max_hp_gain":0,"max_hp_loss":0,"event_name":"Knowing Skull","floor":19,"potions_obtained":[],"gold_loss":0,"cards_obtained":[]}],"is_beta":false,"boss_relics":[{"not_picked":["Coffee Dripper","Runic Dome"],"picked":"SlaversCollar"}],"items_purged_floors":[22],"is_endless":false,"potions_floor_spawned":[1,2,10,16],"killed_by":"Slavers","ascension_level":4}}