{"host":"3xramekeme16g407","time":1612572908,"event":{"mods":["2.2 Compatiblity","AchievementEnabler","BaseMod","Bestiary","Minty Spire (QoL Compilation)","Relic Stats","StSLib"],"gold_per_floor":[214,61,61,61,74,100,100,117,165,165,187,222,222,242,242,344,344,357,357,357,370,266,266,123,151,151,7,34,53,64,76,76,178,178,188,236,253,253,303,303,328,328,328,342,342,375,256,266,266,266,266,266,28,60,60],"floor_reached":56,"language":"ENG","playtime":14617,"items_purged":["Strike_B"],"score":1301,"play_id":"14d3118e-9943-44bd-8616-9a9034f1ae2b","local_time":"20210205165508","is_ascension_mode":false,"campfire_choices":[{"floor":7,"key":"REST"},{"floor":10,"key":"REST"},{"data":"Defragment","floor":15,"key":"SMITH"},{"data":"Creative AI","floor":23,"key":"SMITH"},{"floor":32,"key":"REST"},{"floor":40,"key":"REST"},{"floor":42,"key":"RECALL"},{"floor":49,"key":"REST"},{"data":"Consume","floor":52,"key":"SMITH"}],"circlet_count":0,"master_deck":["Strike_B+1","Strike_B+1","Strike_B+1","Defend_B+1","Defend_B+1","Defend_B+1","Defend_B+1","Zap","Dualcast","Cold Snap","Loop+1","Coolheaded","Cold Snap","Conserve Battery","Ball Lightning","Defragment+1","Creative AI+1","BootSequence","Glacier+1","Loop","Darkness","Redo","Consume+1","Self Repair","Meteor Strike","Cold Snap+1","Compile Driver+1","Double Energy","Self Repair+1","Darkness","Madness","Madness","Blizzard+1","BootSequence+1","BootSequence"],"relics":["Cracked Core","Bag of Preparation","Gambling Chip","Odd Mushroom","Bottled Tornado","Inserter","DataDisk","Question Card","Blue Candle","Runic Capacitor","Oddly Smooth Stone","Nuclear Battery","Turnip","HornCleat","Calipers","Unceasing Top","The Courier","Orichalcum","OrangePellets","Membership Card","Emotion Chip","Blood Vial"],"acts_visited":["Exordium","TheCity","TheBeyond","TheEnding"],"potions_floor_usage":[],"damage_taken":[{"damage":0,"enemies":"Cultist","floor":1,"turns":3},{"damage":2,"enemies":"2 Louse","floor":5,"turns":4},{"damage":37,"enemies":"Lagavulin","floor":6,"turns":15},{"damage":3,"enemies":"Small Slimes","floor":8,"turns":4},{"damage":13,"enemies":"The Mushroom Lair","floor":11,"turns":7},{"damage":2,"enemies":"3 Sentries","floor":12,"turns":9},{"damage":5,"enemies":"2 Fungi Beasts","floor":14,"turns":3},{"damage":17,"enemies":"The Guardian","floor":16,"turns":16},{"damage":5,"enemies":"Shell Parasite","floor":18,"turns":7},{"damage":8,"enemies":"3 Byrds","floor":21,"turns":5},{"damage":3,"enemies":"Book of Stabbing","floor":25,"turns":7},{"damage":16,"enemies":"Gremlin Leader","floor":28,"turns":10},{"damage":0,"enemies":"Snecko","floor":29,"turns":5},{"damage":6,"enemies":"3 Cultists","floor":30,"turns":7},{"damage":10,"enemies":"Snake Plant","floor":31,"turns":4},{"damage":21,"enemies":"Collector","floor":33,"turns":14},{"damage":9,"enemies":"3 Darklings","floor":35,"turns":8},{"damage":51,"enemies":"2 Orb Walkers","floor":36,"turns":6},{"damage":0,"enemies":"Orb Walker","floor":37,"turns":4},{"damage":0,"enemies":"Mind Bloom Boss Battle","floor":39,"turns":7},{"damage":0,"enemies":"Nemesis","floor":41,"turns":7},{"damage":0,"enemies":"4 Shapes","floor":44,"turns":9},{"damage":6,"enemies":"Reptomancer","floor":46,"turns":9},{"damage":33,"enemies":"3 Darklings","floor":48,"turns":6},{"damage":0,"enemies":"Donu and Deca","floor":50,"turns":13},{"damage":4,"enemies":"Shield and Spear","floor":54,"turns":9},{"damage":49,"enemies":"The Heart","floor":55,"turns":12}],"seed_played":"7265668801353959839","potions_obtained":[{"floor":5,"key":"FearPotion"},{"floor":8,"key":"ColorlessPotion"},{"floor":11,"key":"FearPotion"},{"floor":18,"key":"BlessingOfTheForge"},{"floor":37,"key":"LiquidMemories"}],"is_trial":false,"path_per_floor":["M","$","?","$","M","E","R","M","T","R","?","E","?","M","R","B",null,"M","?","?","M","$","R","$","E","T","$","E","M","M","M","R","B",null,"M","?","M","T","?","R","E","R","T","M","?","E","$","M","R","B",null,"R","$","E","B",null],"character_chosen":"DEFECT","items_purchased":["Loop","FairyPotion","DataDisk","Runic Capacitor","OrangePellets","Membership Card","Emotion Chip"],"campfire_rested":5,"item_purchase_floors":[2,22,24,27,47,53,53],"current_hp_per_floor":[75,75,72,72,70,33,55,52,52,74,61,59,59,54,54,37,75,70,70,70,62,62,62,62,59,59,59,43,43,37,27,49,28,75,73,29,29,29,36,58,75,75,75,75,66,75,75,59,75,75,75,75,75,75,36],"gold":60,"neow_bonus":"HUNDRED_GOLD","is_daily":false,"chose_seed":false,"campfire_upgraded":3,"win_rate":0.0,"timestamp":1612572908,"path_taken":["M","?","?","$","M","E","R","M","T","R","?","E","?","M","R","BOSS","M","?","?","M","$","R","?","E","T","$","E","M","M","M","R","BOSS","M","?","M","?","?","R","E","R","T","M","?","E","$","M","R","BOSS","R","$","E","BOSS"],"items_purchased_type":["Card","Potion","Relic","Relic","Relic","Relic","Relic"],"build_version":"2020-12-22","purchased_purges":1,"victory":true,"max_hp_per_floor":[75,75,75,75,75,75,75,75,75,75,75,75,75,75,75,75,75,75,75,75,75,75,75,75,75,75,75,75,75,75,75,75,75,75,75,75,75,75,75,75,75,75,75,75,75,75,75,75,75,75,75,75,75,75,75],"relic_stats":{"Inserter":[69],"counters":[27,208],"Blue Candle":[0],"Bag of Preparation":[52],"Orichalcum":[18],"Question Card":14,"Blood Vial":0,"OrangePellets":[4],"Emotion Chip":[31,8,14,3,6],"Gambling Chip":[63],"Turnip":[2],"obtain_stats":[{"Inserter":17,"Calipers":39,"Blue Candle":26,"Oddly Smooth Stone":28,"The Courier":43,"Bag of Preparation":3,"Runic Capacitor":27,"Odd Mushroom":11,"Bottled Tornado":12,"Orichalcum":46,"Question Card":25,"Nuclear Battery":34,"Blood Vial":54,"OrangePellets":47,"DataDisk":24,"Emotion Chip":53,"HornCleat":38,"Gambling Chip":6,"Turnip":36,"Membership Card":53,"Cracked Core":0,"Unceasing Top":41},{"Inserter":8,"Calipers":20,"Blue Candle":11,"Oddly Smooth Stone":12,"The Courier":21,"Bag of Preparation":1,"Runic Capacitor":11,"Odd Mushroom":5,"Bottled Tornado":6,"Orichalcum":23,"Question Card":11,"Nuclear Battery":16,"Blood Vial":26,"OrangePellets":23,"DataDisk":10,"Emotion Chip":25,"HornCleat":19,"Gambling Chip":3,"Turnip":18,"Membership Card":25,"Cracked Core":0,"Unceasing Top":21},{"Inserter":61,"Calipers":143,"Blue Candle":80,"Oddly Smooth Stone":89,"The Courier":150,"Bag of Preparation":3,"Runic Capacitor":80,"Odd Mushroom":33,"Bottled Tornado":42,"Orichalcum":168,"Question Card":80,"Nuclear Battery":118,"Blood Vial":196,"OrangePellets":168,"DataDisk":73,"Emotion Chip":187,"HornCleat":136,"Gambling Chip":22,"Turnip":132,"Membership Card":187,"Cracked Core":0,"Unceasing Top":150}],"Unceasing Top":[17]},"card_choices":[{"not_picked":["Steam","Hologram"],"picked":"Cold Snap","floor":1},{"not_picked":["Streamline","Skim"],"picked":"Coolheaded","floor":5},{"not_picked":["Beam Cell","Gash"],"picked":"Cold Snap","floor":6},{"not_picked":["Hyperbeam","Barrage"],"picked":"Conserve Battery","floor":8},{"not_picked":["Rebound","Sweeping Beam"],"picked":"Ball Lightning","floor":11},{"not_picked":["Aggregate","Beam Cell","Go for the Eyes"],"picked":"SKIP","floor":12},{"not_picked":["Auto Shields","Scrape"],"picked":"Defragment","floor":14},{"not_picked":["Thunder Strike","Biased Cognition"],"picked":"Creative AI","floor":16},{"not_picked":["Cold Snap","Conserve Battery"],"picked":"BootSequence","floor":18},{"not_picked":["Auto Shields+1","Genetic Algorithm"],"picked":"Glacier+1","floor":21},{"not_picked":["Steam Power","Reinforced Body"],"picked":"Loop","floor":25},{"not_picked":["Aggregate","Leap","Glacier"],"picked":"Darkness","floor":28},{"not_picked":["Go for the Eyes","Steam","Turbo+1"],"picked":"Redo","floor":29},{"not_picked":["Amplify","Self Repair","BootSequence"],"picked":"Consume","floor":30},{"not_picked":["Ball Lightning","Rebound","Sunder"],"picked":"Self Repair","floor":31},{"not_picked":["Electrodynamics","Rainbow","Creative AI"],"picked":"Meteor Strike","floor":33},{"not_picked":["Melter","Go for the Eyes","Coolheaded"],"picked":"Cold Snap+1","floor":35},{"not_picked":["Rebound","Ball Lightning","Tempest"],"picked":"Compile Driver+1","floor":36},{"not_picked":["Coolheaded","Recycle+1","Tempest+1"],"picked":"Double Energy","floor":37},{"not_picked":["Static Discharge","Recycle+1","Turbo"],"picked":"Self Repair+1","floor":39},{"not_picked":["Rip and Tear","Conserve Battery","Gash+1","Cold Snap"],"picked":"SKIP","floor":41},{"not_picked":["Hello World+1","Beam Cell","Hyperbeam"],"picked":"Darkness","floor":44},{"not_picked":["White Noise+1","Tempest","Sunder"],"picked":"Blizzard+1","floor":46},{"not_picked":["Sweeping Beam","Cold Snap","Hologram"],"picked":"BootSequence+1","floor":48},{"not_picked":["Ball Lightning","Recycle+1","Beam Cell+1"],"picked":"BootSequence","floor":54}],"player_experience":463160,"relics_obtained":[{"floor":6,"key":"Gambling Chip"},{"floor":11,"key":"Odd Mushroom"},{"floor":12,"key":"Bottled Tornado"},{"floor":25,"key":"Question Card"},{"floor":26,"key":"Blue Candle"},{"floor":28,"key":"Oddly Smooth Stone"},{"floor":36,"key":"Turnip"},{"floor":38,"key":"HornCleat"},{"floor":39,"key":"Calipers"},{"floor":41,"key":"Unceasing Top"},{"floor":43,"key":"The Courier"},{"floor":46,"key":"Orichalcum"},{"floor":54,"key":"Blood Vial"}],"event_choices":[{"damage_healed":0,"gold_gain":0,"player_choice":"Success","damage_taken":3,"relics_obtained":["Bag of Preparation"],"max_hp_gain":0,"max_hp_loss":0,"event_name":"Scrap Ooze","floor":3,"gold_loss":0},{"damage_healed":0,"gold_gain":0,"player_choice":"Fought Mushrooms","damage_taken":0,"max_hp_gain":0,"max_hp_loss":0,"event_name":"Mushrooms","floor":11,"gold_loss":0},{"damage_healed":0,"gold_gain":0,"player_choice":"Grow","damage_taken":0,"max_hp_gain":0,"max_hp_loss":0,"event_name":"Living Wall","floor":13,"gold_loss":0,"cards_upgraded":["Loop"]},{"damage_healed":0,"gold_gain":0,"player_choice":"Simplicity","damage_taken":0,"max_hp_gain":0,"max_hp_loss":0,"event_name":"Back to Basics","floor":19,"gold_loss":0,"cards_upgraded":["Strike_B","Strike_B","Strike_B","Defend_B","Defend_B","Defend_B","Defend_B"]},{"damage_healed":0,"gold_gain":0,"player_choice":"Ignored","damage_taken":0,"max_hp_gain":0,"max_hp_loss":0,"event_name":"Vampires","floor":20,"gold_loss":0},{"damage_healed":0,"gold_gain":0,"player_choice":"Fight","damage_taken":0,"max_hp_gain":0,"max_hp_loss":0,"event_name":"Mysterious Sphere","floor":36,"gold_loss":0},{"damage_healed":0,"gold_gain":0,"player_choice":"Fight","damage_taken":0,"max_hp_gain":0,"max_hp_loss":0,"event_name":"MindBloom","floor":39,"gold_loss":0},{"damage_healed":0,"gold_gain":0,"player_choice":"Embrace Madness","damage_taken":9,"max_hp_gain":0,"max_hp_loss":0,"event_name":"Winding Halls","floor":45,"gold_loss":0,"cards_obtained":["Madness","Madness"]}],"is_beta":false,"boss_relics":[{"not_picked":["Runic Dome","Philosopher\u0027s Stone"],"picked":"Inserter"},{"not_picked":["Astrolabe","Fusion Hammer"],"picked":"Nuclear Battery"}],"items_purged_floors":[2],"is_endless":false,"potions_floor_spawned":[5,8,11,18,29,30,33,36,37,44],"ascension_level":0}}