{"host":"22ezjknwheybwqtz","time":1612610546,"event":{"mods":["BaseMod","Downfall","Minty Spire (QoL Compilation)","Shop Mod","StSLib","The Dragon Tamer"],"gold_per_floor":[115,65,340,350,367,367,399,399,424,424,442,461,481,556,556,652,652,662,662,662,662,662,678,678,695,721,735,735,748,130,130,130,130,130,130],"floor_reached":33,"language":"ENG","playtime":914,"items_purged":["Regret"],"score":272,"play_id":"bab5dc4c-78b2-4c1c-9edc-b8504bc2eb91","local_time":"20210206192226","is_ascension_mode":false,"metric_token":403,"campfire_choices":[{"data":"DTMod:SwitchingTactic","floor":6,"key":"SMITH"},{"data":"DTMod:HeatWave","floor":8,"key":"SMITH"},{"data":"DTMod:CleansingStrike","floor":10,"key":"SMITH"},{"floor":15,"key":"REST"},{"data":"DTMod:BurningForce","floor":24,"key":"SMITH"},{"floor":28,"key":"REST"},{"floor":32,"key":"REST"}],"dtmod_dragon_data":[0,50,1,-1,8,0],"circlet_count":0,"master_deck":["DTMod:Strike+1","DTMod:Strike+1","DTMod:Strike+1","DTMod:Strike+1","DTMod:DoubleHit","DTMod:TargetDefense+1","DTMod:TargetDefense+1","DTMod:TargetDefense+1","DTMod:SwitchingTactic+1","DTMod:CleansingStrike+1","DTMod:TagTeam","DTMod:BlazingStrike","DTMod:HeatWave+1","DTMod:BurningEnergy","DTMod:PurifyingFlame","DTMod:BurningForce+1","DTMod:ResonanceForm","DTMod:DragonDance+1","DTMod:BlazingStrike+1","DTMod:ComboAttack","DTMod:CalculatedDefense","DTMod:TagTeam","DTMod:SealedStrike"],"relics":["DTMod:PactStone","Centennial Puzzle","Lantern","Runic Dome","Toy Ornithopter","Bag of Preparation","DTMod:TacticalNote","Strange Spoon"],"acts_visited":["Exordium","TheCity"],"potions_floor_usage":[7,16,16,16,29],"damage_taken":[{"damage":0,"enemies":"Small Slimes","floor":1,"turns":3},{"damage":0,"enemies":"Cultist","floor":4,"turns":3},{"damage":0,"enemies":"Jaw Worm","floor":5,"turns":3},{"damage":0,"enemies":"Gremlin Nob","floor":7,"turns":4},{"damage":0,"enemies":"Exordium Thugs","floor":11,"turns":4},{"damage":0,"enemies":"Looter","floor":12,"turns":2},{"damage":10,"enemies":"3 Louse","floor":13,"turns":2},{"damage":24,"enemies":"The Guardian","floor":16,"turns":7},{"damage":0,"enemies":"Spheric Guardian","floor":18,"turns":4},{"damage":22,"enemies":"3 Byrds","floor":23,"turns":5},{"damage":1,"enemies":"Centurion and Healer","floor":25,"turns":4},{"damage":0,"enemies":"Snake Plant","floor":27,"turns":3},{"damage":22,"enemies":"Shelled Parasite and Fungi","floor":29,"turns":5},{"damage":54,"enemies":"Automaton","floor":33,"turns":6}],"seed_played":"-4444585880956452084","potions_obtained":[{"floor":0,"key":"CultistPotion"},{"floor":0,"key":"Ancient Potion"},{"floor":0,"key":"AttackPotion"},{"floor":4,"key":"Fire Potion"},{"floor":5,"key":"DuplicationPotion"},{"floor":11,"key":"bronze:BurnAndBuffPotion"},{"floor":18,"key":"Weak Potion"},{"floor":29,"key":"Fire Potion"}],"is_trial":false,"path_per_floor":["M","?","?","M","M","R","E","R","T","R","M","M","M","?","R","B",null,"M","?","T","?","?","M","R","M","T","M","R","M","$","?","R","B"],"character_chosen":"THE_DT","items_purchased":["DTMod:SealedStrike","DTMod:TacticalNote","Strange Spoon"],"campfire_rested":3,"item_purchase_floors":[30,30,30],"current_hp_per_floor":[45,45,45,45,45,45,45,45,45,45,45,45,35,24,37,13,45,45,45,45,45,45,23,23,22,22,22,35,18,18,18,31,0,0,0],"gold":130,"neow_bonus":"THREE_SMALL_POTIONS","is_daily":false,"chose_seed":false,"campfire_upgraded":4,"win_rate":0.0,"timestamp":1612610546,"path_taken":["M","?","?","?","M","R","E","R","T","R","M","M","M","?","R","BOSS","M","?","?","?","?","M","R","M","T","M","R","M","$","?","R","BOSS"],"items_purchased_type":["Card","Relic","Relic"],"build_version":"2020-12-22","purchased_purges":1,"victory":false,"max_hp_per_floor":[45,45,45,45,45,45,45,45,45,45,45,45,45,45,45,45,45,45,45,45,45,45,45,45,45,45,45,45,45,45,45,45,45,45,45],"card_choices":[{"not_picked":["DTMod:WarmUp","DTMod:RunningTactic"],"picked":"DTMod:CleansingStrike","floor":1},{"not_picked":["DTMod:FlameSlash","DTMod:HeatWave"],"picked":"DTMod:TagTeam","floor":4},{"not_picked":["DTMod:Training","DTMod:Punisher"],"picked":"DTMod:BlazingStrike","floor":5},{"not_picked":["DTMod:LastStand","DTMod:Weaken"],"picked":"DTMod:HeatWave","floor":7},{"not_picked":["DTMod:WarmUp","DTMod:Cover"],"picked":"DTMod:BurningEnergy","floor":11},{"not_picked":["DTMod:StarRain","DTMod:BurningEnergy"],"picked":"DTMod:PurifyingFlame","floor":12},{"not_picked":["DTMod:Threaten","DTMod:Observe"],"picked":"DTMod:BurningForce","floor":13},{"not_picked":["DTMod:HeadStart","DTMod:Inferno"],"picked":"DTMod:ResonanceForm","floor":16},{"not_picked":["DTMod:BuildUp","DTMod:Feint"],"picked":"DTMod:DragonDance+1","floor":18},{"not_picked":["DTMod:CrossStep+1","DTMod:BurningEnergy+1"],"picked":"DTMod:BlazingStrike+1","floor":23},{"not_picked":["DTMod:CleansingStrike","DTMod:ShieldDrain"],"picked":"DTMod:ComboAttack","floor":25},{"not_picked":["DTMod:Cover","DTMod:Weaken"],"picked":"DTMod:CalculatedDefense","floor":27},{"not_picked":["DTMod:Feint+1","DTMod:BizarreTactic"],"picked":"DTMod:TagTeam","floor":29}],"player_experience":103163,"relics_obtained":[{"floor":7,"key":"Centennial Puzzle"},{"floor":9,"key":"Lantern"},{"floor":20,"key":"Toy Ornithopter"}],"event_choices":[{"cards_removed":["DTMod:TargetDefense"],"damage_healed":0,"gold_gain":0,"player_choice":"Card Removal","damage_taken":0,"max_hp_gain":0,"max_hp_loss":0,"event_name":"The Cleric","floor":2,"gold_loss":50},{"damage_healed":0,"gold_gain":275,"player_choice":"Desecrate","damage_taken":0,"max_hp_gain":0,"max_hp_loss":0,"event_name":"Golden Shrine","floor":3,"gold_loss":0,"cards_obtained":["Regret"]},{"damage_healed":0,"gold_gain":75,"player_choice":"Gather Gold","damage_taken":11,"max_hp_gain":0,"max_hp_loss":0,"event_name":"World of Goop","floor":14,"gold_loss":0},{"damage_healed":0,"gold_gain":0,"player_choice":"Simplicity","damage_taken":0,"max_hp_gain":0,"max_hp_loss":0,"event_name":"Back to Basics","floor":21,"gold_loss":0,"cards_upgraded":["DTMod:Strike","DTMod:Strike","DTMod:Strike","DTMod:Strike","DTMod:TargetDefense","DTMod:TargetDefense","DTMod:TargetDefense"]},{"damage_healed":0,"gold_gain":0,"player_choice":"Opened","damage_taken":0,"relics_obtained":["Bag of Preparation"],"max_hp_gain":0,"max_hp_loss":0,"event_name":"The Mausoleum","floor":22,"gold_loss":0},{"damage_healed":0,"gold_gain":0,"player_choice":"Ignored","damage_taken":0,"max_hp_gain":0,"max_hp_loss":0,"event_name":"Vampires","floor":31,"gold_loss":0}],"is_beta":false,"boss_relics":[{"not_picked":["Fusion Hammer","Ectoplasm"],"picked":"Runic Dome"}],"items_purged_floors":[30],"is_endless":false,"potions_floor_spawned":[4,5,11,18,29],"killed_by":"Automaton","ascension_level":0}}