{"host":"vyjryxuuuxkt43k4","time":1612585372,"event":{"mods":["AchievementEnabler","BaseMod","Colored Map","DeckTracker","Highlight Path","Keyboard Shortcuts","Minty Spire (QoL Compilation)","Permanent Neow","Quick Restart","Relic Stats","StSLib","SuperFastMode","everything is the same but u backflip on backflip"],"gold_per_floor":[366,291,8,8,31,31,41,53,78,94,120,131,166,186,186,258,258,271,286,3,3,23,49,49,78,102,102,52,77,2,20,20,92,92,111,111,165,190,204,204,216,241,268,295,295,314,345,359,359,359,359,359,41,67,67],"floor_reached":56,"language":"KOR","playtime":5566,"items_purged":["Defend_P","Strike_P","Strike_P","Meditate"],"score":2273,"play_id":"28cef3d9-0452-463f-9b24-881f35a7b095","local_time":"20210206132252","is_ascension_mode":true,"campfire_choices":[{"data":"Apotheosis","floor":6.0,"key":"SMITH"},{"floor":15.0,"key":"REST"},{"floor":27.0,"key":"REST"},{"floor":32.0,"key":"REST"},{"floor":40.0,"key":"REST"},{"floor":45.0,"key":"REST"},{"floor":49.0,"key":"RECALL"},{"floor":52.0,"key":"REST"}],"circlet_count":0,"master_deck":["AscendersBane","Eruption+1","Vigilance","Meditate+1","Apotheosis+1","Consecrate","SandsOfTime","Vengeance","FollowUp+1","Tantrum+1","CrushJoints+1","Brilliance+1","Ragnarok+1","EmptyMind","MentalFortress","FearNoEvil+1","MentalFortress","Blasphemy","FlurryOfBlows+1","Wallop+1","DevaForm","Adaptation","Crescendo+1","Indignation","TalkToTheHand+1","Halt+1","WreathOfFlame","ClearTheMind","TalkToTheHand+1","Scrawl"],"relics":["PureWater","Vajra","Nunchaku","Molten Egg 2","Lantern","Fusion Hammer","Smiling Mask","Bag of Preparation","MealTicket","Shuriken","Pandora\u0027s Box","Bird Faced Urn","Lizard Tail","War Paint","Orichalcum","Ornamental Fan","Blue Candle","Mummified Hand"],"acts_visited":["Exordium","TheCity","TheBeyond","TheEnding"],"potions_floor_usage":[55],"damage_taken":[{"damage":20.0,"enemies":"Cultist","floor":1.0,"turns":6.0},{"damage":7.0,"enemies":"Small Slimes","floor":7.0,"turns":3.0},{"damage":0.0,"enemies":"Jaw Worm","floor":8.0,"turns":3.0},{"damage":0.0,"enemies":"Lots of Slimes","floor":10.0,"turns":2.0},{"damage":0.0,"enemies":"Lagavulin","floor":11.0,"turns":3.0},{"damage":0.0,"enemies":"2 Fungi Beasts","floor":12.0,"turns":2.0},{"damage":10.0,"enemies":"3 Sentries","floor":13.0,"turns":3.0},{"damage":0.0,"enemies":"Red Slaver","floor":14.0,"turns":1.0},{"damage":30.0,"enemies":"Hexaghost","floor":16.0,"turns":4.0},{"damage":2.0,"enemies":"3 Byrds","floor":18.0,"turns":2.0},{"damage":13.0,"enemies":"Shell Parasite","floor":19.0,"turns":2.0},{"damage":3.0,"enemies":"Sentry and Sphere","floor":22.0,"turns":3.0},{"damage":2.0,"enemies":"Gremlin Leader","floor":23.0,"turns":3.0},{"damage":11.0,"enemies":"Book of Stabbing","floor":25.0,"turns":4.0},{"damage":0.0,"enemies":"Gremlin Leader","floor":29.0,"turns":2.0},{"damage":23.0,"enemies":"Centurion and Healer","floor":31.0,"turns":3.0},{"damage":12.0,"enemies":"Automaton","floor":33.0,"turns":6.0},{"damage":30.0,"enemies":"3 Shapes","floor":35.0,"turns":3.0},{"damage":14.0,"enemies":"2 Orb Walkers","floor":37.0,"turns":3.0},{"damage":0.0,"enemies":"Orb Walker","floor":39.0,"turns":1.0},{"damage":0.0,"enemies":"Writhing Mass","floor":41.0,"turns":2.0},{"damage":21.0,"enemies":"Reptomancer","floor":42.0,"turns":4.0},{"damage":0.0,"enemies":"Nemesis","floor":44.0,"turns":1.0},{"damage":0.0,"enemies":"Spire Growth","floor":46.0,"turns":2.0},{"damage":0.0,"enemies":"Reptomancer","floor":47.0,"turns":2.0},{"damage":0.0,"enemies":"Maw","floor":48.0,"turns":4.0},{"damage":11.0,"enemies":"Time Eater","floor":50.0,"turns":4.0},{"damage":22.0,"enemies":"Shield and Spear","floor":54.0,"turns":4.0},{"damage":69,"enemies":"The Heart","floor":55,"turns":5}],"seed_played":"4911654978489545441","potions_obtained":[{"floor":1.0,"key":"Swift Potion"},{"floor":7.0,"key":"Dexterity Potion"},{"floor":11.0,"key":"Strength Potion"},{"floor":13.0,"key":"AttackPotion"},{"floor":16.0,"key":"LiquidMemories"},{"floor":23.0,"key":"ColorlessPotion"},{"floor":25.0,"key":"Ancient Potion"},{"floor":39.0,"key":"Ancient Potion"},{"floor":42.0,"key":"BottledMiracle"},{"floor":46.0,"key":"Block Potion"},{"floor":54.0,"key":"SteroidPotion"}],"is_trial":false,"path_per_floor":["M","?","$","?","T","R","M","M","T","M","E","M","E","M","R","B",null,"M","M","$","?","M","E","?","E","T","R","$","E","?","M","R","B",null,"M","?","?","T","M","R","M","E","T","E","R","M","E","M","R","B",null,"R","$","E","B",null],"character_chosen":"WATCHER","items_purchased":["Apotheosis","MentalFortress","SpeedPotion","FearNoEvil+1","Blue Candle"],"campfire_rested":6,"item_purchase_floors":[3,20,20,20,53],"current_hp_per_floor":[41,41,41,41,41,41,34,34,34,34,34,34,24,24,44,14,55,53,40,40,40,37,35,35,24,24,44,59,59,59,36,56,44,62,32,32,18,18,18,37,41,26,26,26,45,47,49,55,55,52,62,65,65,49,33],"gold":67,"neow_bonus":"TWO_FIFTY_GOLD","is_daily":false,"chose_seed":false,"campfire_upgraded":1,"win_rate":0.0,"timestamp":1612585372,"path_taken":["M","?","$","?","?","R","M","M","T","M","E","M","E","M","R","BOSS","M","M","?","?","?","E","?","E","T","R","$","E","?","M","R","BOSS","M","?","?","?","M","R","M","E","T","E","R","M","E","M","R","BOSS","R","$","E","BOSS"],"items_purchased_type":["Card","Card","Potion","Card","Relic"],"build_version":"2020-12-22","purchased_purges":4,"victory":true,"max_hp_per_floor":[68,68,68,68,68,68,68,68,68,68,68,68,68,68,68,68,68,68,68,68,68,68,68,68,68,68,68,68,68,68,68,68,68,68,68,65,65,65,65,65,65,65,65,65,65,65,65,65,65,65,65,65,65,65,65],"relic_stats":{"counters":[29,87],"Blue Candle":[0],"Bag of Preparation":[30],"War Paint":["Crescendo","Meditate"],"Orichalcum":[0],"Smiling Mask":175,"Nunchaku":[21],"Lizard Tail":32,"Shuriken":[38],"Ornamental Fan":[56],"Mummified Hand":[6],"Bird Faced Urn":[40],"MealTicket":15,"Pandora\u0027s Box":["Meditate","Adaptation","Crescendo","Indignation"],"obtain_stats":[{"Lantern":13,"Blue Candle":53,"Vajra":5,"Bag of Preparation":25,"War Paint":43,"Orichalcum":44,"Smiling Mask":23,"Nunchaku":9,"Lizard Tail":42,"Shuriken":29,"Ornamental Fan":47,"Mummified Hand":54,"Bird Faced Urn":37,"Molten Egg 2":11,"MealTicket":26,"Pandora\u0027s Box":34,"Fusion Hammer":17,"PureWater":0},{"Lantern":7,"Blue Candle":27,"Vajra":1,"Bag of Preparation":14,"War Paint":22,"Orichalcum":23,"Smiling Mask":13,"Nunchaku":3,"Lizard Tail":22,"Shuriken":15,"Ornamental Fan":25,"Mummified Hand":28,"Bird Faced Urn":19,"Molten Egg 2":5,"MealTicket":14,"Pandora\u0027s Box":17,"Fusion Hammer":9,"PureWater":0},{"Lantern":22,"Blue Candle":78,"Vajra":6,"Bag of Preparation":41,"War Paint":65,"Orichalcum":66,"Smiling Mask":37,"Nunchaku":12,"Lizard Tail":65,"Shuriken":43,"Ornamental Fan":70,"Mummified Hand":82,"Bird Faced Urn":58,"Molten Egg 2":17,"MealTicket":41,"Pandora\u0027s Box":52,"Fusion Hammer":27,"PureWater":0}]},"card_choices":[{"not_picked":["Vengeance","PathToVictory"],"picked":"Meditate","floor":1.0},{"not_picked":["ThirdEye","BowlingBash"],"picked":"Consecrate","floor":7.0},{"not_picked":["Worship","Evaluate"],"picked":"SandsOfTime","floor":8.0},{"not_picked":["FlyingSleeves","CrushJoints"],"picked":"Vengeance","floor":10.0},{"not_picked":["WaveOfTheHand","EmptyBody"],"picked":"FollowUp+1","floor":11.0},{"not_picked":["FlurryOfBlows+1","JustLucky+1"],"picked":"Tantrum+1","floor":12.0},{"not_picked":["Evaluate","Halt"],"picked":"CrushJoints+1","floor":13.0},{"not_picked":["EmptyFist+1","Nirvana"],"picked":"Brilliance+1","floor":14.0},{"not_picked":["Alpha","Establishment"],"picked":"Ragnarok+1","floor":16.0},{"not_picked":["JustLucky+1","Crescendo","CrushJoints+1"],"picked":"SKIP","floor":18.0},{"not_picked":["Crescendo","BowlingBash+1"],"picked":"EmptyMind","floor":19.0},{"not_picked":["DeceiveReality","EmptyBody","Sanctity"],"picked":"SKIP","floor":22.0},{"not_picked":["FollowUp+1","Conclude+1","CutThroughFate+1"],"picked":"SKIP","floor":23.0},{"not_picked":["ThirdEye","PathToVictory"],"picked":"Blasphemy","floor":25.0},{"not_picked":["SpiritShield","CutThroughFate+1"],"picked":"FlurryOfBlows+1","floor":29.0},{"not_picked":["SignatureMove+1","Protect"],"picked":"Wallop+1","floor":31.0},{"not_picked":["Wish","Devotion"],"picked":"DevaForm","floor":33.0},{"not_picked":["Worship","Prostrate+1"],"picked":"TalkToTheHand+1","floor":35.0},{"not_picked":["ThirdEye+1","Consecrate+1"],"picked":"Halt+1","floor":37.0},{"not_picked":["BattleHymn","Fasting2"],"picked":"WreathOfFlame","floor":39.0},{"not_picked":["Indignation","Worship+1","Crescendo"],"picked":"SKIP","floor":41.0},{"not_picked":["JustLucky+1","CrushJoints+1","WaveOfTheHand"],"picked":"SKIP","floor":42.0},{"not_picked":["LessonLearned+1","Wireheading+1"],"picked":"ClearTheMind","floor":44.0},{"not_picked":["Halt","EmptyFist+1"],"picked":"TalkToTheHand+1","floor":46.0},{"not_picked":["Evaluate","PathToVictory","FlurryOfBlows+1"],"picked":"SKIP","floor":47.0},{"not_picked":["EmptyBody+1","DeceiveReality+1"],"picked":"Scrawl","floor":48.0},{"not_picked":["Worship+1","Protect","Tantrum+1"],"picked":"SKIP","floor":54.0}],"player_experience":778090,"relics_obtained":[{"floor":5.0,"key":"Vajra"},{"floor":9.0,"key":"Nunchaku"},{"floor":11.0,"key":"Molten Egg 2"},{"floor":13.0,"key":"Lantern"},{"floor":23.0,"key":"Smiling Mask"},{"floor":25.0,"key":"Bag of Preparation"},{"floor":26.0,"key":"MealTicket"},{"floor":29.0,"key":"Shuriken"},{"floor":37.0,"key":"Bird Faced Urn"},{"floor":42.0,"key":"Lizard Tail"},{"floor":43.0,"key":"War Paint"},{"floor":44.0,"key":"Orichalcum"},{"floor":47.0,"key":"Ornamental Fan"},{"floor":54.0,"key":"Mummified Hand"}],"event_choices":[{"cards_removed":["Normality"],"damage_healed":0.0,"max_hp_gain":0.0,"max_hp_loss":0.0,"gold_gain":0.0,"event_name":"The Cleric","player_choice":"Card Removal","floor":2.0,"gold_loss":75.0,"damage_taken":0.0},{"damage_healed":0.0,"max_hp_gain":0.0,"max_hp_loss":0.0,"gold_gain":0.0,"event_name":"Living Wall","player_choice":"Grow","floor":4.0,"gold_loss":0.0,"damage_taken":0.0,"cards_upgraded":["Eruption"]},{"damage_healed":0.0,"max_hp_gain":0.0,"max_hp_loss":0.0,"gold_gain":0.0,"event_name":"Duplicator","player_choice":"Copied","floor":21.0,"gold_loss":0.0,"damage_taken":0.0,"cards_obtained":["MentalFortress"]},{"damage_healed":0.0,"max_hp_gain":0.0,"max_hp_loss":0.0,"gold_gain":0.0,"event_name":"The Mausoleum","player_choice":"Ignored","floor":24.0,"gold_loss":0.0,"damage_taken":0.0},{"cards_removed":["Defend_P"],"damage_healed":0.0,"max_hp_gain":0.0,"max_hp_loss":0.0,"gold_gain":0.0,"event_name":"Beggar","player_choice":"Gave Gold","floor":30.0,"gold_loss":75.0,"damage_taken":0.0},{"damage_healed":0.0,"max_hp_gain":0.0,"max_hp_loss":3.0,"gold_gain":0.0,"event_name":"Winding Halls","player_choice":"Max HP","floor":36.0,"gold_loss":0.0,"damage_taken":0.0},{"damage_healed":0.0,"max_hp_gain":0.0,"max_hp_loss":0.0,"gold_gain":0.0,"event_name":"Mysterious Sphere","player_choice":"Fight","floor":37.0,"gold_loss":0.0,"damage_taken":0.0}],"is_beta":false,"boss_relics":[{"not_picked":["Empty Cage","Runic Dome"],"picked":"Fusion Hammer"},{"not_picked":["Calling Bell","Sozu"],"picked":"Pandora\u0027s Box"}],"items_purged_floors":[3,20,28,53],"is_endless":false,"potions_floor_spawned":[1,7,11,13,16,22,23,25,39,42,46,47,54],"ascension_level":17}}