{"host":"amvb77pwe2wp6zyc","time":1612575509,"event":{"mods":["2.2 Compatiblity","AchievementEnabler","AlwaysNeverKeys","BaseMod","BetterRewards","Downfall","Duelist Mod","GifTheSpireLib","Minty Spire (QoL Compilation)","Permanent Neow","Quick Restart","Relic Filter","Shop Mod","StSLib","SuperFastMode","Trackpad"],"gold_per_floor":[145,70,90,165,176,211,222,254,300,300,300,300,326,326,326,399,399,409,30,52,63,82,116,116,145,194,194,219,233,233,249,249,323,323,340,257,257,268,284,284,295,295,318,338,352,231,231,250,250,250,250,250,166,201,201],"floor_reached":56,"language":"DEU","playtime":3073,"items_purged":["theDuelist:NaturiaBeast","theDuelist:Sparks","theDuelist:NaturiaTulip"],"score":2624,"play_id":"6e71ddb3-f1c7-4a21-a536-13fc9870a23d","local_time":"20210206023829","is_ascension_mode":true,"campfire_choices":[{"data":"theDuelist:Sparks","floor":10,"key":"PURGE"},{"floor":15,"key":"REST"},{"data":"theDuelist:Sparks","floor":24,"key":"PURGE"},{"data":"theDuelist:CastleWalls","floor":30,"key":"PURGE"},{"data":"theDuelist:CastleWalls","floor":32,"key":"PURGE"},{"data":"theDuelist:Wiretap","floor":40,"key":"PURGE"},{"floor":42,"key":"DIG"},{"floor":47,"key":"DIG"},{"floor":49,"key":"DIG"},{"floor":52,"key":"DIG"}],"circlet_count":0,"master_deck":["AscendersBane","theDuelist:NaturiaPineapple","theDuelist:NaturiaHorneedle","theDuelist:NaturiaRagweed","theDuelist:NaturiaHorneedle","theDuelist:NaturiaPineapple"],"relics":["theDuelist:MillenniumPuzzle","theDuelist:CardPoolRelic","theDuelist:CardPoolBasicRelic","theDuelist:BoosterPackPoolRelic","theDuelist:CardPoolAddRelic","theDuelist:CardPoolMinusRelic","theDuelist:CardPoolSaveRelic","theDuelist:CardPoolOptionsRelic","Medical Kit","Peace Pipe","Shovel","trackpad:FieryHotPepper","Calipers","Unceasing Top","Boot","Torii","theDuelist:SolderToken","Coffee Dripper","MerchantsRug","theDuelist:GiftAnubis","theDuelist:BoosterPackHealer","MealTicket","HoveringKite","trackpad:SappingStone","Bird Faced Urn","DollysMirror","TungstenRod","theDuelist:NaturiaRelic","Art of War","Black Star"],"acts_visited":["Exordium","TheCity","TheBeyond","TheEnding"],"potions_floor_usage":[8],"damage_taken":[{"damage":0,"enemies":"2 Louse","floor":1,"turns":2},{"damage":0,"enemies":"Jaw Worm","floor":3,"turns":3},{"damage":0,"enemies":"Cultist","floor":5,"turns":3},{"damage":10,"enemies":"Lagavulin","floor":6,"turns":6},{"damage":0,"enemies":"Looter","floor":7,"turns":3},{"damage":0,"enemies":"3 Sentries","floor":8,"turns":4},{"damage":0,"enemies":"Lagavulin","floor":13,"turns":6},{"damage":0,"enemies":"Hexaghost","floor":16,"turns":9},{"damage":16,"enemies":"Shell Parasite","floor":18,"turns":5},{"damage":0,"enemies":"Chosen","floor":21,"turns":4},{"damage":7,"enemies":"Centurion and Healer","floor":22,"turns":4},{"damage":0,"enemies":"theDuelist:KaibaA2","floor":23,"turns":4},{"damage":16,"enemies":"Book of Stabbing","floor":25,"turns":6},{"damage":0,"enemies":"theDuelist:KaibaA2","floor":28,"turns":4},{"damage":0,"enemies":"3 Cultists","floor":29,"turns":2},{"damage":0,"enemies":"Snake Plant","floor":31,"turns":2},{"damage":0,"enemies":"Champ","floor":33,"turns":6},{"damage":0,"enemies":"3 Shapes","floor":35,"turns":2},{"damage":0,"enemies":"Orb Walker","floor":38,"turns":2},{"damage":8,"enemies":"Transient","floor":39,"turns":4},{"damage":0,"enemies":"Sphere and 2 Shapes","floor":41,"turns":2},{"damage":11,"enemies":"Jaw Worm Horde","floor":44,"turns":2},{"damage":0,"enemies":"Writhing Mass","floor":45,"turns":2},{"damage":0,"enemies":"Transient","floor":48,"turns":5},{"damage":0,"enemies":"Donu and Deca","floor":50,"turns":2},{"damage":0,"enemies":"Shield and Spear","floor":54,"turns":2},{"damage":0,"enemies":"The Heart","floor":55,"turns":4}],"seed_played":"530980167813259994","potions_obtained":[{"floor":3,"key":"SteroidPotion"},{"floor":6,"key":"theDuelist:DebuffFuryPotion"},{"floor":13,"key":"CultistPotion"},{"floor":21,"key":"theDuelist:FireBottle"},{"floor":31,"key":"GamblersBrew"},{"floor":38,"key":"theDuelist:DebuffArmorPotion"},{"floor":41,"key":"Weak Potion"},{"floor":48,"key":"theDuelist:TokenPotionB"}],"is_trial":false,"path_per_floor":["M","$","M","?","M","E","M","E","T","R","?","T","E","?","R","B",null,"M","$","?","M","M","E","R","E","T","?","E","M","R","M","R","B",null,"M","$","?","M","M","R","M","R","T","M","M","$","R","M","R","B",null,"R","$","E","B",null],"character_chosen":"THE_DUELIST","items_purchased":["Medical Kit","Peace Pipe","Shovel","trackpad:FieryHotPepper","MerchantsRug","theDuelist:NaturiaHorneedle","DollysMirror","GamblersBrew"],"campfire_rested":1,"item_purchase_floors":[0,0,0,0,19,19,46,53],"current_hp_per_floor":[31,31,31,20,20,10,10,10,10,10,10,10,10,10,31,31,60,44,44,44,44,37,37,37,21,21,21,21,25,25,29,29,29,60,64,70,70,70,66,66,66,66,66,55,59,70,70,70,70,70,70,70,70,70,70],"gold":201,"neow_bonus":"","is_daily":false,"chose_seed":false,"campfire_upgraded":0,"win_rate":0.0,"timestamp":1612575509,"path_taken":["M","$","M","?","M","E","M","E","T","R","?","?","E","?","R","BOSS","M","?","?","M","M","E","R","E","T","?","E","M","R","M","R","BOSS","M","$","?","M","?","R","M","R","T","M","M","$","R","M","R","BOSS","R","$","E","BOSS"],"items_purchased_type":["Relic","Relic","Relic","Relic","Relic","Card","Relic","Potion"],"build_version":"2020-12-22","purchased_purges":3,"victory":true,"max_hp_per_floor":[70,70,70,70,70,70,70,70,70,70,70,70,70,70,70,70,70,70,70,70,70,70,70,70,70,70,70,70,70,70,70,70,70,70,70,70,70,70,70,70,70,70,70,70,70,70,70,70,70,70,70,70,70,70,70],"card_choices":[{"not_picked":["theDuelist:NaturiaDragonfly","theDuelist:NaturiaMarron","theDuelist:NaturiaTulip","theDuelist:LonefireBlossom","theDuelist:CopyPlant"],"picked":"SKIP","floor":1},{"not_picked":["theDuelist:NaturiaDragonfly","theDuelist:NaturiaMarron","theDuelist:NaturiaRagweed","theDuelist:SummoningSwarm","theDuelist:NaturiaTulip"],"picked":"SKIP","floor":3},{"not_picked":["theDuelist:NaturiaDragonfly","theDuelist:LonefireBlossom","theDuelist:NaturiaMarron","theDuelist:SummoningSwarm","theDuelist:AcidTrapHole"],"picked":"SKIP","floor":5},{"not_picked":["theDuelist:NaturiaDragonfly","theDuelist:NaturiaMarron","theDuelist:NaturiaRagweed","theDuelist:LonefireBlossom"],"picked":"theDuelist:NaturiaPineapple","floor":6},{"not_picked":["theDuelist:NaturiaDragonfly","theDuelist:NaturiaMarron","theDuelist:NaturiaRagweed","theDuelist:SummoningSwarm","theDuelist:NaturiaTulip"],"picked":"SKIP","floor":7},{"not_picked":["theDuelist:NaturiaDragonfly","theDuelist:NaturiaTulip","theDuelist:LonefireBlossom","theDuelist:SummoningSwarm","theDuelist:NaturiaSacredTree"],"picked":"SKIP","floor":8},{"not_picked":["theDuelist:WildNatureRelease","theDuelist:SeedSacredTree","theDuelist:NaturiaSacredTree","theDuelist:ConvulsionNature","theDuelist:WormBait"],"picked":"SKIP","floor":13},{"not_picked":["theDuelist:NaturiaPumpkin+1","theDuelist:Wiretap","theDuelist:NaturiaTulip+1","theDuelist:NaturiaWhiteOak","theDuelist:NaturiaSacredTree"],"picked":"SKIP","floor":18},{"not_picked":["theDuelist:NaturiaDragonfly","theDuelist:NaturiaRagweed","theDuelist:LonefireBlossom+1","theDuelist:CopyPlant","theDuelist:WormBait"],"picked":"SKIP","floor":21},{"not_picked":["theDuelist:NaturiaDragonfly","theDuelist:SummoningSwarm+1","theDuelist:LonefireBlossom","theDuelist:NaturiaRagweed"],"picked":"SKIP","floor":22},{"not_picked":["theDuelist:NaturiaDragonfly","theDuelist:SummoningSwarm","theDuelist:NaturiaTulip","theDuelist:NaturiaMarron"],"picked":"SKIP","floor":23},{"not_picked":["theDuelist:AcidTrapHole","theDuelist:Alpacaribou","theDuelist:WildNatureRelease"],"picked":"SKIP","floor":25},{"not_picked":["theDuelist:NaturiaDragonfly","theDuelist:NaturiaRagweed","theDuelist:NaturiaTulip","theDuelist:NaturiaMarron","theDuelist:NaturiaWhiteOak+1"],"picked":"SKIP","floor":28},{"not_picked":["theDuelist:Wildfire","theDuelist:NaturiaForest+1"],"picked":"theDuelist:NaturiaHorneedle","floor":29},{"not_picked":["theDuelist:Alpacaribou","theDuelist:NaturiaWhiteOak","theDuelist:CopyPlant","theDuelist:WormBait","theDuelist:ConvulsionNature"],"picked":"SKIP","floor":31},{"not_picked":["theDuelist:WildNatureRelease+1","theDuelist:WormBait","theDuelist:NaturiaSacredTree","theDuelist:ConvulsionNature","theDuelist:SummoningSwarm"],"picked":"SKIP","floor":35},{"not_picked":["theDuelist:NaturiaPumpkin","theDuelist:SummoningSwarm+1","theDuelist:LonefireBlossom","theDuelist:NaturiaParadizo","theDuelist:NaturiaWhiteOak"],"picked":"SKIP","floor":38},{"not_picked":["theDuelist:Alpacaribou","theDuelist:LonefireBlossom+1","theDuelist:NaturiaPineapple","theDuelist:NaturiaPumpkin","theDuelist:NaturiaParadizo"],"picked":"SKIP","floor":39},{"not_picked":["theDuelist:NaturiaDragonfly+1","theDuelist:NaturiaMarron+1","theDuelist:LonefireBlossom","theDuelist:NaturiaTulip+1","theDuelist:Alpacaribou"],"picked":"SKIP","floor":41},{"not_picked":["theDuelist:NaturiaSacredTree+1","theDuelist:ConvulsionNature"],"picked":"SKIP","floor":44},{"not_picked":["theDuelist:AcidTrapHole+1","theDuelist:NaturiaParadizo","theDuelist:WildNatureRelease"],"picked":"SKIP","floor":45},{"not_picked":["theDuelist:WildNatureRelease","theDuelist:SeedSacredTree+1","theDuelist:NaturiaSacredTree","theDuelist:ConvulsionNature+1","theDuelist:WormBait+1"],"picked":"SKIP","floor":48},{"not_picked":["theDuelist:WildNatureRelease+1","theDuelist:SummoningSwarm+1","theDuelist:NaturiaSacredTree+1","theDuelist:ConvulsionNature+1","theDuelist:SeedSacredTree+1"],"picked":"SKIP","floor":54}],"player_experience":409674,"relics_obtained":[{"floor":6,"key":"Calipers"},{"floor":8,"key":"Unceasing Top"},{"floor":9,"key":"Boot"},{"floor":12,"key":"Torii"},{"floor":13,"key":"theDuelist:SolderToken"},{"floor":23,"key":"theDuelist:GiftAnubis"},{"floor":25,"key":"theDuelist:BoosterPackHealer"},{"floor":28,"key":"MealTicket"},{"floor":42,"key":"trackpad:SappingStone"},{"floor":43,"key":"Bird Faced Urn"},{"floor":47,"key":"TungstenRod"},{"floor":49,"key":"theDuelist:NaturiaRelic"},{"floor":52,"key":"Art of War"},{"floor":54,"key":"Black Star"}],"event_choices":[{"damage_healed":0,"gold_gain":75,"player_choice":"Gather Gold","damage_taken":11,"max_hp_gain":0,"max_hp_loss":0,"event_name":"World of Goop","floor":4,"gold_loss":0},{"damage_healed":0,"gold_gain":0,"player_choice":"Leave","duelist":true,"damage_taken":0,"max_hp_gain":0,"max_hp_loss":0,"event_name":"Aknamkanon\u0027s Tomb","floor":11,"gold_loss":0},{"damage_healed":0,"gold_gain":0,"player_choice":"Leave","duelist":true,"damage_taken":0,"max_hp_gain":0,"max_hp_loss":0,"event_name":"Battle City","floor":14,"gold_loss":0},{"damage_healed":0,"gold_gain":0,"player_choice":"Sold Naturia Rock for 22 Gold.","duelist":true,"damage_taken":0,"max_hp_gain":0,"max_hp_loss":0,"event_name":"Card Trader","floor":20,"gold_loss":0},{"damage_healed":0,"gold_gain":0,"cards_transformed":["theDuelist:NaturiaCliff","theDuelist:CastleWalls"],"player_choice":"Became Test Subject","damage_taken":0,"max_hp_gain":0,"max_hp_loss":0,"event_name":"Drug Dealer","floor":27,"gold_loss":0,"cards_obtained":["theDuelist:Wiretap","theDuelist:NaturiaRagweed"]},{"damage_healed":0,"gold_gain":0,"player_choice":"Leave","duelist":true,"damage_taken":0,"max_hp_gain":0,"max_hp_loss":0,"event_name":"Aknamkanon\u0027s Tomb","floor":37,"gold_loss":0}],"is_beta":false,"boss_relics":[{"not_picked":["Snecko Eye","bronze:MakeshiftBattery"],"picked":"Coffee Dripper"},{"not_picked":["Runic Dome","Cursed Key"],"picked":"HoveringKite"}],"items_purged_floors":[2,19,36],"is_endless":false,"potions_floor_spawned":[3,6,7,13,18,21,31,38,41,45,48,54],"ascension_level":16}}