{"host":"l7l2v2zs4hqku4vk","time":1612609331,"event":{"mods":["Act Like it!","BaseMod","Colored Powertips","Highlight Path","Minty Spire (QoL Compilation)","Replay The Spire","RumiaBox-露米娅的神秘盒子","StSLib","TestMod","The Servant 0.9.4","篝火指南"],"gold_per_floor":[109,55,67,77,91,91,137,172,172,172,199,209,89,89,89,163,163,178,98,98,109,109,138,155,155,155,185,203,203,603,169,169,244,244,255,272,272,297,93,128,128,154,208,236,251,251,269,269,269,269,269,269,269,69,99,99,99],"floor_reached":56,"language":"ZHS","playtime":3673,"items_purged":["Strike_G","Unload","All Out Attack"],"score":2737,"play_id":"9e69878b-93e9-4bab-8772-85e2374f1ac8","local_time":"20210206190211","is_ascension_mode":true,"campfire_choices":[{"data":"Dagger Spray","floor":6,"key":"SMITH"},{"data":"Footwork","floor":10,"key":"SMITH"},{"data":"Apotheosis","floor":15,"key":"SMITH"},{"data":"Envenom","floor":25,"key":"SMITH"},{"data":"PiercingWail","floor":32,"key":"SMITH"},{"floor":41,"key":"RECALL"},{"data":"Accuracy","floor":49,"key":"SMITH"},{"data":"Blade Dance","floor":53,"key":"SMITH"}],"circlet_count":0,"master_deck":["AscendersBane","Defend_G+1","Defend_G+1","Defend_G+1","Defend_G+1","Defend_G+1","Survivor","Neutralize","PiercingWail+1","Prepared","Blade Dance","Acrobatics","Dagger Spray+1","Footwork+1","Tools of the Trade","Blade Dance+1","Apotheosis+1","Envenom+1","Venomology+1","Reflex+1","Accuracy+1","Tactician+1","Accuracy+1","testmod-ChaoticCore+1"],"relics":["Ring of the Snake","testmod-GiftOfSatan","Meat on the Bone","MealTicket","Gambling Chip","testmod-PortableAltar","TungstenRod","StrikeDummy","Golden Egg","testmod-IntensifyImprint","Empty Cage","testmod-ObsoleteBoomerang","ZombieArmy","Bag of Marbles","Dream Catcher","InkBottle","Replay:Bottled Steam"],"acts_visited":["Exordium","TheCity","TheBeyond","TheEnding"],"potions_floor_usage":[8,18,27,28,33,36,38,38,40,44,50,55,55,56],"damage_taken":[{"damage":11,"enemies":"Cultist","floor":1,"turns":5},{"damage":0,"enemies":"Jaw Worm","floor":3,"turns":2},{"damage":0,"enemies":"Small Slimes","floor":4,"turns":2},{"damage":2,"enemies":"Exordium Wildlife","floor":5,"turns":3},{"damage":5,"enemies":"Gremlin Nob","floor":8,"turns":3},{"damage":5,"enemies":"Lagavulin","floor":11,"turns":4},{"damage":9,"enemies":"Blue Slaver","floor":12,"turns":4},{"damage":0,"enemies":"Fading Forest","floor":16,"turns":13},{"damage":14,"enemies":"Chosen","floor":18,"turns":6},{"damage":52,"enemies":"Shell Parasite","floor":21,"turns":6},{"damage":11,"enemies":"Gremlin Leader","floor":23,"turns":5},{"damage":0,"enemies":"Centurion and Healer","floor":24,"turns":5},{"damage":70,"enemies":"Book of Stabbing","floor":27,"turns":6},{"damage":28,"enemies":"Shelled Parasite and Fungi","floor":28,"turns":4},{"damage":31,"enemies":"Pondfish","floor":33,"turns":8},{"damage":0,"enemies":"Orb Walker","floor":35,"turns":3},{"damage":10,"enemies":"3 Shapes","floor":36,"turns":4},{"damage":12,"enemies":"Mind Bloom Boss Battle","floor":38,"turns":7},{"damage":10,"enemies":"R_Hoarder","floor":40,"turns":5},{"damage":0,"enemies":"Reptomancer","floor":42,"turns":2},{"damage":13,"enemies":"Nemesis","floor":44,"turns":3},{"damage":0,"enemies":"Spire Growth","floor":45,"turns":1},{"damage":0,"enemies":"Sphere and 2 Shapes","floor":47,"turns":1},{"damage":0,"enemies":"Awakened One","floor":50,"turns":3},{"damage":16,"enemies":"Donu and Deca","floor":51,"turns":2},{"damage":92,"enemies":"Shield and Spear","floor":55,"turns":5},{"damage":64,"enemies":"The Heart","floor":56,"turns":3}],"seed_played":"-7872969420831106027","potions_obtained":[{"floor":4,"key":"Adrenaline Potion"},{"floor":11,"key":"SmokeBomb"},{"floor":12,"key":"ColorlessPotion"},{"floor":16,"key":"Milkshake"},{"floor":24,"key":"Elixir"},{"floor":27,"key":"Block Potion"},{"floor":35,"key":"Poison Potion"},{"floor":38,"key":"Dexterity Potion"},{"floor":45,"key":"CunningPotion"},{"floor":55,"key":"Fruit Juice"}],"is_trial":false,"path_per_floor":["M","$","M","M","M","R","?","E","T","R","E","M","$","?","R","B",null,"M","?","?","M","?","E","M","R","T","E","M","?","?","$","R","B",null,"M","M","?","?","$","E","R","E","T","E","M","?","M","?","R","B","B",null,"R","$","E","B"],"character_chosen":"THE_SILENT","items_purchased":["Blade Dance","Apotheosis","testmod-IntensifyImprint","Accuracy","testmod-ChaoticCore"],"campfire_rested":0,"item_purchase_floors":[2,13,31,39,54],"current_hp_per_floor":[59,59,59,59,81,81,49,50,50,50,51,42,57,50,50,81,81,66,66,66,32,32,57,57,57,57,38,46,46,46,61,61,52,77,86,88,88,99,102,91,91,91,91,95,95,95,100,100,99,98,81,92,92,94,48,0,0],"gold":99,"neow_bonus":"TRANSFORM_CARD","is_daily":false,"chose_seed":false,"campfire_upgraded":7,"win_rate":0.0,"timestamp":1612609331,"path_taken":["M","$","M","M","M","R","?","E","T","R","E","M","$","?","R","BOSS","M","?","?","M","?","E","M","R","T","E","M","?","?","?","R","BOSS","M","M","?","?","?","E","R","E","T","E","M","?","?","?","R","BOSS","BOSS","R","$","E","BOSS"],"items_purchased_type":["Card","Card","Relic","Card","Card"],"build_version":"2020-12-22","purchased_purges":3,"victory":false,"max_hp_per_floor":[71,71,71,71,81,81,81,81,81,81,81,81,81,81,81,81,81,80,79,78,77,76,75,74,73,72,78,91,90,89,88,87,86,85,89,98,97,103,102,101,100,99,98,104,103,102,101,100,99,98,97,96,95,94,103,107,107],"card_choices":[{"not_picked":["Deflect","Heel Hook"],"picked":"Prepared","floor":1},{"not_picked":["Prepared","PiercingWail"],"picked":"Unload","floor":3},{"not_picked":["Quick Slash","Dodge and Roll"],"picked":"Acrobatics","floor":4},{"not_picked":["Deflect","Outmaneuver"],"picked":"Dagger Spray","floor":5},{"not_picked":["Bane","Blade Dance"],"picked":"Footwork","floor":7},{"not_picked":["Acrobatics","Deadly Poison","Dagger Throw"],"picked":"SKIP","floor":8},{"not_picked":["Masterful Stab","PiercingWail"],"picked":"Tools of the Trade","floor":11},{"not_picked":["Setup","Quick Slash"],"picked":"Blade Dance","floor":12},{"not_picked":["Prepared","Toxin Wave"],"picked":"Hidden Blade","floor":18},{"not_picked":["Escape Plan","Caltrops","Slice"],"picked":"SKIP","floor":21},{"not_picked":["ReplayTheSpireMod:The Works","Dodge and Roll"],"picked":"Envenom","floor":23},{"not_picked":["Sucker Punch","Underhanded Strike"],"picked":"All Out Attack","floor":24},{"not_picked":["Dodge and Roll+1","Atom Bomb","Outmaneuver"],"picked":"SKIP","floor":27},{"not_picked":["All Out Attack+1","Deadly Poison","Acrobatics"],"picked":"SKIP","floor":28},{"not_picked":["Glass Knife","Night Terror"],"picked":"Venomology","floor":33},{"not_picked":["Cloak And Dagger+1","Bane","Poisoned Stab"],"picked":"SKIP","floor":35},{"not_picked":["Acrobatics+1","Deadly Poison"],"picked":"Reflex+1","floor":36},{"not_picked":["Backflip","Skewer","Terror"],"picked":"SKIP","floor":40},{"not_picked":["Quick Slash+1","PiercingWail+1","Backflip"],"picked":"SKIP","floor":42},{"not_picked":["Terror","Backstab+1"],"picked":"Tactician+1","floor":44},{"not_picked":["Dagger Spray+1","Acrobatics+1","Dagger Throw"],"picked":"SKIP","floor":45},{"not_picked":["ReplayTheSpireMod:Tripwire","PiercingWail"],"picked":"Accuracy","floor":47},{"not_picked":["Prepared","Catalyst","Fluid Movement"],"picked":"SKIP","floor":55}],"player_experience":1749046,"relics_obtained":[{"floor":7,"key":"Meat on the Bone"},{"floor":8,"key":"MealTicket"},{"floor":11,"key":"Gambling Chip"},{"floor":23,"key":"TungstenRod"},{"floor":26,"key":"StrikeDummy"},{"floor":27,"key":"Golden Egg"},{"floor":38,"key":"testmod-ObsoleteBoomerang"},{"floor":40,"key":"ZombieArmy"},{"floor":42,"key":"Bag of Marbles"},{"floor":43,"key":"Dream Catcher"},{"floor":44,"key":"InkBottle"},{"floor":55,"key":"Replay:Bottled Steam"}],"event_choices":[{"cards_removed":["Strike_G"],"damage_healed":0,"gold_gain":0,"player_choice":"Card Removal","damage_taken":7,"max_hp_gain":0,"max_hp_loss":0,"event_name":"Golden Wing","floor":14,"gold_loss":0},{"damage_healed":0,"gold_gain":0,"player_choice":"Ignored","damage_taken":0,"max_hp_gain":0,"max_hp_loss":0,"event_name":"The Mausoleum","floor":20,"gold_loss":0},{"damage_healed":0,"gold_gain":0,"cards_transformed":["Strike_G","Strike_G"],"player_choice":"Became Test Subject","damage_taken":0,"max_hp_gain":0,"max_hp_loss":0,"event_name":"Drug Dealer","floor":22,"gold_loss":0,"cards_obtained":["Underhanded Strike","Masterful Stab"]},{"damage_healed":0,"gold_gain":0,"player_choice":"Simplicity","damage_taken":0,"max_hp_gain":0,"max_hp_loss":0,"event_name":"Back to Basics","floor":29,"gold_loss":0,"cards_upgraded":["Defend_G","Defend_G","Defend_G","Defend_G","Defend_G"]},{"damage_healed":0,"gold_gain":400,"player_choice":"Sell","damage_taken":0,"max_hp_gain":0,"max_hp_loss":0,"event_name":"恩洛斯的盘子","floor":30,"relics_lost":["testmod-TestBox"],"gold_loss":0},{"damage_healed":0,"gold_gain":0,"player_choice":"Ignored","damage_taken":0,"max_hp_gain":0,"max_hp_loss":0,"event_name":"Tomb of Lord Red Mask","floor":37,"gold_loss":0},{"damage_healed":0,"gold_gain":0,"player_choice":"Fight","damage_taken":0,"max_hp_gain":0,"max_hp_loss":0,"event_name":"MindBloom","floor":38,"gold_loss":0},{"damage_healed":0,"gold_gain":0,"player_choice":"Got Potions","damage_taken":0,"max_hp_gain":0,"max_hp_loss":0,"event_name":"Lab","floor":46,"gold_loss":0},{"cards_removed":["Hidden Blade"],"damage_healed":0,"gold_gain":0,"player_choice":"Card Removal","damage_taken":0,"max_hp_gain":0,"max_hp_loss":0,"event_name":"Wheel of Change","floor":48,"gold_loss":0}],"is_beta":false,"boss_relics":[{"not_picked":["testmod-KeyOfTheVoid","testmod-DreamHouse"],"picked":"testmod-PortableAltar"},{"not_picked":["testmod-StringDisintegrator","testmod-Nine"],"picked":"Empty Cage"}],"items_purged_floors":[13,31,39],"is_endless":false,"potions_floor_spawned":[4,11,12,16,24,27,35,36,38,45,55],"killed_by":"The Heart","ascension_level":20}}