{"host":"wshh0nphwn6jv7vj","time":1612603324,"event":{"mods":["BaseMod","Bestiary","Minty Spire (QoL Compilation)","Relic Stats"],"gold_per_floor":[116,116,41,41,55,79,79,114,114,39,39,39,79,102,102,200,200,238,256,256,49,89,149,188,23,46,46,46,0,86,159,159,249,249,345,23,23,71,169,284,284,352,352,352,352,352],"floor_reached":45,"language":"ENG","playtime":2340,"items_purged":["Strike_P","Eruption"],"score":1170,"play_id":"06d25556-c3dd-4b37-b7ab-60e8fffd0bd7","local_time":"20210206042204","is_ascension_mode":true,"campfire_choices":[{"data":"BowlingBash","floor":7,"key":"SMITH"},{"data":"Prostrate","floor":11,"key":"SMITH"},{"data":"SandsOfTime","floor":15,"key":"SMITH"},{"floor":28,"key":"REST"},{"floor":32,"key":"REST"},{"floor":41,"key":"REST"},{"floor":44,"key":"REST"}],"circlet_count":0,"master_deck":["AscendersBane","Defend_P+1","Defend_P+1","Defend_P","Vigilance","Consecrate","SandsOfTime+1","BowlingBash+1","Prostrate+1","Pray","Scrawl+1","Wish+1","Consecrate","Study","Protect","FollowUp","Protect","Evaluate","Wish","MentalFortress","Deep Breath","CutThroughFate","Wish","Consecrate+1","Nirvana+1","DeceiveReality"],"relics":["PureWater","NeowsBlessing","Golden Idol","Damaru","Sundial","Calipers","Empty Cage","Mummified Hand","Membership Card","MealTicket","Philosopher\u0027s Stone","Lee\u0027s Waffle","CaptainsWheel","Blood Vial","CeramicFish","War Paint","Yang"],"acts_visited":["Exordium","TheCity","TheBeyond"],"potions_floor_usage":[16,23,30,31,32,39],"damage_taken":[{"damage":0,"enemies":"Small Slimes","floor":1,"turns":1},{"damage":0,"enemies":"Jaw Worm","floor":5,"turns":1},{"damage":0,"enemies":"Cultist","floor":6,"turns":1},{"damage":0,"enemies":"Gremlin Nob","floor":8,"turns":2},{"damage":10,"enemies":"Lagavulin","floor":13,"turns":5},{"damage":8,"enemies":"3 Louse","floor":14,"turns":3},{"damage":0,"enemies":"Hexaghost","floor":16,"turns":5},{"damage":0,"enemies":"Spheric Guardian","floor":18,"turns":3},{"damage":0,"enemies":"Chosen","floor":19,"turns":3},{"damage":22,"enemies":"Snake Plant","floor":22,"turns":4},{"damage":5,"enemies":"Book of Stabbing","floor":23,"turns":5},{"damage":2,"enemies":"3 Cultists","floor":24,"turns":4},{"damage":13,"enemies":"Slavers","floor":30,"turns":9},{"damage":3,"enemies":"Snecko","floor":31,"turns":5},{"damage":30,"enemies":"Champ","floor":33,"turns":7},{"damage":39,"enemies":"3 Shapes","floor":35,"turns":9},{"damage":1,"enemies":"Orb Walker","floor":38,"turns":4},{"damage":27,"enemies":"Maw","floor":39,"turns":6},{"damage":14,"enemies":"Giant Head","floor":40,"turns":7},{"damage":49,"enemies":"Reptomancer","floor":42,"turns":7},{"damage":58,"enemies":"Transient","floor":45,"turns":5}],"seed_played":"6744656265497097803","potions_obtained":[{"floor":6,"key":"LiquidMemories"},{"floor":8,"key":"PowerPotion"},{"floor":18,"key":"DistilledChaos"},{"floor":23,"key":"StancePotion"},{"floor":30,"key":"Fruit Juice"},{"floor":38,"key":"PowerPotion"}],"is_trial":false,"path_per_floor":["M","?","?","?","M","M","R","E","T","$","R","$","E","M","R","B",null,"M","M","?","$","M","E","M","$","T","?","R","$","E","M","R","B",null,"M","$","?","M","M","E","R","E","T","R","M"],"character_chosen":"WATCHER","items_purchased":["Protect","FollowUp","Membership Card","Deep Breath","Lee\u0027s Waffle","CaptainsWheel","Blood Vial"],"campfire_rested":4,"item_purchase_floors":[21,21,25,29,36,36,36],"current_hp_per_floor":[61,41,41,41,41,41,41,41,41,41,41,41,31,23,23,23,52,52,52,52,52,30,25,23,23,23,23,41,41,28,25,50,20,55,16,74,63,64,39,27,49,2,2,24,0,0],"gold":352,"neow_bonus":"THREE_ENEMY_KILL","is_daily":false,"chose_seed":false,"campfire_upgraded":3,"win_rate":0.0,"timestamp":1612603324,"path_taken":["M","?","?","?","M","M","R","E","T","?","R","$","E","M","R","BOSS","M","M","?","$","M","E","?","$","T","?","R","?","E","M","R","BOSS","M","?","?","?","M","E","R","E","T","R","M"],"items_purchased_type":["Card","Card","Relic","Card","Relic","Relic","Relic"],"build_version":"2020-12-22","purchased_purges":2,"victory":false,"max_hp_per_floor":[68,68,68,62,62,62,62,62,62,62,62,62,62,62,62,62,62,62,62,62,62,62,62,62,62,62,62,62,62,62,62,67,67,67,67,74,74,74,74,74,74,74,74,74,74,74],"relic_stats":{"Blood Vial":10,"Lee\u0027s Waffle":43,"counters":[21,96],"Golden Idol":127,"Sundial":[24],"Mummified Hand":[37],"CeramicFish":9,"MealTicket":15,"Yang":[11],"War Paint":["Scrawl","Wish"],"obtain_stats":[{"Lee\u0027s Waffle":36,"Calipers":13,"NeowsBlessing":0,"Golden Idol":4,"CeramicFish":40,"Damaru":8,"Yang":43,"War Paint":42,"Empty Cage":17,"Blood Vial":36,"CaptainsWheel":36,"Sundial":9,"Mummified Hand":23,"MealTicket":30,"Philosopher\u0027s Stone":34,"Membership Card":25,"PureWater":0},{"Lee\u0027s Waffle":16,"Calipers":5,"NeowsBlessing":0,"Golden Idol":1,"CeramicFish":19,"Damaru":4,"Yang":20,"War Paint":20,"Empty Cage":7,"Blood Vial":16,"CaptainsWheel":16,"Sundial":4,"Mummified Hand":11,"MealTicket":13,"Philosopher\u0027s Stone":15,"Membership Card":12,"PureWater":0},{"Lee\u0027s Waffle":67,"Calipers":10,"NeowsBlessing":0,"Golden Idol":1,"CeramicFish":84,"Damaru":5,"Yang":91,"War Paint":91,"Empty Cage":18,"Blood Vial":67,"CaptainsWheel":67,"Sundial":5,"Mummified Hand":33,"MealTicket":46,"Philosopher\u0027s Stone":58,"Membership Card":37,"PureWater":0}]},"card_choices":[{"not_picked":["FlyingSleeves","WaveOfTheHand"],"picked":"Consecrate","floor":1},{"not_picked":["ForeignInfluence","Adaptation"],"picked":"SandsOfTime","floor":5},{"not_picked":["Consecrate","ThirdEye"],"picked":"BowlingBash","floor":6},{"not_picked":["SashWhip","FearNoEvil"],"picked":"Prostrate","floor":8},{"not_picked":["Crescendo","CrushJoints"],"picked":"Pray","floor":13},{"not_picked":["Crescendo","ThirdEye"],"picked":"Scrawl","floor":14},{"not_picked":["Blasphemy","Establishment"],"picked":"Wish","floor":16},{"not_picked":["Sanctity","Protect"],"picked":"Consecrate","floor":18},{"not_picked":["BattleHymn","SashWhip"],"picked":"Study","floor":19},{"not_picked":["EmptyBody","JustLucky"],"picked":"Protect","floor":22},{"not_picked":["CutThroughFate","EmptyFist"],"picked":"Evaluate","floor":23},{"not_picked":["Study","CrushJoints"],"picked":"Wish","floor":24},{"not_picked":["Blasphemy","Halt","InnerPeace"],"picked":"SKIP","floor":30},{"not_picked":["WheelKick","Protect"],"picked":"CutThroughFate","floor":31},{"not_picked":["Judgement","MasterReality"],"picked":"Wish","floor":33},{"not_picked":["Protect+1","ClearTheMind"],"picked":"Consecrate+1","floor":35},{"not_picked":["JustLucky","EmptyFist","Adaptation+1"],"picked":"SKIP","floor":38},{"not_picked":["CrushJoints","ForeignInfluence"],"picked":"Nirvana+1","floor":39},{"not_picked":["ConjureBlade","Alpha","EmptyMind"],"picked":"SKIP","floor":40},{"not_picked":["WindmillStrike+1","Evaluate"],"picked":"DeceiveReality","floor":42}],"player_experience":1642881,"relics_obtained":[{"floor":8,"key":"Damaru"},{"floor":9,"key":"Sundial"},{"floor":13,"key":"Calipers"},{"floor":23,"key":"Mummified Hand"},{"floor":30,"key":"MealTicket"},{"floor":40,"key":"CeramicFish"},{"floor":42,"key":"War Paint"},{"floor":43,"key":"Yang"}],"event_choices":[{"damage_healed":0,"gold_gain":0,"player_choice":"Entered Light","damage_taken":20,"max_hp_gain":0,"max_hp_loss":0,"event_name":"Shining Light","floor":2,"gold_loss":0,"cards_upgraded":["Defend_P","Defend_P"]},{"cards_removed":["Strike_P"],"damage_healed":0,"gold_gain":0,"player_choice":"Card Removal","damage_taken":0,"max_hp_gain":0,"max_hp_loss":0,"event_name":"The Cleric","floor":3,"gold_loss":75},{"damage_healed":0,"gold_gain":0,"player_choice":"Lose Max HP","damage_taken":0,"relics_obtained":["Golden Idol"],"max_hp_gain":0,"max_hp_loss":6,"event_name":"Golden Idol","floor":4,"gold_loss":0},{"cards_removed":["Defend_P"],"damage_healed":0,"gold_gain":0,"player_choice":"Purged","damage_taken":0,"max_hp_gain":0,"max_hp_loss":0,"event_name":"Purifier","floor":20,"gold_loss":0},{"damage_healed":0,"gold_gain":0,"player_choice":"Read","damage_taken":0,"max_hp_gain":0,"max_hp_loss":0,"event_name":"The Library","floor":27,"gold_loss":0,"cards_obtained":["MentalFortress"]},{"damage_healed":0,"gold_gain":0,"player_choice":"Damaged","damage_taken":11,"max_hp_gain":0,"max_hp_loss":0,"event_name":"Wheel of Change","floor":37,"gold_loss":0}],"is_beta":false,"boss_relics":[{"not_picked":["Velvet Choker","Pandora\u0027s Box"],"picked":"Empty Cage"},{"not_picked":["Tiny House","Snecko Eye"],"picked":"Philosopher\u0027s Stone"}],"items_purged_floors":[10,21],"is_endless":false,"potions_floor_spawned":[6,8,14,18,23,30,38],"killed_by":"Transient","ascension_level":17}}