{"host":"uv5ws9rdk87e8i5k","time":1612599526,"event":{"mods":["AchievementEnabler","BaseMod","Colored Map","Minty Spire (QoL Compilation)","Permanent Neow","Quick Restart","StSLib","SuperFastMode","The Necromancer"],"gold_per_floor":[113,128,148,160,235,263,283,294,294,321,336,367,379,394,394,489,489,504,504,521,521,540,566,583,594,662,694,135,150,161,188,188,288,288,302,319,336,336,336,336,365,382,382,402,430,49,49,79,79,79],"floor_reached":51,"language":"ENG","playtime":1276,"items_purged":["Thunderclap"],"score":1155,"play_id":"fec79df6-4cb7-4d57-93a6-aab8d4905fe1","local_time":"20210206021846","is_ascension_mode":true,"campfire_choices":[{"floor":15.0,"key":"REST"},{"data":"Bludgeon","floor":32.0,"key":"SMITH"},{"data":"Perfected Strike","floor":40.0,"key":"SMITH"},{"floor":47.0,"key":"REST"},{"data":"Inflame","floor":49.0,"key":"SMITH"}],"circlet_count":0,"master_deck":["Strike_R","Strike_R","Strike_R","Strike_R","Defend_R","Defend_R","Defend_R","Defend_R","Bash","Feed","Wild Strike","Heavy Blade","Perfected Strike","Pommel Strike","Perfected Strike+1","Ghostly Armor","Twin Strike","Inflame+1","Perfected Strike+1","Reaper","Reaper","Perfected Strike","Wild Strike","Wild Strike","Bludgeon+1","Heavy Blade","Perfected Strike","Heavy Blade","Carnage+1","Carnage","Fiend Fire","Carnage","Clothesline","Reaper","Heavy Blade+1","Shockwave+1","Immolate","Impervious+1"],"relics":["Burning Blood","Bag of Preparation","Blue Candle","Strawberry","InkBottle","Snecko Eye","Eternal Feather","Darkstone Periapt","Omamori","FossilizedHelix","Orrery","Prayer Wheel","Black Star","Bag of Marbles","Pear","Bottled Tornado","Pantograph","Frozen Egg 2","Pen Nib","TheAbacus","Toxic Egg 2","Nunchaku"],"acts_visited":["Exordium","TheCity","TheBeyond"],"potions_floor_usage":[50,50],"damage_taken":[{"damage":4.0,"enemies":"2 Louse","floor":1.0,"turns":3.0},{"damage":1.0,"enemies":"Cultist","floor":2.0,"turns":4.0},{"damage":0.0,"enemies":"Small Slimes","floor":3.0,"turns":2.0},{"damage":14.0,"enemies":"Blue Slaver","floor":4.0,"turns":5.0},{"damage":35.0,"enemies":"Lagavulin","floor":6.0,"turns":7.0},{"damage":16.0,"enemies":"Exordium Thugs","floor":7.0,"turns":5.0},{"damage":0.0,"enemies":"Large Slime","floor":8.0,"turns":4.0},{"damage":13.0,"enemies":"Gremlin Nob","floor":10.0,"turns":4.0},{"damage":9.0,"enemies":"Lots of Slimes","floor":11.0,"turns":4.0},{"damage":22.0,"enemies":"Lagavulin","floor":12.0,"turns":3.0},{"damage":12.0,"enemies":"Looter","floor":13.0,"turns":3.0},{"damage":9.0,"enemies":"Red Slaver","floor":14.0,"turns":3.0},{"damage":0.0,"enemies":"Slime Boss","floor":16.0,"turns":3.0},{"damage":7.0,"enemies":"Chosen","floor":18.0,"turns":2.0},{"damage":18.0,"enemies":"3 Byrds","floor":20.0,"turns":5.0},{"damage":2.0,"enemies":"Centurion and Healer","floor":22.0,"turns":2.0},{"damage":15.0,"enemies":"Book of Stabbing","floor":23.0,"turns":3.0},{"damage":19.0,"enemies":"Cultist and Chosen","floor":24.0,"turns":4.0},{"damage":18.0,"enemies":"Snecko","floor":25.0,"turns":4.0},{"damage":30.0,"enemies":"Gremlin Leader","floor":27.0,"turns":3.0},{"damage":0.0,"enemies":"Snake Plant","floor":29.0,"turns":1.0},{"damage":0.0,"enemies":"Centurion and Healer","floor":30.0,"turns":2.0},{"damage":9.0,"enemies":"Book of Stabbing","floor":31.0,"turns":3.0},{"damage":7.0,"enemies":"Collector","floor":33.0,"turns":3.0},{"damage":0.0,"enemies":"3 Darklings","floor":35.0,"turns":2.0},{"damage":0.0,"enemies":"Orb Walker","floor":36.0,"turns":1.0},{"damage":17.0,"enemies":"Maw","floor":37.0,"turns":5.0},{"damage":79.0,"enemies":"Giant Head","floor":41.0,"turns":7.0},{"damage":8.0,"enemies":"Writhing Mass","floor":42.0,"turns":3.0},{"damage":0.0,"enemies":"Jaw Worm Horde","floor":44.0,"turns":2.0},{"damage":31.0,"enemies":"Nemesis","floor":45.0,"turns":5.0},{"damage":4.0,"enemies":"Giant Head","floor":48.0,"turns":3.0},{"damage":45,"enemies":"Time Eater","floor":50,"turns":8}],"seed_played":"-8441351270021579713","potions_obtained":[{"floor":2.0,"key":"PowerPotion"},{"floor":3.0,"key":"SteroidPotion"},{"floor":8.0,"key":"EssenceOfSteel"},{"floor":11.0,"key":"SteroidPotion"},{"floor":14.0,"key":"Energy Potion"},{"floor":20.0,"key":"Block Potion"},{"floor":22.0,"key":"SkillPotion"},{"floor":25.0,"key":"PowerPotion"},{"floor":27.0,"key":"Swift Potion"},{"floor":30.0,"key":"Dexterity Potion"},{"floor":31.0,"key":"Weak Potion"},{"floor":33.0,"key":"Swift Potion"},{"floor":37.0,"key":"SkillPotion"},{"floor":45.0,"key":"Fire Potion"},{"floor":48.0,"key":"BlessingOfTheForge"}],"is_trial":false,"path_per_floor":["M","M","M","M","?","E","M","M","T","E","M","E","M","M","R","B",null,"M","?","M","?","M","E","M","M","T","E","$","M","M","E","R","B",null,"M","M","M","?","?","R","E","M","T","M","E","$","R","E","R","B",null],"character_chosen":"IRONCLAD","items_purchased":["FossilizedHelix","Orrery","SteroidPotion","Immolate","Pen Nib","TheAbacus"],"campfire_rested":2,"item_purchase_floors":[28,28,28,46,46,46],"current_hp_per_floor":[75,78,81,73,65,36,26,32,32,32,32,19,16,13,42,48,97,99,79,85,85,104,101,104,98,98,78,78,84,90,96,111,111,111,111,111,100,100,100,111,48,46,46,58,33,33,90,92,113,82],"gold":79,"neow_bonus":"THREE_RARE_CARDS","is_daily":false,"chose_seed":false,"campfire_upgraded":3,"win_rate":0.0,"timestamp":1612599526,"path_taken":["M","M","M","M","?","E","M","M","T","E","M","E","?","M","R","BOSS","M","?","M","?","M","E","M","M","T","E","$","?","M","E","R","BOSS","M","M","M","?","?","R","E","?","T","M","E","$","R","E","R","BOSS"],"items_purchased_type":["Relic","Relic","Potion","Card","Relic","Relic"],"build_version":"2020-12-22","purchased_purges":1,"victory":true,"max_hp_per_floor":[75,78,81,81,81,81,81,81,81,88,91,94,97,97,97,97,97,100,105,108,108,111,111,111,111,111,111,111,111,111,111,111,111,111,111,111,111,111,111,111,121,121,121,121,121,121,121,121,121,121],"card_choices":[{"not_picked":["Reaper","Double Tap"],"picked":"Feed","floor":0.0},{"not_picked":["Sword Boomerang","Rage"],"picked":"Wild Strike","floor":1.0},{"not_picked":["Second Wind","Flex"],"picked":"Thunderclap","floor":2.0},{"not_picked":["Wild Strike","Fiend Fire"],"picked":"Heavy Blade","floor":3.0},{"not_picked":["Clothesline","Body Slam"],"picked":"Perfected Strike","floor":4.0},{"not_picked":["Intimidate","Iron Wave"],"picked":"Pommel Strike","floor":6.0},{"not_picked":["True Grit","Seeing Red"],"picked":"Perfected Strike","floor":7.0},{"not_picked":["Second Wind","Twin Strike"],"picked":"Ghostly Armor","floor":8.0},{"not_picked":["Iron Wave","Exhume"],"picked":"Twin Strike","floor":10.0},{"not_picked":["Second Wind","Flex","Fire Breathing"],"picked":"SKIP","floor":11.0},{"not_picked":["Dark Embrace","Pommel Strike"],"picked":"Inflame","floor":12.0},{"not_picked":["Burning Pact","Blood for Blood"],"picked":"Perfected Strike","floor":13.0},{"not_picked":["Rampage","Warcry","Wild Strike"],"picked":"SKIP","floor":14.0},{"not_picked":["Barricade","Limit Break"],"picked":"Reaper","floor":16.0},{"not_picked":["Shrug It Off+1","Clash","Flex"],"picked":"SKIP","floor":18.0},{"not_picked":["Power Through+1","Clothesline+1"],"picked":"Reaper","floor":20.0},{"not_picked":["Havoc","Clothesline"],"picked":"Perfected Strike","floor":22.0},{"not_picked":["Thunderclap","Cleave","Body Slam"],"picked":"SKIP","floor":23.0},{"not_picked":["Rampage","Havoc+1"],"picked":"Wild Strike","floor":24.0},{"not_picked":["Warcry+1","Havoc"],"picked":"Wild Strike","floor":25.0},{"not_picked":["Clothesline+1","Combust","Heavy Blade"],"picked":"SKIP","floor":27.0},{"not_picked":["Bloodletting","Feel No Pain"],"picked":"Bludgeon","floor":28.0},{"not_picked":["Clothesline","Flex"],"picked":"Heavy Blade","floor":28.0},{"not_picked":["Disarm","Cleave"],"picked":"Perfected Strike","floor":28.0},{"not_picked":["Havoc","Cleave"],"picked":"Heavy Blade","floor":29.0},{"not_picked":["Sword Boomerang","Cleave"],"picked":"Carnage+1","floor":30.0},{"not_picked":["Flex","Spot Weakness"],"picked":"Carnage","floor":31.0},{"not_picked":["Juggernaut","Offering"],"picked":"Fiend Fire","floor":33.0},{"not_picked":["Disarm","Shrug It Off"],"picked":"Carnage","floor":35.0},{"not_picked":["Havoc+1","Anger","Sword Boomerang+1"],"picked":"SKIP","floor":35.0},{"not_picked":["Twin Strike+1","Warcry+1"],"picked":"Clothesline","floor":36.0},{"not_picked":["Rampage+1","Burning Pact+1","Entrench"],"picked":"SKIP","floor":36.0},{"not_picked":["Pommel Strike","Dropkick"],"picked":"Reaper","floor":37.0},{"not_picked":["Pummel+1","Fire Breathing","Feel No Pain"],"picked":"SKIP","floor":37.0},{"not_picked":["Pummel+1","Evolve","Rupture"],"picked":"SKIP","floor":41.0},{"not_picked":["Perfected Strike","Clothesline+1"],"picked":"Heavy Blade+1","floor":42.0},{"not_picked":["Pommel Strike","Searing Blow","Iron Wave+1"],"picked":"SKIP","floor":42.0},{"not_picked":["Armaments+1","Flex"],"picked":"Shockwave+1","floor":44.0},{"not_picked":["Flex","Infernal Blade","Searing Blow"],"picked":"SKIP","floor":44.0},{"not_picked":["Headbutt+1","Dropkick","Pommel Strike"],"picked":"SKIP","floor":45.0},{"not_picked":["Armaments+1","Headbutt"],"picked":"Impervious+1","floor":48.0}],"player_experience":242406,"relics_obtained":[{"floor":6.0,"key":"Bag of Preparation"},{"floor":9.0,"key":"Blue Candle"},{"floor":10.0,"key":"Strawberry"},{"floor":12.0,"key":"InkBottle"},{"floor":23.0,"key":"Eternal Feather"},{"floor":26.0,"key":"Darkstone Periapt"},{"floor":27.0,"key":"Omamori"},{"floor":31.0,"key":"Prayer Wheel"},{"floor":41.0,"key":"Bag of Marbles"},{"floor":41.0,"key":"Pear"},{"floor":43.0,"key":"Bottled Tornado"},{"floor":45.0,"key":"Pantograph"},{"floor":45.0,"key":"Frozen Egg 2"},{"floor":48.0,"key":"Toxic Egg 2"},{"floor":48.0,"key":"Nunchaku"}],"event_choices":[{"damage_healed":0.0,"max_hp_gain":0.0,"max_hp_loss":0.0,"gold_gain":75.0,"event_name":"FaceTrader","player_choice":"Touch","floor":5.0,"gold_loss":0.0,"damage_taken":8.0},{"damage_healed":0.0,"max_hp_gain":5.0,"max_hp_loss":0.0,"gold_gain":0.0,"event_name":"Forgotten Altar","player_choice":"Shed Blood","floor":19.0,"gold_loss":0.0,"damage_taken":25.0},{"damage_healed":0.0,"max_hp_gain":0.0,"max_hp_loss":0.0,"gold_gain":0.0,"event_name":"Accursed Blacksmith","player_choice":"Forge","floor":21.0,"gold_loss":0.0,"damage_taken":0.0,"cards_upgraded":["Perfected Strike"]},{"damage_healed":0.0,"max_hp_gain":0.0,"max_hp_loss":0.0,"gold_gain":0.0,"event_name":"Tomb of Lord Red Mask","player_choice":"Ignored","floor":38.0,"gold_loss":0.0,"damage_taken":0.0},{"cards_removed":["Strike_R"],"damage_healed":0.0,"max_hp_gain":0.0,"max_hp_loss":0.0,"gold_gain":0.0,"event_name":"Bonfire Elementals","player_choice":"Offered Basic","floor":39.0,"gold_loss":0.0,"damage_taken":0.0}],"is_beta":false,"boss_relics":[{"not_picked":["Cursed Key","Mark of Pain"],"picked":"Snecko Eye"},{"not_picked":["Black Blood","Busted Crown"],"picked":"Black Star"}],"items_purged_floors":[28],"is_endless":false,"potions_floor_spawned":[2,3,8,11,14,20,22,25,27,30,31,33,36,37,45,48],"ascension_level":3}}