{"host":"bf5upntvbdompq33","time":1612584525,"event":{"mods":["BaseMod","Colored Map","Colored Powertips","Curses Come First","Minty Spire (QoL Compilation)","StSLib","The Dragon Tamer","The Hierophant","The Marked","The Mystic","The Servant 0.9.4"],"gold_per_floor":[113,113,113,63,14,44,55,55,125,50,63,63,76,103,103,103,103],"floor_reached":16,"language":"ENG","playtime":1065,"items_purged":["Strike_B"],"score":162,"play_id":"12162638-17a1-4cc1-a5eb-9d920a266b7b","local_time":"20210205210845","is_ascension_mode":true,"campfire_choices":[{"data":"Streamline","floor":8,"key":"SMITH"},{"floor":15,"key":"REST"}],"circlet_count":0,"master_deck":["AscendersBane","Strike_B","Defend_B","Defend_B","Defend_B","Defend_B","Zap","Dualcast","Fission","Streamline+1","Hologram","Genetic Algorithm","White Noise","Gash","Static Discharge"],"relics":["Cracked Core","Bird Faced Urn","Ancient Tea Set","Pear","InkBottle"],"acts_visited":["Exordium"],"potions_floor_usage":[14,16,16],"damage_taken":[{"damage":0,"enemies":"2 Louse","floor":1,"turns":3},{"damage":37,"enemies":"Lagavulin","floor":6,"turns":7},{"damage":5,"enemies":"Small Slimes","floor":7,"turns":4},{"damage":7,"enemies":"Jaw Worm","floor":11,"turns":2},{"damage":4,"enemies":"Large Slime","floor":13,"turns":5},{"damage":16,"enemies":"3 Sentries","floor":14,"turns":4},{"damage":44,"enemies":"Slime Boss","floor":16,"turns":10}],"seed_played":"1467032160670871377","potions_obtained":[{"floor":6,"key":"Dexterity Potion"},{"floor":11,"key":"EssenceOfSteel"},{"floor":14,"key":"GamblersBrew"}],"is_trial":false,"path_per_floor":["M","?","?","?","$","E","M","R","T","$","M","?","M","E","R","B"],"character_chosen":"DEFECT","items_purchased":["Hologram"],"campfire_rested":1,"item_purchase_floors":[5],"current_hp_per_floor":[68,68,65,65,65,28,23,23,33,33,26,26,24,10,35,0,0],"gold":103,"neow_bonus":"THREE_RARE_CARDS","is_daily":false,"chose_seed":false,"campfire_upgraded":1,"win_rate":0.0,"timestamp":1612584525,"path_taken":["M","?","?","?","?","E","M","R","T","$","M","?","?","E","R","BOSS"],"items_purchased_type":["Card"],"build_version":"2020-12-22","purchased_purges":1,"victory":false,"max_hp_per_floor":[75,75,75,75,75,75,75,75,85,85,85,85,85,85,85,85,85],"card_choices":[{"not_picked":["Machine Learning","Amplify"],"picked":"Fission","floor":0},{"not_picked":["Self Repair","Conserve Battery"],"picked":"Streamline","floor":1},{"not_picked":["Steam","Leap"],"picked":"Genetic Algorithm","floor":6},{"not_picked":["Defragment","Storm","Scrape"],"picked":"SKIP","floor":7},{"not_picked":["Sweeping Beam","Aggregate"],"picked":"White Noise","floor":11},{"not_picked":["Steam","Stack","Heatsinks"],"picked":"SKIP","floor":13},{"not_picked":["Hello World","Rebound"],"picked":"Static Discharge","floor":14}],"player_experience":1447594,"relics_obtained":[{"floor":6,"key":"Ancient Tea Set"},{"floor":9,"key":"Pear"},{"floor":14,"key":"InkBottle"}],"event_choices":[{"cards_removed":["Injury"],"damage_healed":0,"gold_gain":0,"player_choice":"Forget","damage_taken":0,"max_hp_gain":0,"max_hp_loss":0,"event_name":"Living Wall","floor":2,"gold_loss":0},{"damage_healed":0,"gold_gain":0,"player_choice":"Success","damage_taken":3,"relics_obtained":["Bird Faced Urn"],"max_hp_gain":0,"max_hp_loss":0,"event_name":"Scrap Ooze","floor":3,"gold_loss":0},{"cards_removed":["Strike_B"],"damage_healed":0,"gold_gain":0,"player_choice":"Card Removal","damage_taken":0,"max_hp_gain":0,"max_hp_loss":0,"event_name":"The Cleric","floor":4,"gold_loss":50},{"damage_healed":0,"gold_gain":0,"cards_transformed":["Strike_B"],"player_choice":"Transformed","damage_taken":0,"max_hp_gain":0,"max_hp_loss":0,"event_name":"Transmorgrifier","floor":12,"gold_loss":0,"cards_obtained":["Gash"]}],"is_beta":false,"boss_relics":[],"items_purged_floors":[10],"is_endless":false,"potions_floor_spawned":[6,11,14],"killed_by":"Slime Boss","ascension_level":10}}