{"host":"p0hktren06injwdf","time":1612613080,"event":{"mods":["AchievementEnabler","BaseMod","Colored Map","DeckTracker","Minty Spire (QoL Compilation)","Permanent Neow","StSLib","SuperFastMode"],"gold_per_floor":[18,38,48,48,48,75,75,105,105,105,128,128,141,168,168,243,243,257,257,268,282,94,94,94],"floor_reached":23,"language":"KOR","playtime":367,"items_purged":["Strike_P"],"score":418,"play_id":"da6315e5-dc78-444c-ad58-fc478b6a2fdf","local_time":"20210206210440","is_ascension_mode":true,"campfire_choices":[{"data":"Eruption","floor":7.0,"key":"SMITH"},{"floor":12.0,"key":"REST"},{"data":"EmptyFist","floor":15.0,"key":"SMITH"}],"circlet_count":0,"master_deck":["AscendersBane","Strike_P","Strike_P","Strike_P","Defend_P","Defend_P","Eruption+1","Vigilance","EmptyFist+1","Wallop","SandsOfTime","Adaptation+1","Halt","BowlingBash+1","FearNoEvil"],"relics":["PureWater","CaptainsWheel","Frozen Egg 2","Matryoshka","Toy Ornithopter","Vajra","Happy Flower","VioletLotus"],"acts_visited":["Exordium","TheCity"],"potions_floor_usage":[23],"damage_taken":[{"damage":2.0,"enemies":"Jaw Worm","floor":1.0,"turns":3.0},{"damage":0.0,"enemies":"Small Slimes","floor":2.0,"turns":2.0},{"damage":3.0,"enemies":"2 Louse","floor":3.0,"turns":2.0},{"damage":26.0,"enemies":"3 Sentries","floor":6.0,"turns":7.0},{"damage":14.0,"enemies":"Gremlin Nob","floor":8.0,"turns":4.0},{"damage":0.0,"enemies":"Looter","floor":13.0,"turns":2.0},{"damage":5.0,"enemies":"3 Sentries","floor":14.0,"turns":5.0},{"damage":22.0,"enemies":"Hexaghost","floor":16.0,"turns":7.0},{"damage":17.0,"enemies":"2 Thieves","floor":18.0,"turns":3.0},{"damage":0.0,"enemies":"Spheric Guardian","floor":20.0,"turns":2.0},{"damage":28,"enemies":"Snake Plant","floor":21,"turns":5},{"damage":50,"enemies":"Book of Stabbing","floor":23,"turns":5}],"seed_played":"-8652174864887889488","potions_obtained":[{"floor":8.0,"key":"DuplicationPotion"},{"floor":13.0,"key":"ColorlessPotion"},{"floor":16.0,"key":"BlessingOfTheForge"},{"floor":18.0,"key":"SpeedPotion"}],"is_trial":false,"path_per_floor":["M","M","M","?","?","E","R","E","T","?","T","R","M","E","R","B",null,"M","?","M","M","$","E"],"character_chosen":"WATCHER","items_purchased":["FairyPotion"],"campfire_rested":1,"item_purchase_floors":[22],"current_hp_per_floor":[59,59,56,56,56,30,30,16,16,16,16,36,36,36,36,19,56,39,39,39,11,11,0,0],"gold":94,"neow_bonus":"REMOVE_TWO","is_daily":false,"chose_seed":false,"campfire_upgraded":2,"win_rate":0.0,"timestamp":1612613080,"path_taken":["M","M","M","?","?","E","R","E","T","?","?","R","M","E","R","BOSS","M","?","M","M","$","E"],"items_purchased_type":["Potion"],"build_version":"2020-12-22","purchased_purges":1,"victory":false,"max_hp_per_floor":[68,68,68,68,68,68,68,68,68,68,68,68,68,68,68,68,68,68,68,68,68,68,68,68],"card_choices":[{"not_picked":["Halt","WreathOfFlame"],"picked":"EmptyFist","floor":1.0},{"not_picked":["ReachHeaven","WindmillStrike"],"picked":"Wallop","floor":2.0},{"not_picked":["ThirdEye","WaveOfTheHand"],"picked":"SandsOfTime","floor":3.0},{"not_picked":["Prostrate","EmptyFist","Ragnarok"],"picked":"SKIP","floor":6.0},{"not_picked":["EmptyFist","CrushJoints","DeceiveReality"],"picked":"SKIP","floor":8.0},{"not_picked":["MentalFortress+1","CarveReality"],"picked":"Adaptation+1","floor":13.0},{"not_picked":["Worship","Indignation","Evaluate"],"picked":"SKIP","floor":14.0},{"not_picked":["Consecrate","Perseverance"],"picked":"Halt","floor":18.0},{"not_picked":["Protect","EmptyBody"],"picked":"BowlingBash+1","floor":20.0},{"not_picked":["SashWhip","Crescendo"],"picked":"FearNoEvil","floor":21}],"player_experience":1021476,"relics_obtained":[{"floor":6.0,"key":"CaptainsWheel"},{"floor":8.0,"key":"Frozen Egg 2"},{"floor":9.0,"key":"Matryoshka"},{"floor":11.0,"key":"Toy Ornithopter"},{"floor":11.0,"key":"Vajra"},{"floor":14.0,"key":"Happy Flower"}],"event_choices":[{"damage_healed":0.0,"max_hp_gain":0.0,"max_hp_loss":0.0,"gold_gain":0.0,"event_name":"Scrap Ooze","player_choice":"Fled","floor":4.0,"gold_loss":0.0,"damage_taken":0.0},{"damage_healed":0.0,"max_hp_gain":0.0,"max_hp_loss":0.0,"gold_gain":0.0,"event_name":"Liars Game","player_choice":"Ignored","floor":5.0,"gold_loss":0.0,"damage_taken":0.0},{"damage_healed":0.0,"max_hp_gain":0.0,"max_hp_loss":0.0,"gold_gain":0.0,"event_name":"Shining Light","player_choice":"Ignored","floor":10.0,"gold_loss":0.0,"damage_taken":0.0},{"damage_healed":0.0,"max_hp_gain":0.0,"max_hp_loss":0.0,"gold_gain":0.0,"event_name":"Cursed Tome","player_choice":"Ignored","floor":19.0,"gold_loss":0.0,"damage_taken":0.0}],"is_beta":false,"boss_relics":[{"not_picked":["HolyWater","Velvet Choker"],"picked":"VioletLotus"}],"items_purged_floors":[22],"is_endless":false,"potions_floor_spawned":[8,13,16,18],"killed_by":"Book of Stabbing","ascension_level":20}}