{"host":"svad1nuufomhazap","time":1612584298,"event":{"mods":["Act Like it!","Aspiration","BaseMod","Bestiary","BetterRewards","Conspire","Custom Start","Downfall","GifTheSpireLib","Minty Spire (QoL Compilation)","Morshu Shopkeeper","Pale of the Ancients","Permanent Neow","Shop Mod","StSLib","Unceasing Turn Reminder"],"gold_per_floor":[99,116,131,116,129,129,152,165,191,366,66,99,110,110,130,226,226,226,240,240,240,258,258,258,258],"floor_reached":23,"language":"ENG","playtime":1688,"items_purged":[],"score":211,"play_id":"645b06f5-c453-455b-898d-5766d7db641c","local_time":"20210205220458","is_ascension_mode":true,"campfire_choices":[{"data":"hexamod:Float","floor":1,"key":"SMITH"},{"floor":6,"key":"RECALL"},{"data":"hexamod:BurningTouch","floor":11,"key":"SMITH"},{"data":"hexamod:HexaLevel","floor":18,"key":"SMITH"}],"circlet_count":0,"master_deck":["hexamod:Sear","hexamod:Float+1","hexamod:BurningTouch+1","hexamod:HauntingEcho","hexamod:EmpoweredFlame","hexamod:FastForward","hexamod:InspiringFlames","hexamod:SuperheatedStrike","hexamod:Incineration","hexamod:StepThrough","hexamod:HexaLevel+1","hexamod:RadiantFlame+1","hexamod:CouncilsJustice","hexamod:CouncilsJustice","hexamod:CouncilsJustice","Ghostly","Ghostly","Ghostly","hexamod:StepThrough"],"relics":["hexamod:SpiritBrand","bronze:BronzeIdol","conspire:GlowingRock","downfall:HeartBlessingGreen","downfall:HeartBlessingRed","downfall:HeartBlessingBlue","Centennial Puzzle","Sozu"],"acts_visited":["Exordium","TheCity"],"potions_floor_usage":[9,15],"damage_taken":[{"damage":0,"enemies":"Small Slimes","floor":2,"turns":3},{"damage":8,"enemies":"2 Louse","floor":3,"turns":3},{"damage":0,"enemies":"downfall:FleeingMerchant","floor":4,"turns":4},{"damage":0,"enemies":"Cultist","floor":5,"turns":3},{"damage":6,"enemies":"3 Louse","floor":8,"turns":4},{"damage":13,"enemies":"3 Sentries","floor":9,"turns":8},{"damage":22,"enemies":"Gremlin Nob","floor":12,"turns":4},{"damage":0,"enemies":"Lots of Slimes","floor":13,"turns":5},{"damage":8,"enemies":"Gremlin Gang","floor":15,"turns":4},{"damage":7,"enemies":"SI_SHIV_ARCHETYPE","floor":16,"turns":6},{"damage":1,"enemies":"3 Byrds","floor":19,"turns":3},{"damage":0,"enemies":"Centurion and Healer","floor":22,"turns":5},{"damage":40,"enemies":"Gremlin Leader","floor":23,"turns":4}],"seed_played":"-1901587089314626737","potions_obtained":[{"floor":3,"key":"DuplicationPotion"},{"floor":8,"key":"Fire Potion"},{"floor":12,"key":"SkillPotion"},{"floor":16,"key":"LiquidBronze"}],"is_trial":false,"path_per_floor":["R","M","M","$","M","R","T","M","E","?","R","E","M","?","M","B",null,"R","M","?","?","M","E"],"character_chosen":"THE_SPIRIT","items_purchased":[],"campfire_rested":0,"item_purchase_floors":[],"current_hp_per_floor":[70,70,62,62,62,62,62,56,43,43,53,31,31,31,23,16,80,80,79,40,40,40,0,0,0],"gold":258,"neow_bonus":"RANDOM_COMMON_RELIC","is_daily":false,"chose_seed":false,"campfire_upgraded":3,"win_rate":0.0,"timestamp":1612584298,"path_taken":["R","M","M","$","M","R","T","M","E","?","R","E","M","?","M","BOSS","R","M","?","?","M","E"],"items_purchased_type":[],"build_version":"2020-12-22","purchased_purges":0,"victory":false,"max_hp_per_floor":[70,70,70,70,70,70,70,70,70,70,80,80,80,80,80,80,80,80,80,40,40,40,40,40,40],"card_choices":[{"not_picked":["hexamod:SpectersWail","hexamod:SkipABeat"],"picked":"hexamod:BurningTouch","floor":2},{"not_picked":["hexamod:GhostLash","hexamod:FlamesFromBeyond"],"picked":"hexamod:HauntingEcho","floor":3},{"not_picked":["hexamod:GhostflameBarrier","hexamod:ThermalTransfer"],"picked":"hexamod:EmpoweredFlame","floor":4},{"not_picked":["hexamod:PhantomFireball","hexamod:Firestarter"],"picked":"hexamod:HeatMetal","floor":5},{"not_picked":["hexamod:SkipABeat","hexamod:RainOfEmbers"],"picked":"hexamod:FastForward","floor":8},{"not_picked":["hexamod:ShieldOfDarkness","hexamod:RetreatToShadows"],"picked":"hexamod:InspiringFlames","floor":9},{"not_picked":["hexamod:GhostOfSpirePresent","hexamod:SkipABeat"],"picked":"hexamod:SuperheatedStrike","floor":12},{"not_picked":["hexamod:InspiringFlames","hexamod:SpectralAdrenaline"],"picked":"hexamod:Incineration","floor":13},{"not_picked":["hexamod:Rewind","hexamod:NightmareGuise"],"picked":"hexamod:StepThrough","floor":15},{"not_picked":["hexamod:SearingWound","hexamod:TimeWarp"],"picked":"hexamod:HexaLevel","floor":16},{"not_picked":["hexamod:AdvancingGuard","hexamod:FlamesFromBeyond"],"picked":"hexamod:RadiantFlame+1","floor":19},{"not_picked":["hexamod:InspiringFlames","hexamod:SuperheatedStrike"],"picked":"hexamod:StepThrough","floor":22}],"player_experience":326249,"relics_obtained":[{"floor":9,"key":"conspire:GlowingRock"},{"floor":12,"key":"Centennial Puzzle"}],"event_choices":[{"cards_removed":["Doubt"],"damage_healed":0,"gold_gain":0,"player_choice":"Card Removal","damage_taken":0,"max_hp_gain":0,"max_hp_loss":0,"event_name":"Wheel of Change","floor":14,"gold_loss":0}],"is_beta":false,"boss_relics":[{"not_picked":["Tiny House","bronze:MakeshiftBattery"],"picked":"Sozu"}],"items_purged_floors":[],"is_endless":false,"potions_floor_spawned":[3,8,12,16,22],"killed_by":"Gremlin Leader","ascension_level":1}}