{"host":"8e3sp1tozjyrh64l","time":1612650145,"event":{"mods":["BaseMod","Better Altar","Better Match","Better Note","Better Sensory Stone","Better Silent Start","Better Skull","Better Third Choice","BetterRewards","Curses Come First","Defuse TimeMaze Blight","Infinite Spire","Minty Spire (QoL Compilation)","Permanent Neow","Rare Cards Sparkle","Relic Sorter","Reliquary","Replay The Spire","Shop Mod","Spicy Shops","StSLib","SuperFastMode","Wandering Minibosses"],"gold_per_floor":[120,223,223,223,243,275,51,99,99,154,154,196,196,222,222,331,331,362,362,405,427,468,468,514,558,584,584,604,604],"floor_reached":28,"language":"ENG","playtime":752,"items_purged":[],"score":549,"play_id":"d1b6e59b-f5f5-4a28-abdb-c94659f4566e","local_time":"20210206152225","is_ascension_mode":true,"campfire_choices":[{"data":"1","floor":11,"key":"LIFT"},{"data":"2","floor":13,"key":"LIFT"},{"data":"3","floor":15,"key":"LIFT"},{"data":"Phantasmal Killer","floor":23,"key":"SMITH"},{"data":"Phantasmal Killer","floor":27,"key":"SMITH"}],"circlet_count":0,"master_deck":["Strike_G","Strike_G","Strike_G","Strike_G","Defend_G","Defend_G","Defend_G","Defend_G","Survivor","Neutralize","Noxious Fumes","Phantasmal Killer+1","Phantasmal Killer+1","Footwork+1","Infinite Blades","Burst","Accuracy","Dagger Spray","Blade Dance","Fluid Movement+1","Cloak And Dagger"],"relics":["Ring of the Snake","Replay:Bandana","Replay:Rubber Ducky","Torii","MerchantsRug","infinitespire:Golems Mask","Tingsha","Vajra","Girya","StrikeDummy","Ginger","reliquary:Bookmark","Blue Doll","Lantern","Letter Opener","Sling","Pondfish Scales","reliquary:QuartzCube","Orichalcum","CeramicFish","Replay:Bronze Core","TwistedFunnel","SlaversCollar","reliquary:TatteredRug","Pen Nib"],"acts_visited":["Exordium","TheCity"],"potions_floor_usage":[16],"damage_taken":[{"damage":0,"enemies":"Small Slimes","floor":1,"turns":3},{"damage":1,"enemies":"Jaw Worm","floor":5,"turns":3},{"damage":2,"enemies":"Lagavulin","floor":6,"turns":6},{"damage":16,"enemies":"Gremlin Nob","floor":8,"turns":4},{"damage":0,"enemies":"3 Sentries","floor":10,"turns":4},{"damage":0,"enemies":"Gremlin Nob","floor":12,"turns":3},{"damage":0,"enemies":"2 Louse","floor":14,"turns":2},{"damage":8,"enemies":"The Guardian","floor":16,"turns":7},{"damage":0,"enemies":"Chosen","floor":18,"turns":3},{"damage":1,"enemies":"2 Thieves","floor":20,"turns":2},{"damage":7,"enemies":"Shelled Parasite and Fungi","floor":21,"turns":4},{"damage":8,"enemies":"Snecko","floor":22,"turns":4},{"damage":32,"enemies":"Gremlin Leader","floor":24,"turns":4},{"damage":0,"enemies":"Centurion and Healer","floor":25,"turns":2},{"damage":44,"enemies":"Nightmare","floor":28,"turns":4}],"seed_played":"-3121423224555101515","potions_obtained":[{"floor":1,"key":"Dexterity Potion"},{"floor":10,"key":"FairyPotion"},{"floor":12,"key":"LiquidMemories"},{"floor":14,"key":"Fire Potion"},{"floor":18,"key":"LifebloodPotion"}],"is_trial":false,"path_per_floor":["M","?","?","?","M","E","$","E","T","E","R","E","R","M","R","B",null,"M","AVR","M","M","M","R","E","M","T","R","NM"],"character_chosen":"THE_SILENT","items_purchased":["Replay:Bandana","Replay:Rubber Ducky","Torii","Noxious Fumes","MerchantsRug","Phantasmal Killer","Tingsha","Vajra","StrikeDummy","reliquary:Bookmark","Blue Doll","Footwork+1","Sling","Accuracy"],"campfire_rested":0,"item_purchase_floors":[0,0,0,0,0,0,0,0,0,0,0,0,7,7],"current_hp_per_floor":[28,28,28,28,27,25,25,9,9,9,9,9,9,9,9,1,70,70,70,69,62,54,54,22,22,22,22,0,0],"gold":604,"neow_bonus":"","is_daily":false,"chose_seed":false,"campfire_upgraded":2,"win_rate":0.0,"timestamp":1612650145,"path_taken":["M","?","?","?","M","E","$","E","T","E","R","E","R","M","R","BOSS","M","AVR","M","M","M","R","E","M","T","R","NM"],"items_purchased_type":["Relic","Relic","Relic","Card","Relic","Card","Relic","Relic","Relic","Relic","Relic","Card","Relic","Card"],"build_version":"2020-12-22","purchased_purges":0,"victory":false,"max_hp_per_floor":[70,70,70,70,70,70,70,70,70,70,70,70,70,70,70,70,70,70,70,70,70,70,70,70,70,70,70,70,70],"card_choices":[{"not_picked":["Eviscerate","Bane","Prepared"],"picked":"SKIP","floor":1},{"not_picked":["Finisher","Acrobatics"],"picked":"Infinite Blades","floor":2},{"not_picked":["Underhanded Strike","Prepared","Backflip"],"picked":"SKIP","floor":5},{"not_picked":["Concentrate","Poisoned Stab","Burst"],"picked":"SKIP","floor":6},{"not_picked":["Concentrate","Poisoned Stab"],"picked":"Burst","floor":6},{"not_picked":["Bane","Flying Knee"],"picked":"Dagger Spray","floor":8},{"not_picked":["Expertise","ReplayTheSpireMod:Shiv Toss","Escape Plan"],"picked":"SKIP","floor":10},{"not_picked":["Dodge and Roll","Reflex","Sucker Punch"],"picked":"SKIP","floor":12},{"not_picked":["Deadly Poison","Deflect"],"picked":"Blade Dance","floor":14},{"not_picked":["Deflect","ReplayTheSpireMod:The Works","Deadly Poison"],"picked":"SKIP","floor":18},{"not_picked":["Deflect+1","Poisoned Stab"],"picked":"Fluid Movement+1","floor":20},{"not_picked":["Heel Hook+1","Crippling Poison+1","Backflip"],"picked":"SKIP","floor":21},{"not_picked":["Corpse Explosion","ReplayTheSpireMod:Scrap Shanks","Underhanded Strike+1"],"picked":"SKIP","floor":22},{"not_picked":["Dagger Spray","Underhanded Strike"],"picked":"Cloak And Dagger","floor":24},{"not_picked":["Catalyst","Prepared","Dagger Throw+1"],"picked":"SKIP","floor":25}],"player_experience":916322,"relics_obtained":[{"floor":2,"key":"Lantern"},{"floor":6,"key":"Letter Opener"},{"floor":8,"key":"Pondfish Scales"},{"floor":9,"key":"reliquary:QuartzCube"},{"floor":10,"key":"Orichalcum"},{"floor":12,"key":"CeramicFish"},{"floor":24,"key":"reliquary:TatteredRug"},{"floor":26,"key":"Pen Nib"}],"event_choices":[],"is_beta":false,"boss_relics":[{"not_picked":["Pandora\u0027s Box","Runic Dome"],"picked":"Replay:Bronze Core"}],"items_purged_floors":[],"is_endless":false,"potions_floor_spawned":[1,10,12,14,18,21,24],"killed_by":"Nightmare","ascension_level":4}}