{"host":"dvpvhz1t6etneyb3","time":1612585229,"event":{"mods":["AchievementEnabler","BaseMod","Colored Map","Highlight Path","Minty Spire (QoL Compilation)","Permanent Neow","Quick Restart"],"gold_per_floor":[110,110,122,122,139,139,173,184,184,107,107,137,137,25,25,100,100,116,126,126,136,154,154,187,207,507,507,526,558,9,35,35,35,35],"floor_reached":33,"language":"ENG","playtime":985,"items_purged":["Strike_R","Strike_R"],"score":730,"play_id":"6054af58-edf5-4056-bb41-4f9222a21343","local_time":"20210205232029","is_ascension_mode":true,"campfire_choices":[{"data":"Whirlwind","floor":6.0,"key":"SMITH"},{"data":"Shockwave","floor":11.0,"key":"SMITH"},{"floor":13.0,"key":"REST"},{"data":"Anger","floor":15.0,"key":"SMITH"},{"floor":23,"key":"RECALL"},{"floor":27,"key":"REST"},{"floor":32,"key":"REST"}],"circlet_count":0,"master_deck":["AscendersBane","Strike_R","Defend_R","Defend_R","Defend_R+1","Defend_R","Bash+1","Whirlwind+1","Anger+1","Shockwave+1","Hemokinesis","Limit Break+1","Flex+1","Disarm+1","Reaper","Shockwave+1","Necronomicurse","Flex+1","True Grit+1","True Grit+1","Flex+1","Spot Weakness+1","Good Instincts+1"],"relics":["Burning Blood","Bottled Flame","Toxic Egg 2","Akabeko","Fusion Hammer","Necronomicon","Ancient Tea Set","Old Coin","Smiling Mask","Chemical X","Pen Nib","Art of War"],"acts_visited":["Exordium","TheCity"],"potions_floor_usage":[33],"damage_taken":[{"damage":9.0,"enemies":"2 Louse","floor":1.0,"turns":3.0},{"damage":0.0,"enemies":"Cultist","floor":3.0,"turns":3.0},{"damage":8.0,"enemies":"Small Slimes","floor":5.0,"turns":3.0},{"damage":29.0,"enemies":"3 Sentries","floor":7.0,"turns":6.0},{"damage":0.0,"enemies":"2 Fungi Beasts","floor":8.0,"turns":1.0},{"damage":26.0,"enemies":"Gremlin Nob","floor":12.0,"turns":4.0},{"damage":13.0,"enemies":"Hexaghost","floor":16.0,"turns":6.0},{"damage":0.0,"enemies":"Chosen","floor":18.0,"turns":2.0},{"damage":0.0,"enemies":"3 Byrds","floor":19.0,"turns":1.0},{"damage":0.0,"enemies":"Cultist and Chosen","floor":21.0,"turns":2.0},{"damage":0,"enemies":"Sentry and Sphere","floor":22,"turns":1},{"damage":0,"enemies":"Gremlin Leader","floor":24,"turns":2},{"damage":0,"enemies":"Centurion and Healer","floor":25,"turns":1},{"damage":0,"enemies":"Snake Plant","floor":28,"turns":1},{"damage":14,"enemies":"Book of Stabbing","floor":29,"turns":2},{"damage":0,"enemies":"Gremlin Leader","floor":31,"turns":1},{"damage":114,"enemies":"Champ","floor":33,"turns":6}],"seed_played":"8045581153411703824","potions_obtained":[{"floor":3.0,"key":"ColorlessPotion"},{"floor":7.0,"key":"FearPotion"},{"floor":8.0,"key":"FairyPotion"},{"floor":12.0,"key":"DistilledChaos"}],"is_trial":false,"path_per_floor":["M","?","M","?","M","R","E","M","T","$","R","E","R","$","R","B",null,"M","M","?","M","M","R","E","M","T","R","M","E","$","E","R","B"],"character_chosen":"IRONCLAD","items_purchased":["Limit Break+1","Disarm+1","Spot Weakness+1","Chemical X","Pen Nib","Good Instincts+1"],"campfire_rested":3,"item_purchase_floors":[10,14,30,30,30,30],"current_hp_per_floor":[65,42,48,48,46,46,23,29,29,29,29,9,31,31,31,24,62,72,75,54,60,66,66,74,75,75,75,75,67,67,73,75,0,0],"gold":35,"neow_bonus":"TRANSFORM_CARD","is_daily":false,"chose_seed":false,"campfire_upgraded":3,"win_rate":0.0,"timestamp":1612585229,"path_taken":["M","?","M","?","M","R","E","?","T","$","R","E","R","$","R","BOSS","M","M","?","M","M","R","E","M","T","R","M","E","$","E","R","BOSS"],"items_purchased_type":["Card","Card","Card","Relic","Relic","Card"],"build_version":"2020-12-22","purchased_purges":2,"victory":false,"max_hp_per_floor":[75,75,75,75,75,75,75,75,75,75,75,75,75,75,75,75,75,75,75,75,75,75,75,75,75,75,75,75,75,75,75,75,75,75],"card_choices":[{"not_picked":["Heavy Blade","Headbutt","Dual Wield"],"picked":"SKIP","floor":1.0},{"not_picked":["Thunderclap","Armaments"],"picked":"Anger","floor":3.0},{"not_picked":["Perfected Strike","Wild Strike","Clothesline"],"picked":"SKIP","floor":5.0},{"not_picked":["Hemokinesis","Body Slam"],"picked":"Shockwave","floor":7.0},{"not_picked":["Dark Embrace","Havoc"],"picked":"Hemokinesis","floor":8.0},{"not_picked":["Heavy Blade","Thunderclap"],"picked":"Flex+1","floor":12.0},{"not_picked":["Bludgeon","Berserk"],"picked":"Reaper","floor":16.0},{"not_picked":["Infernal Blade+1","Carnage"],"picked":"Shockwave+1","floor":18.0},{"not_picked":["Feel No Pain","Wild Strike","Perfected Strike+1"],"picked":"SKIP","floor":19.0},{"not_picked":["Warcry+1","Clash"],"picked":"Flex+1","floor":21},{"not_picked":["Feel No Pain","Ghostly Armor+1"],"picked":"True Grit+1","floor":22},{"not_picked":["Clothesline","Sword Boomerang"],"picked":"True Grit+1","floor":24},{"not_picked":["Dropkick+1","Pommel Strike","Sword Boomerang"],"picked":"SKIP","floor":25},{"not_picked":["Intimidate+1","Heavy Blade"],"picked":"Flex+1","floor":28},{"not_picked":["Twin Strike","Immolate","Uppercut"],"picked":"SKIP","floor":29},{"not_picked":["Blood for Blood","Iron Wave","Flex+1"],"picked":"SKIP","floor":31}],"player_experience":2156771,"relics_obtained":[{"floor":7.0,"key":"Bottled Flame"},{"floor":9.0,"key":"Toxic Egg 2"},{"floor":12.0,"key":"Akabeko"},{"floor":20.0,"key":"Necronomicon"},{"floor":24,"key":"Ancient Tea Set"},{"floor":26,"key":"Old Coin"},{"floor":29,"key":"Smiling Mask"},{"floor":31,"key":"Art of War"}],"event_choices":[{"damage_healed":0.0,"max_hp_gain":0.0,"max_hp_loss":0.0,"gold_gain":0.0,"event_name":"Shining Light","player_choice":"Entered Light","floor":2.0,"gold_loss":0.0,"damage_taken":23.0,"cards_upgraded":["Bash","Defend_R"]},{"cards_removed":["Strike_R"],"damage_healed":0.0,"max_hp_gain":0.0,"max_hp_loss":0.0,"gold_gain":0.0,"event_name":"Bonfire Elementals","player_choice":"Offered Basic","floor":4.0,"gold_loss":0.0,"damage_taken":0.0},{"damage_healed":0.0,"max_hp_gain":0.0,"max_hp_loss":0.0,"gold_gain":0.0,"event_name":"Cursed Tome","player_choice":"Obtained Book","floor":20.0,"gold_loss":0.0,"damage_taken":21.0}],"is_beta":false,"boss_relics":[{"not_picked":["Coffee Dripper","Runic Pyramid"],"picked":"Fusion Hammer"}],"items_purged_floors":[14,30],"is_endless":false,"potions_floor_spawned":[3,7,8,12,18,19,28],"killed_by":"Champ","ascension_level":20}}