{"host":"k21xmcun2pczpxg9","time":1612614070,"event":{"mods":["BaseMod","BetterRewards","Highlight Path","Minty Spire (QoL Compilation)","Quick Restart","Shop Mod"],"gold_per_floor":[112,34,34,34,34,34,49,49,75,118,218,261,261,279,279,279,279],"floor_reached":16,"language":"ENG","playtime":558,"items_purged":[],"score":131,"play_id":"3e77f1c2-f602-4b6d-8406-e5baa47e06c3","local_time":"20210206132110","is_ascension_mode":false,"campfire_choices":[{"floor":6,"key":"REST"},{"data":"Accuracy","floor":8,"key":"SMITH"},{"data":"A Thousand Cuts","floor":13,"key":"SMITH"},{"floor":15,"key":"REST"}],"circlet_count":0,"master_deck":["Strike_G","Strike_G","Strike_G","Strike_G","Strike_G","Defend_G","Defend_G","Defend_G","Defend_G","Defend_G","Survivor","Neutralize","Accuracy+1","Regret","Slice","A Thousand Cuts+1","Expertise"],"relics":["Ring of the Snake","NeowsBlessing","Golden Idol","MealTicket","Centennial Puzzle","Bag of Marbles","Mango"],"acts_visited":["Exordium"],"potions_floor_usage":[],"damage_taken":[{"damage":0,"enemies":"Small Slimes","floor":1,"turns":1},{"damage":0,"enemies":"Cultist","floor":7,"turns":1},{"damage":0,"enemies":"Lagavulin","floor":10,"turns":1},{"damage":41,"enemies":"Gremlin Nob","floor":12,"turns":6},{"damage":0,"enemies":"2 Louse","floor":14,"turns":3},{"damage":71,"enemies":"Slime Boss","floor":16,"turns":9}],"seed_played":"-2803340203981015135","potions_obtained":[{"floor":7,"key":"Ancient Potion"}],"is_trial":false,"path_per_floor":["M","$","?","?","?","R","M","R","T","E","?","E","R","M","R","B"],"character_chosen":"THE_SILENT","items_purchased":["Accuracy"],"campfire_rested":2,"item_purchase_floors":[2],"current_hp_per_floor":[70,70,53,53,46,67,67,67,67,67,67,40,40,40,65,0,0],"gold":279,"neow_bonus":"THREE_ENEMY_KILL","is_daily":false,"chose_seed":false,"campfire_upgraded":2,"win_rate":0.0,"timestamp":1612614070,"path_taken":["M","$","?","?","?","R","?","R","T","E","?","E","R","?","R","BOSS"],"items_purchased_type":["Card"],"build_version":"2020-12-22","purchased_purges":0,"victory":false,"max_hp_per_floor":[70,70,70,70,70,70,70,70,70,70,70,84,84,84,84,84,84],"card_choices":[{"not_picked":["Dagger Spray","Dash","Backflip"],"picked":"SKIP","floor":1},{"not_picked":["Prepared","Dodge and Roll"],"picked":"Slice","floor":7},{"not_picked":["Backflip","Skewer"],"picked":"A Thousand Cuts","floor":10},{"not_picked":["Dagger Spray","Slice"],"picked":"Expertise","floor":12},{"not_picked":["Predator","Tactician","Concentrate"],"picked":"SKIP","floor":14}],"player_experience":132858,"relics_obtained":[{"floor":9,"key":"Centennial Puzzle"},{"floor":10,"key":"Bag of Marbles"},{"floor":12,"key":"Mango"}],"event_choices":[{"damage_healed":0,"gold_gain":0,"player_choice":"Take Damage","damage_taken":17,"relics_obtained":["Golden Idol"],"max_hp_gain":0,"max_hp_loss":0,"event_name":"Golden Idol","floor":3,"gold_loss":0},{"damage_healed":0,"gold_gain":0,"player_choice":"Box","damage_taken":0,"relics_obtained":["MealTicket"],"max_hp_gain":0,"max_hp_loss":0,"event_name":"Big Fish","floor":4,"gold_loss":0,"cards_obtained":["Regret"]},{"damage_healed":0,"gold_gain":0,"player_choice":"Damaged","damage_taken":7,"max_hp_gain":0,"max_hp_loss":0,"event_name":"Wheel of Change","floor":5,"gold_loss":0},{"damage_healed":0,"gold_gain":100,"player_choice":"Pray","damage_taken":0,"max_hp_gain":0,"max_hp_loss":0,"event_name":"Golden Shrine","floor":11,"gold_loss":0}],"is_beta":false,"boss_relics":[],"items_purged_floors":[],"is_endless":false,"potions_floor_spawned":[7],"killed_by":"Slime Boss","ascension_level":0}}