{"host":"x039aayur7qovk2d","time":1612645917,"event":{"mods":["AchievementEnabler","BaseMod","Block Reminder","Colored Map","Colored Powertips","DeckTracker","Googly Eyes","Highlight Path","Minty Spire (QoL Compilation)","Permanent Neow","Quick Restart","Rare Cards Sparkle","Relic Sorter","Relic Stats"],"gold_per_floor":[165,165,181,181,199,199,223,223,223,250,270,302,302,337,337,337,337],"floor_reached":16,"language":"ENG","playtime":879,"items_purged":[],"score":118,"play_id":"eff29af1-b2e7-447b-9301-3b9f54e32f6d","local_time":"20210206131157","is_ascension_mode":false,"campfire_choices":[{"data":"Pommel Strike","floor":6,"key":"SMITH"},{"data":"Pommel Strike","floor":8,"key":"SMITH"},{"floor":13,"key":"REST"},{"floor":15,"key":"DIG"}],"circlet_count":0,"master_deck":["Strike_R","Strike_R","Strike_R","Strike_R+1","Defend_R","Defend_R","Defend_R","Defend_R","Bash","Pommel Strike+1","Dark Embrace","Wild Strike","Pommel Strike+1","Wild Strike","Pommel Strike","Uppercut","Feed","Headbutt"],"relics":["Tiny House","HornCleat","Odd Mushroom","Shovel","Ornamental Fan","Bottled Tornado","Letter Opener","Du-Vu Doll"],"acts_visited":["Exordium"],"potions_floor_usage":[7,16],"damage_taken":[{"damage":1,"enemies":"Jaw Worm","floor":1,"turns":3},{"damage":8,"enemies":"Small Slimes","floor":3,"turns":5},{"damage":8,"enemies":"2 Louse","floor":5,"turns":2},{"damage":19,"enemies":"The Mushroom Lair","floor":7,"turns":5},{"damage":22,"enemies":"3 Sentries","floor":10,"turns":8},{"damage":0,"enemies":"Looter","floor":11,"turns":3},{"damage":11,"enemies":"Gremlin Nob","floor":12,"turns":4},{"damage":36,"enemies":"Lagavulin","floor":14,"turns":7},{"damage":35,"enemies":"Slime Boss","floor":16,"turns":3}],"seed_played":"-3340412052479030819","potions_obtained":[{"floor":0,"key":"FairyPotion"},{"floor":1,"key":"SkillPotion"},{"floor":14,"key":"Dexterity Potion"}],"is_trial":false,"path_per_floor":["M","?","M","?","M","R","?","R","T","E","M","E","R","E","R","B"],"character_chosen":"IRONCLAD","items_purchased":[],"campfire_rested":1,"item_purchase_floors":[],"current_hp_per_floor":[84,84,76,69,61,61,42,42,42,20,20,9,34,25,25,0,0],"gold":337,"neow_bonus":"BOSS_RELIC","is_daily":false,"chose_seed":false,"campfire_upgraded":2,"win_rate":0.0,"timestamp":1612645917,"path_taken":["M","?","M","?","M","R","?","R","T","E","M","E","R","E","R","BOSS"],"items_purchased_type":[],"build_version":"2020-12-22","purchased_purges":0,"victory":false,"max_hp_per_floor":[85,85,85,85,85,85,85,85,85,85,85,85,85,85,85,85,85],"relic_stats":{"Shovel":1,"counters":[9,40],"Ornamental Fan":[12],"Letter Opener":[0],"obtain_stats":[{"Du-Vu Doll":15,"Tiny House":0,"HornCleat":4,"Shovel":9,"Ornamental Fan":10,"Letter Opener":14,"Odd Mushroom":7,"Bottled Tornado":12,"Burning Blood":0},{"Du-Vu Doll":8,"Tiny House":0,"HornCleat":2,"Shovel":4,"Ornamental Fan":5,"Letter Opener":8,"Odd Mushroom":4,"Bottled Tornado":7,"Burning Blood":0},{"Du-Vu Doll":37,"Tiny House":0,"HornCleat":8,"Shovel":15,"Ornamental Fan":23,"Letter Opener":37,"Odd Mushroom":15,"Bottled Tornado":30,"Burning Blood":0}]},"card_choices":[{"not_picked":["Whirlwind","True Grit"],"picked":"Pommel Strike","floor":0},{"not_picked":["Sentinel","Intimidate","Thunderclap"],"picked":"SKIP","floor":1},{"not_picked":["Clothesline","Armaments"],"picked":"Wild Strike","floor":3},{"not_picked":["Metallicize","Blood for Blood"],"picked":"Pommel Strike","floor":5},{"not_picked":["Clash","Offering"],"picked":"Wild Strike","floor":7},{"not_picked":["Armaments","Flex"],"picked":"Pommel Strike","floor":10},{"not_picked":["Havoc","Blood for Blood"],"picked":"Uppercut","floor":11},{"not_picked":["Rupture","Wild Strike"],"picked":"Feed","floor":12},{"not_picked":["Pommel Strike","Carnage"],"picked":"Headbutt","floor":14}],"player_experience":113309,"relics_obtained":[{"floor":7,"key":"Odd Mushroom"},{"floor":9,"key":"Shovel"},{"floor":10,"key":"Ornamental Fan"},{"floor":12,"key":"Bottled Tornado"},{"floor":14,"key":"Letter Opener"},{"floor":15,"key":"Du-Vu Doll"}],"event_choices":[{"damage_healed":0,"gold_gain":0,"cards_transformed":["Strike_R"],"player_choice":"Change","damage_taken":0,"max_hp_gain":0,"max_hp_loss":0,"event_name":"Living Wall","floor":2,"gold_loss":0,"cards_obtained":["Dark Embrace"]},{"damage_healed":0,"gold_gain":0,"player_choice":"Success","damage_taken":7,"relics_obtained":["HornCleat"],"max_hp_gain":0,"max_hp_loss":0,"event_name":"Scrap Ooze","floor":4,"gold_loss":0},{"damage_healed":0,"gold_gain":0,"player_choice":"Fought Mushrooms","damage_taken":0,"max_hp_gain":0,"max_hp_loss":0,"event_name":"Mushrooms","floor":7,"gold_loss":0}],"is_beta":false,"boss_relics":[],"items_purged_floors":[],"is_endless":false,"potions_floor_spawned":[1,14],"killed_by":"Slime Boss","ascension_level":0}}