{"host":"q5l3nirlejh5mn15","time":1612589865,"event":{"mods":["100% Spire Juice","BaseMod","Downfall","Energized Spire","Hermit","Koishi","Marisa£®ÏF”Í°°ƒß¿Ì…≥£©","Minty Spire (QoL Compilation)","MostiFishMod","Reimu£®≤©¿ˆ¡È√Œ£©","Relic Filter Mod","Reliquary","Remilia£®¿Ÿ√◊¿Ú—«£©","RumiaBox-¬∂√◊Ê´µƒ…Ò√ÿ∫–◊”","Spicy Shops","StSLib","The Hierophant","The Servant 0.9.4","Warlord Emblem","[IsaacMod]“‘»ˆº‚À˛","°æπ¶ƒ‹Mod°øªÏ„Á÷Æª∑–ﬁ∏¥≤π∂°"],"gold_per_floor":[99,112,22,22,39,55,55,55,88,99,125,51,70,245,265,365,365,365,465,498,509,59,59,59,59,59,69,96,115,15,35,46,145,145,45,95,141,141,141,41,121,121,5,36,47,47,47,58,68,68,82,97,144,144,178,259,276,326,23,38,68,118,118,137,137],"floor_reached":51,"language":"ZHS","playtime":2812,"items_purged":["Zap","Strike_B","Doubt","Strike_B","Strike_B","Defend_B"],"score":1223,"play_id":"0724de9c-ddf5-4823-9157-8d2235136b27","local_time":"20210206133745","is_ascension_mode":false,"campfire_choices":[{"data":"Chaos","floor":1,"key":"SMITH"},{"data":"Gash","floor":8,"key":"SMITH"},{"floor":18,"key":"RECALL"},{"data":"MostiFishMod:SeaWaves","floor":23,"key":"SMITH"},{"data":"Fan","floor":25,"key":"SMITH"},{"data":"Blizzard","floor":30,"key":"SMITH"},{"data":"Madness","floor":35,"key":"SMITH"},{"data":"expansioncontent:Hexaburn","floor":40,"key":"SMITH"},{"data":"Gash","floor":42,"key":"SMITH"},{"data":"Hologram","floor":46,"key":"SMITH"},{"data":"Reinforced Body","floor":35,"key":"SMITH"}],"circlet_count":0,"master_deck":["Strike_B","Defend_B","Defend_B","Defend_B","Cold Snap","Darkness","Chaos+1","MostiFishMod:GatherIntelligence","MostiFishMod:SeaWaves+1","Cold Snap","Gash+1","Fan+1","Loop","Barrage","Hologram+1","Blizzard+1","MostiFishMod:StarOceanB","Conserve Battery+1","Double Energy+1","downfall:Bewildered","Hologram","Gash+1","Hologram","MostiFishMod:ActiveDefenseSystem","Madness+1","Gash+1","expansioncontent:Chronoboost","expansioncontent:Hexaburn+1","Capacitor","MostiFishMod:FluxCapactior+1","Reinforced Body+1","Fusion","Cold Snap"],"relics":["WarlordEmblem:SoulOfKael","HushsDoor","DaveBox","ExusiaiGun","D6","Bag of Marbles","DianDianMeat","Civilization","xbg","Succubus","MagicDraw4","reliquary:OuijaBoard","Red Mask","Pen Nib","ThornShield","sneckomod:BabySnecko","Lantern","downfall:HeartBlessingRed","reliquary:RedPaperclip","GuppysTail","downfall:HeartBlessingGreen","DianPoetry","downfall:HeartBlessingBlue","SharpPlug","Sundial","BionicSphere","PreservedInsect","Bottled Flame","MoreBug","Akabeko","Singing Bowl","CatCart"],"acts_visited":["Exordium","TheCity","TheBeyond"],"potions_floor_usage":[28],"damage_taken":[{"damage":0,"enemies":"Cultist","floor":2,"turns":1},{"damage":0,"enemies":"downfall:FleeingMerchant","floor":3,"turns":4},{"damage":0,"enemies":"Jaw Worm","floor":5,"turns":2},{"damage":0,"enemies":"Small Slimes","floor":6,"turns":2},{"damage":4,"enemies":"3 Sentries","floor":9,"turns":4},{"damage":12,"enemies":"2 Fungi Beasts","floor":10,"turns":2},{"damage":3,"enemies":"Lagavulin","floor":11,"turns":5},{"damage":10,"enemies":"downfall:FleeingMerchant","floor":12,"turns":3},{"damage":1,"enemies":"Large Slime","floor":13,"turns":3},{"damage":11,"enemies":"Exordium Thugs","floor":15,"turns":3},{"damage":0,"enemies":"SI_SHIV_ARCHETYPE","floor":16,"turns":3},{"damage":8,"enemies":"IC_STATUS_ARCHETYPE","floor":19,"turns":4},{"damage":0,"enemies":"Masked Bandits","floor":20,"turns":2},{"damage":0,"enemies":"Shell Parasite","floor":21,"turns":2},{"damage":0,"enemies":"Centurion and Healer","floor":27,"turns":1},{"damage":27,"enemies":"Gremlin Leader","floor":28,"turns":3},{"damage":0,"enemies":"Cultist and Chosen","floor":29,"turns":2},{"damage":0,"enemies":"Snake Plant","floor":31,"turns":1},{"damage":0,"enemies":"Snecko","floor":32,"turns":1},{"damage":0,"enemies":"WA_ARCHETYPE_CALM","floor":33,"turns":3},{"damage":0,"enemies":"WA_ARCHETYPE_CALM","floor":36,"turns":1},{"damage":0,"enemies":"2 Orb Walkers","floor":37,"turns":2},{"damage":0,"enemies":"Giant Head","floor":44,"turns":2},{"damage":0,"enemies":"3 Shapes","floor":45,"turns":1},{"damage":0,"enemies":"Orb Walker","floor":48,"turns":1},{"damage":0,"enemies":"3 Darklings","floor":49,"turns":2},{"damage":0,"enemies":"3 Shapes","floor":36,"turns":3},{"damage":0,"enemies":"Spire Growth","floor":37,"turns":2},{"damage":0,"enemies":"2 Orb Walkers","floor":38,"turns":1},{"damage":0,"enemies":"Nemesis","floor":40,"turns":3},{"damage":0,"enemies":"Transient","floor":42,"turns":2},{"damage":0,"enemies":"Transient","floor":43,"turns":2},{"damage":0,"enemies":"4 Shapes","floor":45,"turns":1},{"damage":0,"enemies":"Reptomancer","floor":46,"turns":2},{"damage":0,"enemies":"Orin","floor":47,"turns":2},{"damage":0,"enemies":"Sphere and 2 Shapes","floor":49,"turns":2},{"damage":0,"enemies":"Time Eater","floor":50,"turns":3}],"seed_played":"-6061087946810981391","potions_obtained":[{"floor":6,"key":"SmokeBomb"},{"floor":9,"key":"bronze:BurnAndBuffPotion"},{"floor":10,"key":"Swift Potion"},{"floor":16,"key":"ColorlessPotion"},{"floor":31,"key":"Block Potion"}],"is_trial":false,"path_per_floor":["R","M","$","?","M","M","T","R","E","M","E","$","M","?","M","B",null,"R","?","?","M","$","R","T","R","?","M","E","M","R","M","M","B",null,"R","?","?","?","$","R","T","R","$","E","M","R","?","M","M","R","M","M","?","?","E","T","M","?","$","M","E","?","$","M","B",null],"character_chosen":"Kael","items_purchased":["DianDianMeat","Civilization","Succubus","Pen Nib","ThornShield","FairyPotion","GuppysTail","FairyPotion","Madness","Capacitor","Akabeko"],"campfire_rested":0,"item_purchase_floors":[12,12,17,22,22,34,34,34,34,43,44],"current_hp_per_floor":[82,82,82,82,82,82,82,82,78,66,63,53,54,56,51,59,80,80,82,93,98,98,98,98,98,105,110,98,112,112,117,132,148,166,166,184,189,213,213,223,223,223,239,244,266,266,266,271,299,299,304,328,333,333,338,338,343,348,348,353,360,367,367,392,397],"gold":137,"neow_bonus":"TEN_PERCENT_HP_BONUS","is_daily":false,"chose_seed":false,"campfire_upgraded":10,"win_rate":0.0,"timestamp":1612589865,"path_taken":["R","M","?","?","M","M","T","R","E","M","E","$","M","?","M","BOSS","R","?","?","?","$","R","T","R","?","M","E","M","R","M","M","BOSS","R","?","?","?","$","R","T","R","?","E","M","R","?","M","M","R","M","M","?","?","E","T","M","?","$","M","E","?","?","M","BOSS"],"items_purchased_type":["Relic","Relic","Relic","Relic","Relic","Potion","Relic","Potion","Card","Card","Relic"],"build_version":"2020-12-22","purchased_purges":6,"victory":true,"max_hp_per_floor":[82,82,82,82,82,82,82,82,82,82,82,82,84,86,92,100,80,80,90,101,106,106,106,106,106,113,118,131,145,145,150,165,181,166,166,184,189,218,218,228,228,228,244,249,271,271,271,276,299,299,304,328,333,333,338,338,343,348,348,353,360,367,367,392,397],"card_choices":[{"not_picked":["Ball Lightning","Leap"],"picked":"MostiFishMod:GatherIntelligence","floor":2},{"not_picked":["Storm","MostiFishMod:PushDownKick"],"picked":"MostiFishMod:SeaWaves","floor":3},{"not_picked":["Stack","Redo"],"picked":"Cold Snap","floor":5},{"not_picked":["Self Repair","Cold Snap"],"picked":"Gash","floor":6},{"not_picked":["Compile Driver","Redo"],"picked":"Fan","floor":9},{"not_picked":["Leap","Compile Driver"],"picked":"Loop","floor":10},{"not_picked":["Compile Driver","Ball Lightning","Glacier"],"picked":"SKIP","floor":11},{"not_picked":["Darkness","Streamline"],"picked":"Barrage","floor":12},{"not_picked":["Rebound","Leap"],"picked":"Hologram","floor":13},{"not_picked":["Coolheaded","Stack"],"picked":"Blizzard","floor":15},{"not_picked":["Thunder Strike","Creative AI"],"picked":"MostiFishMod:StarOceanB","floor":16},{"not_picked":["Leap","MostiFishMod:IceShield"],"picked":"Conserve Battery+1","floor":19},{"not_picked":["Storm","Streamline"],"picked":"Double Energy+1","floor":20},{"not_picked":["Cold Snap","Rebound","Rip and Tear+1"],"picked":"SKIP","floor":21},{"not_picked":["Darkness","Reinforced Body","Turbo"],"picked":"SKIP","floor":27},{"not_picked":["FTL+1","Distribution"],"picked":"Hologram","floor":28},{"not_picked":["Turbo","MostiFishMod:ReprogramOld"],"picked":"Gash+1","floor":29},{"not_picked":["MostiFishMod:ReprogramOld+1","Steam Power","Rebound"],"picked":"SKIP","floor":31},{"not_picked":["Redo","Genetic Algorithm+1"],"picked":"Hologram","floor":32},{"not_picked":["Fission","Reboot"],"picked":"MostiFishMod:ActiveDefenseSystem","floor":33},{"not_picked":["Barrage","Go for the Eyes"],"picked":"Gash","floor":36},{"not_picked":["expansioncontent:PrepareCrush","expansioncontent:PolyBeam"],"picked":"expansioncontent:Chronoboost","floor":38},{"not_picked":["expansioncontent:YouAreMine","expansioncontent:HyperBeam"],"picked":"expansioncontent:Hexaburn","floor":38},{"not_picked":["Barrage","FTL+1","Chaos+1"],"picked":"SKIP","floor":44},{"not_picked":["Rebound","Conserve Battery+1"],"picked":"MostiFishMod:FluxCapactior+1","floor":45},{"not_picked":["Reprogram","Compile Driver","Redo"],"picked":"SKIP","floor":48},{"not_picked":["Chaos","Steam+1"],"picked":"Reinforced Body","floor":49},{"not_picked":["Blizzard","Turbo+1","Melter"],"picked":"SKIP","floor":36},{"not_picked":["Conserve Battery","Aggregate+1"],"picked":"Fusion","floor":37},{"not_picked":["Hologram+1","Aggregate","MostiFishMod:PushDownKick+1"],"picked":"SKIP","floor":40},{"not_picked":["Fan","Auto Shields","Coolheaded"],"picked":"SKIP","floor":42},{"not_picked":["MostiFishMod:LinkProtocol+1","MostiFishMod:PushDownKick","Streamline"],"picked":"SKIP","floor":45},{"not_picked":["MostiFishMod:Distribution","Hologram+1","Darkness"],"picked":"Singing Bowl","floor":46},{"not_picked":["Stack","Rip and Tear+1","Go for the Eyes"],"picked":"Singing Bowl","floor":47},{"not_picked":["Rebound+1","Leap+1"],"picked":"Cold Snap","floor":49}],"player_experience":241578,"relics_obtained":[{"floor":7,"key":"The Courier"},{"floor":9,"key":"reliquary:TuningFork"},{"floor":11,"key":"Bag of Marbles"},{"floor":19,"key":"MagicDraw4"},{"floor":19,"key":"reliquary:OuijaBoard"},{"floor":20,"key":"Red Mask"},{"floor":28,"key":"Lantern"},{"floor":36,"key":"DianPoetry"},{"floor":37,"key":"ForgetMeNow"},{"floor":41,"key":"SharpPlug"},{"floor":44,"key":"Sundial"},{"floor":38,"key":"BionicSphere"},{"floor":40,"key":"PreservedInsect"},{"floor":41,"key":"Bottled Flame"},{"floor":43,"key":"MoreBug"},{"floor":46,"key":"Singing Bowl"},{"floor":47,"key":"CatCart"}],"event_choices":[{"damage_healed":0,"gold_gain":0,"player_choice":"Fought Bandits","damage_taken":0,"max_hp_gain":0,"max_hp_loss":0,"event_name":"Masked Bandits","floor":20,"gold_loss":0},{"damage_healed":0,"gold_gain":0,"player_choice":"Fight","damage_taken":0,"max_hp_gain":0,"max_hp_loss":0,"event_name":"Mysterious Sphere","floor":37,"gold_loss":0},{"damage_healed":0,"gold_gain":0,"player_choice":"Fight","damage_taken":0,"max_hp_gain":0,"max_hp_loss":0,"event_name":"Mysterious Sphere","floor":38,"gold_loss":0},{"damage_healed":0,"gold_gain":0,"player_choice":"Fight","damage_taken":0,"max_hp_gain":0,"max_hp_loss":0,"event_name":"OrinTheCat","floor":47,"gold_loss":0}],"is_beta":false,"boss_relics":[{"not_picked":["bronze:MakeshiftBattery","energizedSpire:EnergizedDie"],"picked":"xbg"},{"not_picked":[]},{"not_picked":["Pandora\u0027s Box","Fusion Hammer"],"picked":"reliquary:RedPaperclip"},{"not_picked":[]}],"items_purged_floors":[3,12,17,22,34,44],"is_endless":false,"potions_floor_spawned":[6,9,10,15,16,21,27,31,44,49,37,42,45,47,49],"ascension_level":0}}