{"host":"8pvw2tcf9wctlvur","time":1612585869,"event":{"mods":["BaseMod","Better Third Choice","Colored Powertips","Curses Come First","Minty Spire (QoL Compilation)","Rare Cards Sparkle","Relic Stats","StSLib","SuperFastMode"],"gold_per_floor":[113,35,35,35,0,27,27,27,27,27,44,71,71,90,90,193,193,206,206,11,11,23,23,35,66,66,66,79,79,92,120,120,120,120],"floor_reached":33,"language":"ENG","playtime":1640,"items_purged":[],"score":345,"play_id":"09741e07-5ce5-493c-992f-648fc3ea3750","local_time":"20210205213109","is_ascension_mode":true,"campfire_choices":[{"floor":7,"key":"REST"},{"floor":13,"key":"REST"},{"floor":15,"key":"REST"},{"data":"Anger","floor":23,"key":"SMITH"},{"floor":27,"key":"REST"},{"floor":29,"key":"REST"},{"floor":32,"key":"REST"}],"circlet_count":0,"master_deck":["Defend_R","Defend_R","Defend_R","Bash","Dark Embrace","Anger","Havoc","True Grit","Reckless Charge","Clash","Parasite","Regret","Infernal Blade+1","Headbutt","Headbutt","Exhume+1","CurseOfTheBell","Anger+1","Bite","Bite","Bite","Bite","Bite","Havoc+1","RitualDagger","Wild Strike","Sentinel+1","Seeing Red+1","Infernal Blade+1","True Grit+1"],"relics":["Burning Blood","betterThird:SlimedRelic","Toxic Egg 2","Mango","Bronze Scales","Champion Belt","Calling Bell","Pen Nib","Mercury Hourglass","Thread and Needle","Strange Spoon","Question Card","Letter Opener","Torii"],"acts_visited":["Exordium","TheCity"],"potions_floor_usage":[18,28,31,33],"damage_taken":[{"damage":24,"enemies":"Jaw Worm","floor":1,"turns":4},{"damage":46,"enemies":"3 Sentries","floor":6,"turns":8},{"damage":13,"enemies":"Small Slimes","floor":11,"turns":4},{"damage":29,"enemies":"Lagavulin","floor":12,"turns":6},{"damage":0,"enemies":"2 Louse","floor":14,"turns":2},{"damage":49,"enemies":"Hexaghost","floor":16,"turns":9},{"damage":1,"enemies":"Spheric Guardian","floor":18,"turns":3},{"damage":11,"enemies":"3 Byrds","floor":22,"turns":3},{"damage":33,"enemies":"Centurion and Healer","floor":24,"turns":7},{"damage":44,"enemies":"Gremlin Leader","floor":25,"turns":7},{"damage":10,"enemies":"Cultist and Chosen","floor":28,"turns":4},{"damage":26,"enemies":"Snake Plant","floor":30,"turns":4},{"damage":28,"enemies":"Book of Stabbing","floor":31,"turns":5},{"damage":51,"enemies":"Collector","floor":33,"turns":8}],"seed_played":"7092905746667143000","potions_obtained":[{"floor":12,"key":"SmokeBomb"},{"floor":16,"key":"CultistPotion"},{"floor":25,"key":"CultistPotion"},{"floor":30,"key":"LiquidBronze"},{"floor":31,"key":"DuplicationPotion"}],"is_trial":false,"path_per_floor":["M","$","?","?","?","E","R","?","T","?","M","E","R","M","R","B",null,"M","?","$","?","M","R","M","E","T","R","M","R","M","E","R","B"],"character_chosen":"IRONCLAD","items_purchased":["Havoc","True Grit","Strange Spoon","Havoc+1"],"campfire_rested":6,"item_purchase_floors":[2,2,20,20],"current_hp_per_floor":[62,62,62,62,51,11,35,55,69,69,62,39,67,73,94,51,94,94,65,65,59,60,60,41,11,11,30,30,49,33,15,34,0,0],"gold":120,"neow_bonus":"TRANSFORM_CARD","is_daily":false,"chose_seed":false,"campfire_upgraded":1,"win_rate":0.0,"timestamp":1612585869,"path_taken":["M","$","?","?","?","E","R","?","T","?","M","E","R","?","R","BOSS","M","?","$","?","M","R","M","E","T","R","M","R","M","E","R","BOSS"],"items_purchased_type":["Card","Card","Relic","Card"],"build_version":"2020-12-22","purchased_purges":0,"victory":false,"max_hp_per_floor":[80,80,80,80,80,80,80,80,94,94,94,94,94,94,94,94,94,94,65,65,65,65,65,65,65,65,65,65,65,65,65,65,65,65],"relic_stats":{"Strange Spoon":[17],"Torii":0,"counters":[14,73],"Bronze Scales":[212],"Pen Nib":[9],"Champion Belt":[9],"Letter Opener":[55],"Question Card":3,"obtain_stats":[{"Torii":31,"Mango":9,"Thread and Needle":17,"Pen Nib":17,"Letter Opener":26,"Question Card":25,"Burning Blood":0,"Mercury Hourglass":17,"Calling Bell":17,"Strange Spoon":20,"betterThird:SlimedRelic":5,"Bronze Scales":10,"Champion Belt":12,"Toxic Egg 2":6},{"Torii":13,"Mango":2,"Thread and Needle":6,"Pen Nib":6,"Letter Opener":10,"Question Card":10,"Burning Blood":0,"Mercury Hourglass":6,"Calling Bell":6,"Strange Spoon":7,"betterThird:SlimedRelic":1,"Bronze Scales":2,"Champion Belt":4,"Toxic Egg 2":2},{"Torii":65,"Mango":12,"Thread and Needle":33,"Pen Nib":33,"Letter Opener":52,"Question Card":52,"Burning Blood":0,"Mercury Hourglass":33,"Calling Bell":33,"Strange Spoon":36,"betterThird:SlimedRelic":4,"Bronze Scales":12,"Champion Belt":22,"Toxic Egg 2":12}],"Burning Blood":73,"Mercury Hourglass":[179]},"card_choices":[{"not_picked":["Armaments","Body Slam"],"picked":"Anger","floor":1},{"not_picked":["Armaments+1","Cleave"],"picked":"Clash","floor":6},{"not_picked":["Clothesline","Twin Strike"],"picked":"Infernal Blade+1","floor":11},{"not_picked":["Heavy Blade","Iron Wave"],"picked":"Headbutt","floor":12},{"not_picked":["Iron Wave","Flame Barrier+1"],"picked":"Headbutt","floor":14},{"not_picked":["Brutality","Corruption"],"picked":"Exhume+1","floor":16},{"not_picked":["Power Through+1","Twin Strike"],"picked":"Anger","floor":18},{"not_picked":["Warcry+1","Whirlwind"],"picked":"Wild Strike","floor":22},{"not_picked":["Armaments+1","Iron Wave"],"picked":"Sentinel+1","floor":24},{"not_picked":["Immolate","Twin Strike"],"picked":"Seeing Red+1","floor":25},{"not_picked":["Shrug It Off+1","Carnage","True Grit+1"],"picked":"Infernal Blade+1","floor":28},{"not_picked":["Perfected Strike","Rage+1","Bloodletting+1"],"picked":"True Grit+1","floor":30},{"not_picked":["Shrug It Off+1","Cleave+1","Clash","Dark Embrace+1"],"picked":"SKIP","floor":31}],"player_experience":268836,"relics_obtained":[{"floor":6,"key":"Toxic Egg 2"},{"floor":9,"key":"Mango"},{"floor":12,"key":"Champion Belt"},{"floor":17,"key":"Pen Nib"},{"floor":17,"key":"Mercury Hourglass"},{"floor":17,"key":"Thread and Needle"},{"floor":25,"key":"Question Card"},{"floor":26,"key":"Letter Opener"},{"floor":31,"key":"Torii"}],"event_choices":[{"damage_healed":0,"gold_gain":0,"player_choice":"Leave","damage_taken":0,"max_hp_gain":0,"max_hp_loss":0,"event_name":"The Cleric","floor":3,"gold_loss":0},{"damage_healed":0,"gold_gain":0,"cards_transformed":["Defend_R"],"player_choice":"Change","damage_taken":0,"max_hp_gain":0,"max_hp_loss":0,"event_name":"Living Wall","floor":4,"gold_loss":0,"cards_obtained":["Reckless Charge"]},{"damage_healed":0,"gold_gain":0,"player_choice":"Slimed","damage_taken":11,"max_hp_gain":0,"max_hp_loss":0,"event_name":"betterThird:BetterGoop","floor":5,"gold_loss":35},{"damage_healed":20,"gold_gain":0,"player_choice":"Healed and dodged fight","damage_taken":0,"max_hp_gain":0,"max_hp_loss":0,"event_name":"Mushrooms","floor":8,"gold_loss":0,"cards_obtained":["Parasite"]},{"damage_healed":0,"gold_gain":0,"player_choice":"Box","damage_taken":0,"relics_obtained":["Bronze Scales"],"max_hp_gain":0,"max_hp_loss":0,"event_name":"Big Fish","floor":10,"gold_loss":0,"cards_obtained":["Regret"]},{"damage_healed":0,"gold_gain":0,"player_choice":"Became a vampire","damage_taken":0,"max_hp_gain":0,"max_hp_loss":29,"event_name":"Vampires","floor":19,"gold_loss":0,"cards_obtained":["Bite","Bite","Bite","Bite","Bite"]},{"damage_healed":0,"gold_gain":0,"player_choice":"Dagger","damage_taken":6,"max_hp_gain":0,"max_hp_loss":0,"event_name":"betterThird:BetterNest","floor":21,"gold_loss":0,"cards_obtained":["RitualDagger"]}],"is_beta":false,"boss_relics":[{"not_picked":["Black Star","Velvet Choker"],"picked":"Calling Bell"}],"items_purged_floors":[],"is_endless":false,"potions_floor_spawned":[12,16,25,30,31],"killed_by":"Collector","ascension_level":2}}