{"host":"e9u6h9e9dkzlniog","time":1612631464,"event":{"mods":["100% Spire Juice","BaseMod","Minty Spire (QoL Compilation)","StSLib","UnlockEverythingMod","[GremlinLeader]The Maniac","[功能]功能增强和修复MOD"],"gold_per_floor":[118,134,144,71,71,1,35,46,73,97,129,155,194,219,231,338,350,381,407,433,445,477,524,548,570,606,631,659,671,703,634,634,738,738,758,772,691,702,720,720,754,754,754,754,777,794,794,824,824,824,824,824,752,773,768],"floor_reached":56,"language":"ZHS","playtime":2400,"items_purged":["maniac:Strike","maniac:Strike","maniac:Defend","maniac:Defend","maniac:Strike","maniac:FanTheHammer","maniac:ForsakenHand","maniac:Strike","maniac:Defend","maniac:Exterminator"],"score":1529,"play_id":"9ef52977-ffc3-4372-adb2-52b640545923","local_time":"20210207011104","is_ascension_mode":false,"campfire_choices":[{"data":"maniac:Hasten","floor":15,"key":"SMITH"},{"floor":32,"key":"RECALL"},{"floor":40,"key":"REST"},{"floor":42,"key":"REST"},{"floor":44,"key":"REST"},{"floor":47,"key":"REST"},{"floor":49,"key":"REST"},{"floor":52,"key":"REST"}],"circlet_count":0,"master_deck":["maniac:Strike","maniac:Defend","maniac:BurnBlood","maniac:AbyssShackle","maniac:Intimidate","maniac:ShatteredShield","maniac:BladeEnd+1","maniac:MortalSteel","maniac:GlassScratch","maniac:FindAShortcut","maniac:Confront","maniac:SpectralFlash","maniac:Assassinate","maniac:Hasten+1","maniac:UnseenTerror","maniac:BladeShoot","Necronomicurse","maniac:SecretBackups+1","maniac:HammerStrike","maniac:UniversalPerception","maniac:WitnessTrueSorcery+1","maniac:StormOfTime","maniac:Infuriate+1","maniac:Deal","maniac:ShelteringEdge","maniac:HammerDown","maniac:Whirlscythe+1","maniac:ShadowContact","maniac:Collecting"],"relics":["maniac:DamagedAnvil","maniac:BrokenHorn","Juzu Bracelet","Matryoshka","Sling","StrikeDummy","Meat on the Bone","maniac:SmartDetector","Ancient Tea Set","MawBank","Dream Catcher","Fusion Hammer","Necronomicon","Kunai","maniac:MarkerPen","Lee\u0027s Waffle","Mummified Hand","Nunchaku","Sozu","Bottled Tornado","Pantograph","Medical Kit","Bag of Preparation","Blood Vial","Question Card","MealTicket","HornCleat","Strange Spoon","Happy Flower","Bottled Lightning"],"acts_visited":["Exordium","TheCity","TheBeyond","TheEnding"],"potions_floor_usage":[7,7,13,16,16,33,55,55],"damage_taken":[{"damage":0,"enemies":"Cultist","floor":1,"turns":3},{"damage":8,"enemies":"Jaw Worm","floor":2,"turns":3},{"damage":0,"enemies":"Small Slimes","floor":3,"turns":3},{"damage":10,"enemies":"Lagavulin","floor":7,"turns":3},{"damage":3,"enemies":"2 Fungi Beasts","floor":8,"turns":1},{"damage":5,"enemies":"3 Louse","floor":10,"turns":2},{"damage":0,"enemies":"Lots of Slimes","floor":11,"turns":3},{"damage":0,"enemies":"Large Slime","floor":12,"turns":1},{"damage":0,"enemies":"Gremlin Nob","floor":13,"turns":2},{"damage":14,"enemies":"3 Louse","floor":14,"turns":3},{"damage":18,"enemies":"Hexaghost","floor":16,"turns":4},{"damage":14,"enemies":"2 Thieves","floor":18,"turns":2},{"damage":19,"enemies":"Spheric Guardian","floor":19,"turns":4},{"damage":3,"enemies":"Chosen and Byrds","floor":20,"turns":4},{"damage":5,"enemies":"3 Cultists","floor":22,"turns":3},{"damage":5,"enemies":"Book of Stabbing","floor":23,"turns":2},{"damage":57,"enemies":"Sentry and Sphere","floor":24,"turns":6},{"damage":0,"enemies":"Cultist and Chosen","floor":25,"turns":2},{"damage":7,"enemies":"Centurion and Healer","floor":27,"turns":3},{"damage":18,"enemies":"Snake Plant","floor":28,"turns":2},{"damage":0,"enemies":"Snecko","floor":30,"turns":2},{"damage":2,"enemies":"Champ","floor":33,"turns":4},{"damage":13,"enemies":"Orb Walker","floor":35,"turns":2},{"damage":0,"enemies":"3 Shapes","floor":36,"turns":3},{"damage":6,"enemies":"Transient","floor":38,"turns":3},{"damage":0,"enemies":"Writhing Mass","floor":39,"turns":1},{"damage":29,"enemies":"Nemesis","floor":41,"turns":3},{"damage":80,"enemies":"Reptomancer","floor":45,"turns":3},{"damage":6,"enemies":"4 Shapes","floor":46,"turns":2},{"damage":0,"enemies":"Nemesis","floor":48,"turns":1},{"damage":62,"enemies":"Awakened One","floor":50,"turns":6},{"damage":26,"enemies":"Shield and Spear","floor":54,"turns":3},{"damage":34,"enemies":"The Heart","floor":55,"turns":5}],"seed_played":"8041771353095275760","potions_obtained":[{"floor":2,"key":"AttackPotion"},{"floor":2,"key":"Weak Potion"},{"floor":3,"key":"Weak Potion"},{"floor":10,"key":"Fire Potion"},{"floor":12,"key":"SneckoOil"},{"floor":14,"key":"BlessingOfTheForge"},{"floor":16,"key":"SpeedPotion"},{"floor":16,"key":"SteroidPotion"},{"floor":18,"key":"CultistPotion"},{"floor":20,"key":"CultistPotion"},{"floor":28,"key":"Block Potion"}],"is_trial":false,"path_per_floor":["M","M","M","$","?","$","E","M","T","M","M","M","E","M","R","B",null,"M","M","M","?","M","E","M","M","T","M","M","?","M","$","R","B",null,"M","M","$","M","M","R","E","R","T","R","E","M","R","E","R","B",null,"R","$","E","B",null],"character_chosen":"THE_MANIAC","items_purchased":["Juzu Bracelet","Matryoshka","maniac:MortalSteel","Sling","StrikeDummy","Meat on the Bone","maniac:GlassScratch","Lee\u0027s Waffle","Mummified Hand","Nunchaku","Bottled Tornado","Pantograph","Medical Kit","maniac:StormOfTime","HornCleat","Strange Spoon","Happy Flower","maniac:ShadowContact"],"campfire_rested":6,"item_purchase_floors":[4,4,4,6,6,6,6,31,31,31,37,37,37,37,53,53,53,53],"current_hp_per_floor":[72,64,64,64,64,64,54,51,51,58,58,58,58,56,56,50,96,82,63,60,44,51,58,13,25,25,30,24,24,36,103,103,101,103,90,90,90,84,84,103,74,103,103,103,35,43,73,75,103,53,103,103,103,77,69],"gold":768,"neow_bonus":"TWENTY_PERCENT_HP_BONUS","is_daily":false,"chose_seed":false,"campfire_upgraded":1,"win_rate":0.0,"timestamp":1612631464,"path_taken":["M","M","M","$","?","$","E","M","T","M","M","M","E","M","R","BOSS","M","M","M","?","M","E","M","M","T","M","M","?","M","$","R","BOSS","M","M","$","M","M","R","E","R","T","R","E","M","R","E","R","BOSS","R","$","E","BOSS"],"items_purchased_type":["Relic","Relic","Card","Relic","Relic","Relic","Card","Relic","Relic","Relic","Relic","Relic","Relic","Card","Relic","Relic","Relic","Card"],"build_version":"2020-12-22","purchased_purges":10,"victory":true,"max_hp_per_floor":[96,96,96,96,96,96,96,96,96,96,96,96,96,96,96,96,96,96,96,96,96,96,96,96,96,96,96,96,96,96,103,103,103,103,103,103,103,103,103,103,103,103,103,103,103,103,103,103,103,103,103,103,103,103,103],"card_choices":[{"not_picked":["maniac:FindAShortcut","maniac:DashForward"],"picked":"maniac:Intimidate","floor":1},{"not_picked":["maniac:Hasten","maniac:AllOutAttack"],"picked":"maniac:ShatteredShield","floor":2},{"not_picked":["maniac:Confront","maniac:MeleeStrike"],"picked":"maniac:BladeEnd","floor":3},{"not_picked":["maniac:PanickyParry","maniac:Confront"],"picked":"maniac:FindAShortcut","floor":7},{"not_picked":["maniac:UndyingDesire","maniac:TorturousScreams"],"picked":"maniac:Confront","floor":8},{"not_picked":["maniac:Intimidate","maniac:SeeingDetails"],"picked":"maniac:SpectralFlash","floor":10},{"not_picked":["maniac:BladesInCloak","maniac:UndyingDesire"],"picked":"maniac:ForsakenHand","floor":11},{"not_picked":["maniac:Feint","maniac:Refine","maniac:DashForward"],"picked":"SKIP","floor":12},{"not_picked":["maniac:WardAndDefend","maniac:BladeShoot"],"picked":"maniac:Assassinate","floor":13},{"not_picked":["maniac:MeleeStrike","maniac:Reforge"],"picked":"maniac:Hasten","floor":14},{"not_picked":["maniac:ReachVictory","maniac:Simulacrum"],"picked":"maniac:UnseenTerror","floor":16},{"not_picked":["maniac:BladesInCloak","maniac:UntravelledPath","maniac:Refine+1"],"picked":"SKIP","floor":18},{"not_picked":["maniac:FindAShortcut","maniac:Refine+1","maniac:Intimidate"],"picked":"SKIP","floor":19},{"not_picked":["maniac:DashForward+1","maniac:ListenToNone"],"picked":"maniac:BladeShoot","floor":20},{"not_picked":["maniac:DashForward+1","maniac:Traceback+1"],"picked":"maniac:SecretBackups+1","floor":22},{"not_picked":["maniac:AllOutAttack","maniac:FindAShortcut"],"picked":"maniac:FanTheHammer","floor":23},{"not_picked":["maniac:Feint","maniac:Traceback"],"picked":"maniac:HammerStrike","floor":24},{"not_picked":["maniac:FindAShortcut+1","maniac:Retrospect","maniac:Hasten"],"picked":"SKIP","floor":25},{"not_picked":["maniac:Intimidate","maniac:SpectralKnives"],"picked":"maniac:Exterminator","floor":27},{"not_picked":["maniac:WardAndDefend","maniac:UndyingDesire","maniac:UntravelledPath"],"picked":"SKIP","floor":28},{"not_picked":["maniac:UndyingDesire+1","maniac:ArmToTheTeeth","maniac:DashForward+1"],"picked":"SKIP","floor":30},{"not_picked":["maniac:TimeForm","maniac:StormOfTime"],"picked":"maniac:UniversalPerception","floor":33},{"not_picked":["maniac:Refine","maniac:FindAShortcut+1"],"picked":"maniac:WitnessTrueSorcery+1","floor":35},{"not_picked":["maniac:ArmToTheTeeth+1","maniac:ShelteringEdge","maniac:Lacerate"],"picked":"SKIP","floor":36},{"not_picked":["maniac:Refine+1","maniac:FindAShortcut"],"picked":"maniac:Infuriate+1","floor":38},{"not_picked":["maniac:UndyingDesire+1","maniac:SorceryHour","maniac:Intimidate+1"],"picked":"SKIP","floor":39},{"not_picked":["maniac:ReconstructWounds","maniac:PanickyParry+1"],"picked":"maniac:Deal","floor":41},{"not_picked":["maniac:PerceiveDanger+1","maniac:DashForward"],"picked":"maniac:ShelteringEdge","floor":42},{"not_picked":["maniac:MeleeStrike+1","maniac:Recollect+1"],"picked":"maniac:HammerDown","floor":45},{"not_picked":["maniac:BladeArtist","maniac:FindAShortcut","maniac:Reforge"],"picked":"maniac:Whirlscythe+1","floor":46},{"not_picked":["maniac:MeleeStrike+1","maniac:Confront","maniac:TorturousScreams","maniac:SpectralKnives+1"],"picked":"SKIP","floor":48},{"not_picked":["maniac:Refine","maniac:ShelteringEdge","maniac:FanTheHammer"],"picked":"maniac:Collecting","floor":54}],"player_experience":133119,"relics_obtained":[{"floor":7,"key":"maniac:SmartDetector"},{"floor":9,"key":"Ancient Tea Set"},{"floor":9,"key":"MawBank"},{"floor":13,"key":"Dream Catcher"},{"floor":21,"key":"Necronomicon"},{"floor":23,"key":"Kunai"},{"floor":26,"key":"maniac:MarkerPen"},{"floor":41,"key":"Bag of Preparation"},{"floor":43,"key":"Blood Vial"},{"floor":45,"key":"Question Card"},{"floor":48,"key":"MealTicket"},{"floor":54,"key":"Bottled Lightning"}],"event_choices":[{"damage_healed":0,"gold_gain":0,"player_choice":"Upgraded","damage_taken":0,"max_hp_gain":0,"max_hp_loss":0,"event_name":"Upgrade Shrine","floor":5,"gold_loss":0,"cards_upgraded":["maniac:BladeEnd"]},{"damage_healed":0,"gold_gain":0,"player_choice":"Obtained Book","damage_taken":16,"max_hp_gain":0,"max_hp_loss":0,"event_name":"Cursed Tome","floor":21,"gold_loss":0},{"damage_healed":0,"gold_gain":0,"player_choice":"Ignored","damage_taken":0,"max_hp_gain":0,"max_hp_loss":0,"event_name":"Ghosts","floor":29,"gold_loss":0}],"is_beta":false,"boss_relics":[{"not_picked":["Pandora\u0027s Box","Cursed Key"],"picked":"Fusion Hammer"},{"not_picked":["Coffee Dripper","Philosopher\u0027s Stone"],"picked":"Sozu"}],"items_purged_floors":[4,4,4,4,4,31,31,31,31,31],"is_endless":false,"potions_floor_spawned":[2,2,3,3,10,12,14,16,16,18,20,20,22,22,25,25,28,30,30,35,36,38,45,45,45,48,48,54],"ascension_level":0}}