{"host":"awrw1gk2acwismlg","time":1612571765,"event":{"mods":["ATMod(°¢èªMod)","Arknights","BaseMod","Bestiary","Challenge The Spire","Clockwork Mod","Conspire","Downfall","Energized Spire","Hermit","Jedi Mod","Marked Mod","Minty Spire (QoL Compilation)","Morshu Shopkeeper","Nova Terra(ÅµÍÞ¡¤Ì©À­)","Quarter Circle Forward PUNCH!","Reliquary","Remilia_Scarlet Moed£¨ÀÙÃ×ÀòÑÇ¡¤Ë¹¿¨À×ÌØ£©3.3.5","Replay The Spire","Robot Space Explorer","Shop Mod","Small Relic Pack","Spicy Shops","StSLib","The Cursed","Warlord Emblem","Wide Potions","Yakumo Yukari mod","¡¾ÒÅÎï¿¨ÅÆ¡¿REMEMod","óô»ðÖ¸ÄÏ"],"gold_per_floor":[128,128,128,84,84,84,109,19,38,58,77,110,110,135,152,254,254,254,269,284,284,302,319,400,90,90,2,2,2,2,0,0,42,42,42,59,59,70,133,33,83,83,148,185,185,228,232,232],"floor_reached":47,"language":"ZHS","playtime":4150,"items_purged":["Doubt","Pain","Strike_G"],"score":770,"play_id":"ddcca919-533a-45e4-904a-dc0977694048","local_time":"20210206083605","is_ascension_mode":true,"campfire_choices":[{"floor":6,"key":"REST"},{"data":"Barricade","floor":13,"key":"SMITH"},{"data":"Outmaneuver","floor":18,"key":"SMITH"},{"data":"relicPack:StarPlatinum","floor":35,"key":"SMITH"},{"data":"After Image","floor":40,"key":"SMITH"},{"floor":42,"key":"RECALL"}],"circlet_count":0,"master_deck":["Strike_G","Strike_G","Strike_G","Strike_G","Defend_G+1","Defend_G+1","Defend_G+1","Defend_G+1","Defend_G+1","Survivor","Neutralize","Backflip","Backflip","ReplayTheSpireMod:Splinters","Outmaneuver+1","Outmaneuver","Barricade+1","Escape Plan","A Thousand Cuts","relicPack:StarPlatinum+1","Dodge and Roll+1","Blur+1","Flying Knee","After Image+1","AT_ThistleTea","Night Terror","downfall:Bewildered","ReplayTheSpireMod:Speed Training","A Thousand Cuts+1","Backflip+1","ReplayTheSpireMod:Speed Training+1","Delirium","Outmaneuver+1"],"relics":["Ring of the Snake","AT_ATBox","REME_ComplimentaryCards","downfall:HeartsMalice","Replay:Bottled Eggs","ReplayTheSpireMod:Ring of Collecting","ReplayTheSpireMod:CursedCoin","reliquary:JackalopeAntler","jedi:crownofsimplicity","Ring of Panic","reliquary:PartyBalloon","Bag of Marbles","Byrd Skull","PreservedInsect","relicPack:StarArrow","WarpedTongs","ReplayTheSpireMod:Ring of Challenge","jedi:ominousloannote","Frozen Egg 2","Iron Hammer","sneckomod:BabySnecko","AT_BladeRuinedKing","reliquary:WritOfMandamus","downfall:HeartBlessingGreen","Ring of Greed","Ancient Tea Set","Tiny Chest","Replay:Bandana","Centennial Puzzle","relicPack:OneForAll","Replay:Bottled Flurry"],"acts_visited":["Exordium","TheCity","TheBeyond"],"potions_floor_usage":[12,14,16,20,43],"damage_taken":[{"damage":0,"enemies":"conspire:MimicChest","floor":1,"turns":1},{"damage":0,"enemies":"Jaw Worm","floor":2,"turns":1},{"damage":0,"enemies":"downfall:FleeingMerchant","floor":4,"turns":1},{"damage":0,"enemies":"downfall:FleeingMerchant","floor":8,"turns":4},{"damage":0,"enemies":"Cultist","floor":9,"turns":5},{"damage":0,"enemies":"Small Slimes","floor":10,"turns":3},{"damage":0,"enemies":"Exordium Wildlife","floor":11,"turns":3},{"damage":0,"enemies":"3 Sentries","floor":12,"turns":7},{"damage":0,"enemies":"Gremlin Nob","floor":14,"turns":5},{"damage":0,"enemies":"Red Slaver","floor":15,"turns":4},{"damage":0,"enemies":"The Guardian","floor":16,"turns":16},{"damage":12,"enemies":"3 Byrds","floor":19,"turns":5},{"damage":7,"enemies":"3 Cultists","floor":20,"turns":7},{"damage":2,"enemies":"Centurion and Healer","floor":22,"turns":6},{"damage":2,"enemies":"conspire:HollyBat","floor":23,"turns":7},{"damage":0,"enemies":"downfall:FleeingMerchant","floor":25,"turns":4},{"damage":0,"enemies":"3 Cultists","floor":26,"turns":8},{"damage":0,"enemies":"downfall:FleeingMerchant","floor":27,"turns":4},{"damage":4,"enemies":"Centurion and Healer","floor":29,"turns":5},{"damage":0,"enemies":"conspire:SneckoGhost","floor":30,"turns":6},{"damage":0,"enemies":"downfall:FleeingMerchant","floor":31,"turns":4},{"damage":0,"enemies":"Chosen and Byrds","floor":32,"turns":5},{"damage":0,"enemies":"DF_ARCHETYPE_CLAW","floor":33,"turns":4},{"damage":0,"enemies":"3 Shapes","floor":36,"turns":4},{"damage":4,"enemies":"3 Darklings","floor":38,"turns":4},{"damage":26,"enemies":"Jaw Worm Horde","floor":39,"turns":5},{"damage":0,"enemies":"Writhing Mass","floor":43,"turns":2},{"damage":0,"enemies":"4 Shapes","floor":44,"turns":4},{"damage":1,"enemies":"R_Hoarder","floor":46,"turns":4},{"damage":40,"enemies":"Remilia_Smww","floor":47,"turns":3}],"seed_played":"-6658941126383256386","potions_obtained":[{"floor":1,"key":"SteroidPotion"},{"floor":9,"key":"Strength Potion"},{"floor":14,"key":"champ:CounterPotion"},{"floor":16,"key":"LiquidMemories"},{"floor":19,"key":"jedi:holywater"},{"floor":26,"key":"Explosive Potion"},{"floor":29,"key":"SmokeBomb"},{"floor":44,"key":"Venom Potion"}],"is_trial":false,"path_per_floor":["R","M","?","$","?","R","T","$","M","M","M","E","R","E","M","B",null,"R","M","M","?","M","M","T","$","M","$","?","M","E","$","M","B",null,"R","M","$","M","M","R","T","R","M","M","?","E","?"],"character_chosen":"THE_SILENT","items_purchased":["ReplayTheSpireMod:CursedCoin","reliquary:JackalopeAntler","Bag of Marbles","jedi:ominousloannote","Frozen Egg 2","Iron Hammer","Night Terror"],"campfire_rested":1,"item_purchase_floors":[4,4,8,25,25,25,27],"current_hp_per_floor":[70,70,70,70,58,70,70,70,70,70,70,70,70,70,70,70,70,70,58,51,51,49,47,47,47,47,47,47,43,43,43,43,43,70,70,70,70,66,40,40,40,40,40,40,40,39,0,0],"gold":232,"neow_bonus":"THREE_ENEMY_KILL","is_daily":false,"chose_seed":false,"campfire_upgraded":4,"win_rate":0.0,"timestamp":1612571765,"path_taken":["R","M","?","$","?","R","T","?","M","M","M","E","R","E","M","BOSS","R","M","M","?","?","M","T","?","?","$","?","M","E","?","M","BOSS","R","M","?","M","M","R","T","R","M","M","?","E","?"],"items_purchased_type":["Relic","Relic","Relic","Relic","Relic","Relic","Card"],"build_version":"2020-12-22","purchased_purges":3,"victory":false,"max_hp_per_floor":[70,70,70,70,70,70,70,70,70,70,70,70,70,70,70,70,70,70,70,70,70,70,70,70,70,70,70,70,70,70,70,70,70,70,70,70,70,70,70,70,70,70,70,70,70,70,70,70],"card_choices":[{"not_picked":["Endless Agony","Slice"],"picked":"Backflip","floor":1},{"not_picked":["Endless Agony","ReplayTheSpireMod:Tripwire"],"picked":"Backflip","floor":2},{"not_picked":["jedi:acidrain","REME_GreenPollution","Dagger Throw"],"picked":"SKIP","floor":4},{"not_picked":["REME_ShadowForm","Dagger Spray"],"picked":"Outmaneuver","floor":8},{"not_picked":["Prepared","Quick Slash","ReplayTheSpireMod:Scrap Shanks"],"picked":"SKIP","floor":9},{"not_picked":["Dagger Spray","Choke","Poisoned Stab"],"picked":"SKIP","floor":10},{"not_picked":["AT_KneejerkReflex","Dagger Throw","Slice"],"picked":"SKIP","floor":11},{"not_picked":["Reflex","AT_KneejerkReflex"],"picked":"Outmaneuver","floor":12},{"not_picked":["Finisher","Riddle With Holes"],"picked":"Escape Plan","floor":14},{"not_picked":["Underhanded Strike","Poisoned Stab","ReplayTheSpireMod:Necrosis"],"picked":"SKIP","floor":15},{"not_picked":["REME_GrazeFinale","AT_EssenceShift"],"picked":"A Thousand Cuts","floor":16},{"not_picked":["Quick Slash","Deadly Poison"],"picked":"Dodge and Roll+1","floor":19},{"not_picked":["AT_WindFlip","Cloak And Dagger","Deflect"],"picked":"SKIP","floor":20},{"not_picked":["Crippling Poison","AT_TinkerSharpsword"],"picked":"Blur+1","floor":22},{"not_picked":["AT_Desolate","Crippling Poison"],"picked":"Flying Knee","floor":23},{"not_picked":["REME_LeechingPoison","Underhanded Strike"],"picked":"After Image","floor":25},{"not_picked":["AT_WindRun","Deflect","Dagger Spray"],"picked":"SKIP","floor":26},{"not_picked":["jedi:pocketpoison+1","Cloak And Dagger+1"],"picked":"AT_ThistleTea","floor":27},{"not_picked":["Blade Dance+1","jedi:poisonivy+1","AT_WindFlip"],"picked":"SKIP","floor":29},{"not_picked":["jedi:rejectivetoxin","AT_TinkerSharpsword","Deadly Poison"],"picked":"SKIP","floor":30},{"not_picked":["Bouncing Flask","Acrobatics"],"picked":"ReplayTheSpireMod:Speed Training","floor":31},{"not_picked":["Poisoned Stab","Flying Knee","Acrobatics"],"picked":"SKIP","floor":32},{"not_picked":["Storm of Steel","REME_ShadowForm+1"],"picked":"A Thousand Cuts+1","floor":33},{"not_picked":["Backstab","Dagger Spray+1","Catalyst+1"],"picked":"SKIP","floor":36},{"not_picked":["jedi:pocketpoison","Blade Dance"],"picked":"Backflip+1","floor":38},{"not_picked":["Poisoned Stab+1","Underhanded Strike+1"],"picked":"ReplayTheSpireMod:Speed Training+1","floor":39},{"not_picked":["Tactician","Masterful Stab+1","Deadly Poison"],"picked":"SKIP","floor":43},{"not_picked":["Cloak And Dagger","Noxious Fumes+1","AT_WindRun"],"picked":"SKIP","floor":44},{"not_picked":["Cloak And Dagger","Noxious Fumes+1","AT_WindRun"],"picked":"SKIP","floor":44},{"not_picked":["Bane+1","Finisher+1"],"picked":"Outmaneuver+1","floor":46}],"player_experience":58868,"relics_obtained":[{"floor":1,"key":"Replay:Bottled Eggs"},{"floor":3,"key":"ReplayTheSpireMod:Ring of Collecting"},{"floor":7,"key":"Ring of Panic"},{"floor":7,"key":"reliquary:PartyBalloon"},{"floor":12,"key":"Byrd Skull"},{"floor":14,"key":"PreservedInsect"},{"floor":24,"key":"ReplayTheSpireMod:Ring of Challenge"},{"floor":30,"key":"AT_BladeRuinedKing"},{"floor":41,"key":"Ring of Greed"},{"floor":41,"key":"Ancient Tea Set"},{"floor":41,"key":"Tiny Chest"},{"floor":41,"key":"Replay:Bandana"},{"floor":44,"key":"Centennial Puzzle"},{"floor":46,"key":"Replay:Bottled Flurry"}],"event_choices":[{"damage_healed":0,"gold_gain":0,"player_choice":"Success","damage_taken":12,"relics_obtained":["jedi:crownofsimplicity"],"max_hp_gain":0,"max_hp_loss":0,"event_name":"Scrap Ooze","floor":5,"gold_loss":0},{"damage_healed":0,"gold_gain":0,"player_choice":"Rummage","damage_taken":0,"relics_obtained":["WarpedTongs"],"max_hp_gain":0,"max_hp_loss":0,"event_name":"Accursed Blacksmith","floor":21,"gold_loss":0,"cards_obtained":["Pain"]}],"is_beta":false,"boss_relics":[{"not_picked":["Replay:Ancient Bell","energizedSpire:DeadBattery"],"picked":"relicPack:StarArrow"},{"not_picked":["SacredBark","Ring of Chaos"],"picked":"reliquary:WritOfMandamus"}],"items_purged_floors":[4,25,25],"is_endless":false,"potions_floor_spawned":[1,9,11,14,16,19,26,29,33,38,39,44],"killed_by":"Remilia_Smww","ascension_level":1}}