{"host":"oehe2dxjvdgux73m","time":1612572850,"event":{"mods":["AchievementEnabler","BaseMod","Colored Map","Colored Powertips","DeckTracker","Keyboard Shortcuts","Minty Spire (QoL Compilation)","Permanent Neow","Quick Restart","StSLib","SuperFastMode"],"gold_per_floor":[116,90,165,165,180,180,1,1,24,24,40,40,60,60,60,139,139,158,158,176,5,55,55,55],"floor_reached":23,"language":"KOR","playtime":583,"items_purged":["Strike_G"],"score":354,"play_id":"bc112a6f-1847-425e-ae6e-e457597a91c7","local_time":"20210206095410","is_ascension_mode":true,"campfire_choices":[{"floor":6.0,"key":"REST"},{"data":"Noxious Fumes","floor":10.0,"key":"SMITH"},{"data":"Blade Dance","floor":12.0,"key":"SMITH"},{"data":"Cloak And Dagger","floor":15.0,"key":"SMITH"}],"circlet_count":0,"master_deck":["AscendersBane","Defend_G","Defend_G","Defend_G","Defend_G","Survivor","Neutralize","Accuracy","Underhanded Strike","Cloak And Dagger+1","Dagger Spray","Noxious Fumes+1","Blade Dance+1","Footwork","Phantasmal Killer","Footwork","Acrobatics","Blur","Glass Knife"],"relics":["Ring of the Snake","Happy Flower","Empty Cage","Orrery"],"acts_visited":["Exordium","TheCity"],"potions_floor_usage":[23],"damage_taken":[{"damage":21.0,"enemies":"Cultist","floor":1.0,"turns":6.0},{"damage":4.0,"enemies":"Jaw Worm","floor":5.0,"turns":6.0},{"damage":0.0,"enemies":"Small Slimes","floor":11.0,"turns":5.0},{"damage":0.0,"enemies":"3 Louse","floor":13.0,"turns":3.0},{"damage":14.0,"enemies":"The Guardian","floor":16.0,"turns":11.0},{"damage":16.0,"enemies":"Shell Parasite","floor":18.0,"turns":8.0},{"damage":26,"enemies":"Chosen","floor":20,"turns":6},{"damage":11,"enemies":"Book of Stabbing","floor":23,"turns":3}],"seed_played":"6905615560379843995","potions_obtained":[{"floor":5.0,"key":"Block Potion"},{"floor":20,"key":"Dexterity Potion"}],"is_trial":false,"path_per_floor":["M","$","?","$","M","R","$","?","T","R","M","R","M","?","R","B",null,"M","?","M","$","?","E"],"character_chosen":"THE_SILENT","items_purchased":["Underhanded Strike","Dagger Spray","Noxious Fumes","Orrery"],"campfire_rested":1,"item_purchase_floors":[2,7,7,21],"current_hp_per_floor":[38,38,27,27,23,41,41,41,41,41,41,41,41,41,41,27,52,36,36,10,10,10,0,0],"gold":55,"neow_bonus":"REMOVE_TWO","is_daily":false,"chose_seed":false,"campfire_upgraded":3,"win_rate":0.0,"timestamp":1612572850,"path_taken":["M","?","?","$","M","R","$","?","T","R","M","R","M","?","R","BOSS","M","?","M","$","?","E"],"items_purchased_type":["Card","Card","Card","Relic"],"build_version":"2020-12-22","purchased_purges":1,"victory":false,"max_hp_per_floor":[60,60,60,60,60,60,60,60,60,60,60,60,60,60,60,60,60,60,60,60,60,60,60,60],"card_choices":[{"not_picked":["Underhanded Strike","Deflect"],"picked":"Accuracy","floor":1.0},{"not_picked":["Flying Knee","Terror"],"picked":"Cloak And Dagger","floor":5.0},{"not_picked":["Outmaneuver","Dagger Throw"],"picked":"Blade Dance","floor":11.0},{"not_picked":["Acrobatics","Concentrate"],"picked":"Footwork","floor":13.0},{"not_picked":["Glass Knife","Doppelganger"],"picked":"Phantasmal Killer","floor":16.0},{"not_picked":["Dagger Spray","Outmaneuver"],"picked":"Footwork","floor":18.0},{"not_picked":["Deflect","Accuracy+1"],"picked":"Acrobatics","floor":20},{"not_picked":["Dagger Spray","Outmaneuver"],"picked":"Blur","floor":21},{"not_picked":["Poisoned Stab","Quick Slash"],"picked":"Glass Knife","floor":21}],"player_experience":386868,"relics_obtained":[{"floor":9.0,"key":"Happy Flower"}],"event_choices":[{"damage_healed":0.0,"max_hp_gain":0.0,"max_hp_loss":0.0,"gold_gain":75.0,"event_name":"World of Goop","player_choice":"Gather Gold","floor":3.0,"gold_loss":0.0,"damage_taken":11.0},{"damage_healed":0.0,"max_hp_gain":0.0,"max_hp_loss":0.0,"gold_gain":0.0,"event_name":"Liars Game","player_choice":"Ignored","floor":8.0,"gold_loss":0.0,"damage_taken":0.0},{"cards_removed":["Strike_G"],"damage_healed":0.0,"max_hp_gain":0.0,"max_hp_loss":0.0,"gold_gain":0.0,"event_name":"Bonfire Elementals","player_choice":"Offered Basic","floor":14.0,"gold_loss":0.0,"damage_taken":0.0},{"damage_healed":0.0,"max_hp_gain":0.0,"max_hp_loss":0.0,"gold_gain":0.0,"event_name":"Ghosts","player_choice":"Ignored","floor":19.0,"gold_loss":0.0,"damage_taken":0.0},{"damage_healed":0,"gold_gain":50,"player_choice":"Stole From Cult","damage_taken":0,"max_hp_gain":0,"max_hp_loss":0,"event_name":"Nest","floor":22,"gold_loss":0}],"is_beta":false,"boss_relics":[{"not_picked":["Runic Pyramid","Velvet Choker"],"picked":"Empty Cage"}],"items_purged_floors":[7],"is_endless":false,"potions_floor_spawned":[5,20],"killed_by":"Book of Stabbing","ascension_level":20}}