{"host":"omgphoea13lnyb7y","time":1612612396,"event":{"mods":["Aspiration","BaseMod","Better Note","BetterRewards","Colored Map","DeckTracker","Hubris","Minty Spire (QoL Compilation)","StSLib","The Construct","The Cursed","The Jungle","The Necromancer"],"gold_per_floor":[218,218,0,175,225,252,252,263,263,263,278,178,178,193,193,193,193],"floor_reached":16,"language":"ENG","playtime":515,"items_purged":["Regret","Doubt"],"score":108,"play_id":"a0fb4665-b036-4472-96c1-91139dc872c8","local_time":"20210206035316","is_ascension_mode":true,"campfire_choices":[{"floor":7,"key":"REST"},{"data":"Neutralize","floor":10,"key":"SMITH"},{"data":"Survivor","floor":13,"key":"SMITH"},{"data":"Flying Knee","floor":15,"key":"SMITH"}],"circlet_count":0,"master_deck":["Strike_G","Strike_G","Strike_G","Strike_G","Strike_G","Defend_G","Defend_G","Defend_G","Defend_G","Defend_G","Survivor+1","Neutralize+1","Flying Knee+1","Dagger Spray","Backflip","Flying Knee"],"relics":["Ring of the Snake","MealTicket","Strawberry","Tiny Chest","Letter Opener","hubris:FunFungus"],"acts_visited":["Exordium"],"potions_floor_usage":[14,16,16],"damage_taken":[{"damage":17,"enemies":"Jaw Worm","floor":1,"turns":7},{"damage":71,"enemies":"Lagavulin","floor":6,"turns":13},{"damage":0,"enemies":"Small Slimes","floor":8,"turns":3},{"damage":0,"enemies":"2 Louse","floor":11,"turns":2},{"damage":2,"enemies":"Lots of Slimes","floor":14,"turns":3},{"damage":49,"enemies":"Slime Boss","floor":16,"turns":8}],"seed_played":"-1035159067922974208","potions_obtained":[{"floor":6,"key":"SkillPotion"},{"floor":11,"key":"CunningPotion"},{"floor":14,"key":"FearPotion"}],"is_trial":false,"path_per_floor":["M","?","$","?","T","E","R","M","T","R","M","$","R","M","R","B"],"character_chosen":"THE_SILENT","items_purchased":["Strawberry"],"campfire_rested":1,"item_purchase_floors":[3],"current_hp_per_floor":[53,53,75,75,75,4,27,27,27,27,27,42,42,40,40,0,0],"gold":193,"neow_bonus":"HUNDRED_GOLD","is_daily":false,"chose_seed":false,"campfire_upgraded":3,"win_rate":0.0,"timestamp":1612612396,"path_taken":["M","?","$","?","?","E","R","M","T","R","M","?","R","?","R","BOSS"],"items_purchased_type":["Relic"],"build_version":"2020-12-22","purchased_purges":2,"victory":false,"max_hp_per_floor":[70,70,77,77,77,77,77,77,77,77,77,77,77,77,77,77,77],"card_choices":[{"not_picked":["Noxious Fumes","Blur"],"picked":"Flying Knee","floor":1},{"not_picked":["Bouncing Flask","hubris:TrickCloak"],"picked":"Dagger Spray","floor":6},{"not_picked":["Slice","Endless Agony"],"picked":"Backflip","floor":8},{"not_picked":["Slice","Crippling Poison"],"picked":"Flying Knee","floor":11},{"not_picked":["Eviscerate","Well Laid Plans","Infinite Blades"],"picked":"SKIP","floor":14}],"player_experience":75005,"relics_obtained":[{"floor":5,"key":"Tiny Chest"},{"floor":6,"key":"Letter Opener"},{"floor":9,"key":"hubris:FunFungus"}],"event_choices":[{"damage_healed":0,"gold_gain":0,"player_choice":"Box","damage_taken":0,"relics_obtained":["MealTicket"],"max_hp_gain":0,"max_hp_loss":0,"event_name":"Big Fish","floor":2,"gold_loss":0,"cards_obtained":["Regret"]},{"damage_healed":0,"gold_gain":175,"player_choice":"AGREE","damage_taken":0,"max_hp_gain":0,"max_hp_loss":0,"event_name":"Liars Game","floor":4,"gold_loss":0,"cards_obtained":["Doubt"]}],"is_beta":false,"boss_relics":[],"items_purged_floors":[3,12],"is_endless":false,"potions_floor_spawned":[6,11,14],"killed_by":"Slime Boss","ascension_level":2}}