{"host":"6gwm7y0tp7acoxay","time":1612602305,"event":{"mods":["BaseMod","Colored Map","Keyboard Shortcuts","Minty Spire (QoL Compilation)","Quick Restart","StSLib","SuperFastMode","everything is the same but u backflip on backflip"],"gold_per_floor":[118,118,128,203,203,234,264,293,317,317,351,351,382,382,382,459,459,469,486,486,497,281,309,93,125,150,178,178,178,206,224,224,309,309,320,331,207,216,27,58,86,86,86,102,102,102,102,22,22,22,22,22,22,22,48,48],"floor_reached":57,"language":"KOR","playtime":2132,"items_purged":["Blizzard","Coolheaded","Gash"],"score":3611,"play_id":"9bf3097d-6114-4061-8431-f0991cbcd13f","local_time":"20210206180505","daily_mods":["SealedDeck","Heirloom","Flight"],"is_ascension_mode":true,"campfire_choices":[{"data":"Coolheaded","floor":10.0,"key":"SMITH"},{"data":"Coolheaded","floor":12.0,"key":"SMITH"},{"data":"Recycle","floor":15.0,"key":"SMITH"},{"data":"Blizzard","floor":29.0,"key":"SMITH"},{"data":"Defragment","floor":32.0,"key":"SMITH"},{"floor":45,"key":"RECALL"},{"data":"Defragment","floor":47,"key":"SMITH"},{"data":"Defragment","floor":49,"key":"SMITH"},{"data":"Glacier","floor":53,"key":"SMITH"}],"circlet_count":0,"master_deck":["AscendersBane","Go for the Eyes+1","Coolheaded","Blizzard+1","Recycle+1","Coolheaded+1","Coolheaded+1","White Noise+1","Genetic Algorithm+1","Core Surge+1","Defragment+1","Reboot","Defragment+1","Double Energy","Glacier+1","Defragment+1"],"relics":["CaptainsWheel","Smiling Mask","Vajra","Shuriken","Singing Bowl","Strawberry","Omamori","Bag of Preparation","Cursed Key","Nloth\u0027s Gift","Orrery","Centennial Puzzle","Medical Kit","War Paint","CeramicFish","Eternal Feather","Inserter","Runic Capacitor","Anchor","Lantern","Whetstone","Mango"],"acts_visited":["Exordium","TheCity","TheBeyond","TheEnding"],"potions_floor_usage":[41],"damage_taken":[{"damage":1.0,"enemies":"2 Louse","floor":1.0,"turns":2.0},{"damage":0.0,"enemies":"Cultist","floor":3.0,"turns":4.0},{"damage":0.0,"enemies":"Lagavulin","floor":6.0,"turns":7.0},{"damage":0.0,"enemies":"Gremlin Nob","floor":7.0,"turns":4.0},{"damage":21.0,"enemies":"3 Sentries","floor":8.0,"turns":9.0},{"damage":0.0,"enemies":"Lagavulin","floor":11.0,"turns":5.0},{"damage":18.0,"enemies":"3 Sentries","floor":13.0,"turns":6.0},{"damage":0.0,"enemies":"Hexaghost","floor":16.0,"turns":7.0},{"damage":7.0,"enemies":"2 Thieves","floor":18.0,"turns":2.0},{"damage":5.0,"enemies":"Spheric Guardian","floor":19.0,"turns":3.0},{"damage":0.0,"enemies":"Cultist and Chosen","floor":21.0,"turns":5.0},{"damage":26.0,"enemies":"Slavers","floor":23.0,"turns":5.0},{"damage":0.0,"enemies":"Gremlin Leader","floor":25.0,"turns":4.0},{"damage":10.0,"enemies":"Slavers","floor":27.0,"turns":5.0},{"damage":10.0,"enemies":"Gremlin Leader","floor":30.0,"turns":3.0},{"damage":0.0,"enemies":"Shelled Parasite and Fungi","floor":31.0,"turns":4.0},{"damage":0.0,"enemies":"Champ","floor":33.0,"turns":6.0},{"damage":0.0,"enemies":"Orb Walker","floor":35.0,"turns":4.0},{"damage":0.0,"enemies":"3 Darklings","floor":36.0,"turns":3.0},{"damage":0,"enemies":"Nemesis","floor":40,"turns":9},{"damage":0,"enemies":"Reptomancer","floor":41,"turns":5},{"damage":0,"enemies":"Jaw Worm Horde","floor":44,"turns":3},{"damage":0,"enemies":"Awakened One","floor":50,"turns":13},{"damage":11,"enemies":"Time Eater","floor":51,"turns":14},{"damage":29,"enemies":"Shield and Spear","floor":55,"turns":6},{"damage":26,"enemies":"The Heart","floor":56,"turns":11}],"seed_played":"2624460891394354214","potions_obtained":[{"floor":1.0,"key":"Explosive Potion"},{"floor":2.0,"key":"CultistPotion"},{"floor":3.0,"key":"FocusPotion"},{"floor":7.0,"key":"BlessingOfTheForge"},{"floor":8.0,"key":"BlessingOfTheForge"},{"floor":21.0,"key":"SpeedPotion"},{"floor":31.0,"key":"DistilledChaos"}],"is_trial":true,"path_per_floor":["M","?","M","?","?","E","E","E","T","R","E","R","E","?","R","B",null,"M","M","?","M","$","E","$","E","T","E","?","R","E","M","R","B",null,"M","M","$","?","$","E","E","?","T","M","R","?","R","$","R","B","B",null,"R","$","E","B",null],"character_chosen":"DEFECT","items_purchased":["Orrery","Medical Kit","Defragment","Glacier","Runic Capacitor","Defragment"],"campfire_rested":0,"item_purchase_floors":[22,24,37,39,39,48],"current_hp_per_floor":[63,63,63,52,47,47,47,28,35,35,35,35,19,19,19,19,66,61,56,56,58,68,44,44,46,46,38,38,38,30,32,38,38,89,91,93,93,93,93,95,97,97,97,99,108,108,116,116,116,116,105,113,116,116,103,77],"gold":48,"neow_bonus":"","is_daily":false,"chose_seed":false,"campfire_upgraded":8,"win_rate":0.0,"timestamp":1612602305,"path_taken":["M","?","?","?","?","E","E","E","T","R","E","R","E","?","R","BOSS","M","M","?","?","$","E","$","E","T","E","?","R","E","?","R","BOSS","M","?","$","?","?","E","E","?","T","?","R","?","R","?","R","BOSS","BOSS","R","$","E","BOSS"],"items_purchased_type":["Relic","Relic","Card","Card","Relic","Card"],"build_version":"2020-12-22","purchased_purges":3,"victory":true,"max_hp_per_floor":[71,71,71,71,71,71,71,73,80,80,80,80,82,82,82,82,82,84,84,84,86,96,98,98,100,100,102,102,102,104,106,106,106,106,108,110,110,110,110,112,114,114,114,116,116,116,116,116,116,116,116,116,116,116,132,132],"card_choices":[{"not_picked":["Beam Cell","Sweeping Beam","Leap"],"picked":"SKIP","floor":1.0},{"not_picked":["Reprogram","Tempest"],"picked":"Gash","floor":3.0},{"not_picked":["Steam Power","Rip and Tear","Buffer"],"picked":"SKIP","floor":6.0},{"not_picked":["Chaos","Compile Driver"],"picked":"White Noise","floor":7.0},{"not_picked":["Scrape","Sweeping Beam","Lockon"],"picked":"Singing Bowl","floor":8.0},{"not_picked":["Streamline","Conserve Battery"],"picked":"Genetic Algorithm","floor":11.0},{"not_picked":["Ball Lightning","Undo","Coolheaded"],"picked":"Singing Bowl","floor":13.0},{"not_picked":["Seek","Electrodynamics"],"picked":"Core Surge","floor":16.0},{"not_picked":["Auto Shields+1","Aggregate","Sunder+1"],"picked":"Singing Bowl","floor":18.0},{"not_picked":["Sweeping Beam","Beam Cell"],"picked":"Defragment","floor":19.0},{"not_picked":["Recycle","Redo","Auto Shields+1"],"picked":"Singing Bowl","floor":21.0},{"not_picked":["Fusion","Blizzard","Turbo"],"picked":"Singing Bowl","floor":22.0},{"not_picked":["Beam Cell","Coolheaded","Compile Driver"],"picked":"Singing Bowl","floor":22.0},{"not_picked":["Skim","Hologram+1","Turbo"],"picked":"Singing Bowl","floor":22.0},{"not_picked":["Steam","Rebound","Go for the Eyes"],"picked":"Singing Bowl","floor":22.0},{"not_picked":["Barrage","Blizzard","Thunder Strike"],"picked":"Singing Bowl","floor":22.0},{"not_picked":["Coolheaded","Reprogram","Electrodynamics"],"picked":"Singing Bowl","floor":23.0},{"not_picked":["Cold Snap","Genetic Algorithm","Leap"],"picked":"Singing Bowl","floor":25.0},{"not_picked":["Fusion","Skim","Go for the Eyes"],"picked":"Singing Bowl","floor":27.0},{"not_picked":["Redo","Rainbow","Hologram"],"picked":"Singing Bowl","floor":30.0},{"not_picked":["Recycle","Barrage","Ball Lightning"],"picked":"Singing Bowl","floor":31.0},{"not_picked":["Thunder Strike","Rainbow"],"picked":"Reboot","floor":33.0},{"not_picked":["Heatsinks+1","Sweeping Beam","Rip and Tear+1"],"picked":"Singing Bowl","floor":35.0},{"not_picked":["Sweeping Beam","Steam","Force Field"],"picked":"Singing Bowl","floor":36.0},{"not_picked":["Leap","Stack","Undo"],"picked":"Singing Bowl","floor":40},{"not_picked":["Sunder","Cold Snap+1","Barrage"],"picked":"Singing Bowl","floor":41},{"not_picked":["Melter","White Noise","Rebound"],"picked":"Singing Bowl","floor":44},{"not_picked":["Compile Driver","Fission","Hologram"],"picked":"Singing Bowl","floor":55}],"player_experience":4492604,"relics_obtained":[{"floor":6.0,"key":"Vajra"},{"floor":7.0,"key":"Shuriken"},{"floor":8.0,"key":"Singing Bowl"},{"floor":9.0,"key":"Strawberry"},{"floor":11.0,"key":"Omamori"},{"floor":13.0,"key":"Bag of Preparation"},{"floor":23.0,"key":"Centennial Puzzle"},{"floor":25.0,"key":"War Paint"},{"floor":27.0,"key":"CeramicFish"},{"floor":30.0,"key":"Eternal Feather"},{"floor":40,"key":"Anchor"},{"floor":41,"key":"Lantern"},{"floor":43,"key":"Whetstone"},{"floor":55,"key":"Mango"}],"event_choices":[{"damage_healed":0.0,"max_hp_gain":0.0,"max_hp_loss":0.0,"gold_gain":0.0,"event_name":"Lab","player_choice":"Got Potions","floor":2.0,"gold_loss":0.0,"damage_taken":0.0},{"damage_healed":0.0,"max_hp_gain":0.0,"max_hp_loss":0.0,"gold_gain":75.0,"event_name":"World of Goop","player_choice":"Gather Gold","floor":4.0,"gold_loss":0.0,"damage_taken":11.0},{"damage_healed":0.0,"max_hp_gain":0.0,"max_hp_loss":0.0,"gold_gain":0.0,"event_name":"Scrap Ooze","player_choice":"Success","floor":5.0,"gold_loss":0.0,"damage_taken":5.0,"relics_obtained":["Smiling Mask"]},{"damage_healed":0.0,"max_hp_gain":0.0,"max_hp_loss":0.0,"gold_gain":0.0,"event_name":"Liars Game","player_choice":"Ignored","floor":14.0,"gold_loss":0.0,"damage_taken":0.0},{"damage_healed":0.0,"max_hp_gain":0.0,"max_hp_loss":0.0,"gold_gain":0.0,"event_name":"N\u0027loth","player_choice":"Traded Relic","floor":20.0,"relics_lost":["Cracked Core"],"gold_loss":0.0,"damage_taken":0.0,"relics_obtained":["Nloth\u0027s Gift"]},{"damage_healed":0.0,"max_hp_gain":0.0,"max_hp_loss":0.0,"gold_gain":0.0,"event_name":"Transmorgrifier","player_choice":"Ignored","floor":28.0,"gold_loss":0.0,"damage_taken":0.0},{"damage_healed":0,"gold_gain":0,"cards_transformed":["Gash"],"player_choice":"Transformed","damage_taken":0,"max_hp_gain":0,"max_hp_loss":0,"event_name":"Transmorgrifier","floor":38,"gold_loss":0,"cards_obtained":["Double Energy"]},{"cards_removed":["Hologram"],"damage_healed":0,"gold_gain":0,"player_choice":"Removed Skill","damage_taken":0,"max_hp_gain":0,"max_hp_loss":0,"event_name":"Falling","floor":42,"gold_loss":0},{"damage_healed":0,"gold_gain":0,"player_choice":"Ignored","damage_taken":0,"max_hp_gain":0,"max_hp_loss":0,"event_name":"SecretPortal","floor":46,"gold_loss":0}],"is_beta":false,"boss_relics":[{"not_picked":["Calling Bell","Coffee Dripper"],"picked":"Cursed Key"},{"not_picked":["Empty Cage","Black Star"],"picked":"Inserter"}],"items_purged_floors":[22,24,37],"is_endless":false,"potions_floor_spawned":[1,3,7,8,21,25,30,31,40],"ascension_level":20}}