{"host":"f3zi5bw4of71qj4o","time":1612618576,"event":{"mods":["BaseMod","DeckTracker","Highlight Path","Minty Spire (QoL Compilation)","Relic Stats","StSLib","SuperFastMode"],"gold_per_floor":[119,131,131,56,56,88,88,68,91,91,91],"floor_reached":10,"language":"ENG","playtime":303,"items_purged":[],"score":128,"play_id":"853dd9da-a42b-45c3-8f3e-9ed8a57c9f3e","local_time":"20210206143616","is_ascension_mode":true,"campfire_choices":[{"data":"Double Energy","floor":7,"key":"SMITH"}],"circlet_count":0,"master_deck":["AscendersBane","Strike_B","Strike_B","Strike_B","Defend_B","Defend_B","Defend_B","Zap","Dualcast","Double Energy+1","Ball Lightning","Defragment"],"relics":["Runic Pyramid","Shuriken","DataDisk","Nunchaku"],"acts_visited":["Exordium"],"potions_floor_usage":[10],"damage_taken":[{"damage":7,"enemies":"Small Slimes","floor":1,"turns":4},{"damage":3,"enemies":"2 Louse","floor":2,"turns":3},{"damage":25,"enemies":"Lagavulin","floor":6,"turns":7},{"damage":35,"enemies":"3 Sentries","floor":10,"turns":5}],"seed_played":"-8961057063800133303","potions_obtained":[{"floor":1,"key":"PotionOfCapacity"},{"floor":8,"key":"Strength Potion"}],"is_trial":false,"path_per_floor":["M","M","?","?","T","E","R","?","T","E"],"character_chosen":"DEFECT","items_purchased":[],"campfire_rested":0,"item_purchase_floors":[],"current_hp_per_floor":[57,54,54,54,54,29,29,29,29,0,0],"gold":91,"neow_bonus":"BOSS_RELIC","is_daily":false,"chose_seed":false,"campfire_upgraded":1,"win_rate":0.0,"timestamp":1612618576,"path_taken":["M","M","?","?","?","E","R","?","T","E"],"items_purchased_type":[],"build_version":"2020-12-22","purchased_purges":0,"victory":false,"max_hp_per_floor":[71,71,71,71,71,71,71,71,71,71,71],"relic_stats":{"Nunchaku":[0],"counters":[4,19],"Shuriken":[2],"obtain_stats":[{"DataDisk":6,"Nunchaku":9,"Shuriken":5,"Cracked Core":0,"Runic Pyramid":0},{"DataDisk":3,"Nunchaku":3,"Shuriken":2,"Cracked Core":0,"Runic Pyramid":0},{"DataDisk":14,"Nunchaku":14,"Shuriken":7,"Cracked Core":0,"Runic Pyramid":0}]},"card_choices":[{"not_picked":["Loop","Doom and Gloom"],"picked":"Double Energy","floor":1},{"not_picked":["Compile Driver","Auto Shields"],"picked":"Ball Lightning","floor":2},{"not_picked":["Hello World","Hologram"],"picked":"Defragment","floor":6}],"player_experience":2592674,"relics_obtained":[{"floor":5,"key":"Shuriken"},{"floor":6,"key":"DataDisk"},{"floor":9,"key":"Nunchaku"}],"event_choices":[{"cards_removed":["Strike_B"],"damage_healed":0,"gold_gain":0,"player_choice":"Forget","damage_taken":0,"max_hp_gain":0,"max_hp_loss":0,"event_name":"Living Wall","floor":3,"gold_loss":0},{"cards_removed":["Defend_B"],"damage_healed":0,"gold_gain":0,"player_choice":"Card Removal","damage_taken":0,"max_hp_gain":0,"max_hp_loss":0,"event_name":"The Cleric","floor":4,"gold_loss":75},{"damage_healed":0,"gold_gain":0,"player_choice":"Bought 1 Potion","damage_taken":0,"max_hp_gain":0,"max_hp_loss":0,"event_name":"The Woman in Blue","floor":8,"gold_loss":0}],"is_beta":false,"boss_relics":[],"items_purged_floors":[],"is_endless":false,"potions_floor_spawned":[1],"killed_by":"3 Sentries","ascension_level":20}}