{"host":"630px4nyj50z5id8","time":1612597838,"event":{"mods":["BaseMod","Better Note","Colored Powertips","Good Game Mod","Minty Spire (QoL Compilation)","Quick Restart","Rare Cards Sparkle","Relic Filter Mod","Replay The Spire","StSLib","Waifu the Spire"],"gold_per_floor":[52,86,116,116,116,116,181,209,236,33,64,125,168,199,199,348,348,390,406,448,547,310,310,340,381,381,406,406,269,269,321,321,426,426,426,426],"floor_reached":35,"language":"ZHS","playtime":1525,"items_purged":["Strike_R","Bash","Combust"],"score":846,"play_id":"5f12f624-eb8a-4177-a5e7-c27abdb4f959","local_time":"20210206155038","is_ascension_mode":true,"campfire_choices":[{"data":"HandOfGreed","floor":6.0,"key":"SMITH"},{"data":"Armaments","floor":15.0,"key":"SMITH"},{"data":"Dark Embrace","floor":23,"key":"SMITH"},{"data":"Armaments","floor":28,"key":"SMITH"},{"data":"Limit Break","floor":32,"key":"SMITH"}],"circlet_count":0,"master_deck":["Seek","HandOfGreed+1","Dark Embrace+1","Armaments+1","ReplayTheSpireMod:Muscle Training","Burning Pact","Inflame","Demon Form","Feel No Pain","Battle Trance","Armaments+1","Battle Trance","Immolate","Pummel","Reaper","Battle Trance","Ghostly Armor","Double Tap","Flex","Evolve","Sword Boomerang","Disarm","Shrug It Off","Massacre","Limit Break+1","Power Through","White Noise+1","Apotheosis+1"],"relics":["Burning Blood","REME:ComplimentaryCards","PreservedInsect","Lantern","Membership Card","Replay:Rubber Ducky","Torii","ReplayTheSpireMod:Spearhead","Pandora\u0027s Box","HornCleat","Orichalcum","Letter Opener","Art of War","PrismaticShard","Toxic Egg 2","Runic Cube"],"acts_visited":["Exordium","TheCity","TheBeyond"],"potions_floor_usage":[27,27,31],"damage_taken":[{"damage":0.0,"enemies":"2 Louse","floor":1.0,"turns":3.0},{"damage":1.0,"enemies":"Cultist","floor":2.0,"turns":3.0},{"damage":2.0,"enemies":"Jaw Worm","floor":3.0,"turns":5.0},{"damage":2.0,"enemies":"Exordium Thugs","floor":7.0,"turns":4.0},{"damage":32.0,"enemies":"Gremlin Nob","floor":8.0,"turns":4.0},{"damage":27.0,"enemies":"Lagavulin","floor":11.0,"turns":7.0},{"damage":2.0,"enemies":"2 Fungi Beasts","floor":12.0,"turns":5.0},{"damage":2.0,"enemies":"Gremlin Nob","floor":14.0,"turns":3.0},{"damage":2.0,"enemies":"Slime Boss","floor":16.0,"turns":9.0},{"damage":44,"enemies":"3 Byrds","floor":18,"turns":4},{"damage":13,"enemies":"Spheric Guardian","floor":19,"turns":4},{"damage":14,"enemies":"Snecko","floor":20,"turns":4},{"damage":13,"enemies":"Book of Stabbing","floor":24,"turns":4},{"damage":3,"enemies":"Centurion and Healer","floor":25,"turns":5},{"damage":1,"enemies":"Replay:Snechameleon","floor":27,"turns":4},{"damage":0,"enemies":"Gremlin Leader","floor":31,"turns":5},{"damage":1,"enemies":"Champ","floor":33,"turns":8},{"damage":1,"enemies":"3 Shapes","floor":35,"turns":1}],"seed_played":"-6381603707596511547","potions_obtained":[{"floor":3.0,"key":"BloodPotion"},{"floor":7.0,"key":"Swift Potion"},{"floor":8.0,"key":"Swift Potion"},{"floor":11.0,"key":"SkillPotion"},{"floor":19,"key":"LifebloodPotion"},{"floor":24,"key":"Energy Potion"},{"floor":33,"key":"SkillPotion"}],"is_trial":false,"path_per_floor":["M","M","M","?","?","R","M","E","T","$","E","M","?","E","R","B",null,"M","M","M","?","$","R","E","M","T","E","R","$","?","E","R","B",null,"M"],"character_chosen":"IRONCLAD","items_purchased":["Membership Card","Feel No Pain","HornCleat","Shrug It Off","Massacre","PrismaticShard"],"campfire_rested":0,"item_purchase_floors":[10,10,22,22,22,29],"current_hp_per_floor":[78,80,80,80,80,80,80,54,54,54,33,37,17,37,37,41,70,38,41,39,39,39,39,32,40,40,45,45,45,45,75,75,80,80,79,79],"gold":426,"neow_bonus":"RANDOM_COLORLESS_2","is_daily":false,"chose_seed":false,"campfire_upgraded":5,"win_rate":0.0,"timestamp":1612597838,"path_taken":["M","M","M","?","?","R","?","E","T","$","E","M","?","E","R","BOSS","M","M","M","?","$","R","E","M","T","E","R","$","?","E","R","BOSS","M"],"items_purchased_type":["Relic","Card","Relic","Card","Card","Relic"],"build_version":"2020-12-22","purchased_purges":3,"victory":false,"max_hp_per_floor":[80,80,80,80,80,80,80,80,80,80,80,80,80,80,80,80,80,80,80,80,80,80,80,80,80,80,80,80,80,80,80,80,80,80,80,80],"card_choices":[{"not_picked":["Master of Strategy","Metamorphosis"],"picked":"HandOfGreed","floor":0.0},{"not_picked":["Iron Wave","Replay:Undeath\u0027s Touch"],"picked":"Dark Embrace","floor":1.0},{"not_picked":["True Grit","Replay:Undeath\u0027s Touch"],"picked":"Armaments","floor":2.0},{"not_picked":["Perfected Strike","True Grit"],"picked":"ReplayTheSpireMod:Muscle Training","floor":3.0},{"not_picked":["ReplayTheSpireMod:Stacked","Reckless Charge"],"picked":"Inflame","floor":7.0},{"not_picked":["Uppercut","Flame Barrier"],"picked":"Demon Form","floor":8.0},{"not_picked":["Clash","Havoc"],"picked":"Battle Trance","floor":11.0},{"not_picked":["ReplayReversal","Dark Embrace"],"picked":"Armaments","floor":12.0},{"not_picked":["Clothesline","Iron Wave"],"picked":"Battle Trance","floor":14.0},{"not_picked":["Juggernaut","Double Tap"],"picked":"Immolate","floor":16.0},{"not_picked":["Life Link","ReplayTheSpireMod:LeadingStrike"],"picked":"Sword Boomerang","floor":18},{"not_picked":["Iron Wave","Replay:Undeath\u0027s Touch"],"picked":"Disarm","floor":19},{"not_picked":["Replay:Undeath\u0027s Touch","Life Link","Warcry"],"picked":"SKIP","floor":20},{"not_picked":["Flex","Heavy Blade"],"picked":"Limit Break","floor":24},{"not_picked":["Twin Strike","Abandon+1","Flex"],"picked":"SKIP","floor":25},{"not_picked":["Combust","Anger"],"picked":"Power Through","floor":27},{"not_picked":["Entrench+1","Slice"],"picked":"White Noise+1","floor":31},{"not_picked":["ReplayTheSpireMod:Necrogeddon","Vault+1"],"picked":"Apotheosis+1","floor":33}],"player_experience":398764,"relics_obtained":[{"floor":8.0,"key":"PreservedInsect"},{"floor":9.0,"key":"Lantern"},{"floor":11.0,"key":"Replay:Rubber Ducky"},{"floor":13.0,"key":"Torii"},{"floor":14.0,"key":"ReplayTheSpireMod:Spearhead"},{"floor":24,"key":"Orichalcum"},{"floor":26,"key":"Letter Opener"},{"floor":27,"key":"Art of War"},{"floor":31,"key":"Toxic Egg 2"}],"event_choices":[{"damage_healed":0.0,"max_hp_gain":0.0,"max_hp_loss":0.0,"gold_gain":0.0,"event_name":"Liars Game","player_choice":"Ignored","floor":4.0,"gold_loss":0.0,"damage_taken":0.0},{"damage_healed":0.0,"max_hp_gain":0.0,"max_hp_loss":0.0,"gold_gain":0.0,"event_name":"Match and Keep!","player_choice":"1 cards matched","floor":5.0,"gold_loss":0.0,"damage_taken":0.0,"cards_obtained":["Burning Pact"]},{"damage_healed":0,"gold_gain":99,"player_choice":"Stole From Cult","damage_taken":0,"max_hp_gain":0,"max_hp_loss":0,"event_name":"Nest","floor":21,"gold_loss":0},{"damage_healed":0,"gold_gain":0,"player_choice":"Ignored","damage_taken":0,"max_hp_gain":0,"max_hp_loss":0,"event_name":"Ghosts","floor":30,"gold_loss":0}],"is_beta":false,"boss_relics":[{"not_picked":["Empty Cage","Ooze Armor"],"picked":"Pandora\u0027s Box"},{"not_picked":["Astrolabe","Fusion Hammer"],"picked":"Runic Cube"}],"items_purged_floors":[10,22,29],"is_endless":false,"potions_floor_spawned":[3,7,8,11,19,24,33],"killed_by":"3 Shapes","ascension_level":7}}