{"host":"4kmvpqjeiacgn1pr","time":1612654329,"event":{"mods":["A Penny For Your Troubles","AchievementEnabler","AlwaysNeverKeys","Aspiration","BaseMod","Bestiary","Better Altar","Better Match","Better Note","Better Sensory Stone","Better Skull","Better Third Choice","Better Vampires","BetterRewards","Colored Map","Colored Powertips","Conspire","Curses Come First","Downfall","Halation","Highlight Path","Infinite Spire","Minty Spire (QoL Compilation)","Permanent Neow","Quick Restart","Rare Cards Sparkle","Relic Sorter","Relic Stats","Replay The Spire","Reworked Bosses","Shop Mod","Smile Girya","Spicy Shops","Spikes Relics","StSLib","Waifu the Spire"],"gold_per_floor":[115,115,115,133,153,153,173,173,173],"floor_reached":8,"language":"ENG","playtime":292,"items_purged":[],"score":72,"play_id":"698f3823-92ee-4d72-ad62-ac786fcaead9","local_time":"20210206183209","is_ascension_mode":true,"campfire_choices":[{"data":"ReplayTheSpireMod:Necrosis","floor":6,"key":"SMITH"}],"circlet_count":0,"master_deck":["AscendersBane","Strike_G","Strike_G","Strike_G","Strike_G","Strike_G","Defend_G","Defend_G","Defend_G","Defend_G","Survivor","Neutralize","Blade Dance","Distraction","ReplayTheSpireMod:Necrosis+1","Draining Mist"],"relics":["Ring of the Snake","infinitespire:Lychee Nut","FaceOfCleric"],"acts_visited":["Exordium"],"potions_floor_usage":[7,8],"damage_taken":[{"damage":1,"enemies":"conspire:RoseBush","floor":1,"turns":4},{"damage":0,"enemies":"infinitespire:Voidling","floor":4,"turns":4},{"damage":0,"enemies":"Small Slimes","floor":5,"turns":2},{"damage":18,"enemies":"conspire:2 RoseBushes","floor":7,"turns":5},{"damage":53,"enemies":"Lagavulin","floor":8,"turns":8}],"seed_played":"-1716083786402543520","potions_obtained":[{"floor":1,"key":"Fire Potion"},{"floor":4,"key":"Poison Potion"}],"is_trial":false,"path_per_floor":["M","?","?","M","M","R","M","E"],"character_chosen":"THE_SILENT","items_purchased":[],"campfire_rested":0,"item_purchase_floors":[],"current_hp_per_floor":[50,50,50,53,54,54,42,0,0],"gold":173,"neow_bonus":"ONE_RARE_RELIC","is_daily":false,"chose_seed":false,"campfire_upgraded":1,"win_rate":0.0,"timestamp":1612654329,"path_taken":["M","?","?","?","M","R","M","E"],"items_purchased_type":[],"build_version":"2020-12-22","purchased_purges":0,"victory":false,"max_hp_per_floor":[52,52,52,53,54,54,55,55,55],"relic_stats":{"FaceOfCleric":3,"counters":[5,23],"obtain_stats":[{"FaceOfCleric":3,"infinitespire:Lychee Nut":0,"Ring of the Snake":0},{"FaceOfCleric":1,"infinitespire:Lychee Nut":0,"Ring of the Snake":0},{"FaceOfCleric":4,"infinitespire:Lychee Nut":0,"Ring of the Snake":0}],"Ring of the Snake":[10]},"card_choices":[{"not_picked":["Prepared","Sucker Punch"],"picked":"Blade Dance","floor":1},{"not_picked":["Prepared","Finisher"],"picked":"Distraction","floor":4},{"not_picked":["Draining Mist","Accuracy"],"picked":"ReplayTheSpireMod:Necrosis","floor":5},{"not_picked":["Blade Dance","Poisoned Stab"],"picked":"Draining Mist","floor":7}],"player_experience":448819,"relics_obtained":[],"event_choices":[{"damage_healed":0,"gold_gain":0,"player_choice":"Trade","damage_taken":0,"relics_obtained":["FaceOfCleric"],"max_hp_gain":0,"max_hp_loss":0,"event_name":"FaceTrader","floor":3,"gold_loss":0}],"is_beta":false,"boss_relics":[],"items_purged_floors":[],"is_endless":false,"potions_floor_spawned":[1,4],"killed_by":"Lagavulin","ascension_level":10}}