{"host":"zs3tguvuxkh90jf4","time":1612644083,"event":{"mods":["AchievementEnabler","BaseMod","Better Silent Start","Better-Laid Plans","BetterRewards","Block Reminder","Colored Map","Colored Powertips","Gold Saver","Minty Spire (QoL Compilation)","Shop Mod","StSLib","Transform Curses"],"gold_per_floor":[3505,3035,3035,3054,2569,2569,2599,2599,2622,2635,2670,2683,2715,2725,2725,2804,2804,2804,2804,2495,2495,2495,2495,2495,2495,2495,2495,2495,2495,2120,2120,2120,2120,2120,2120,2120,1731,1731,1731,1731,1731,1731,1731,1731,1731,1731,1731,1731,1731,1731,1731,1731,1293,1293,1293],"floor_reached":56,"language":"ENG","playtime":2939,"items_purged":["Strike_G","Strike_G","Strike_G","Strike_G+1","Defend_G+1"],"score":2908,"play_id":"4614dbcd-1cb1-44a2-921d-41c1fc84dde0","local_time":"20210206124123","is_ascension_mode":true,"campfire_choices":[{"data":"Dramatic Entrance","floor":6,"key":"SMITH"},{"data":"Dramatic Entrance","floor":8,"key":"SMITH"},{"data":"Survivor","floor":15,"key":"SMITH"},{"floor":24,"key":"RECALL"},{"floor":32,"key":"REST"},{"data":"Blur","floor":41,"key":"SMITH"},{"data":"Cloak And Dagger","floor":45,"key":"SMITH"},{"floor":47,"key":"REST"},{"data":"Blade Dance","floor":49,"key":"SMITH"},{"floor":52,"key":"REST"}],"circlet_count":0,"master_deck":["AscendersBane","Defend_G+1","Defend_G+1","Defend_G+1","Survivor+1","Neutralize+1","Blade Dance+1","Dramatic Entrance+1","Noxious Fumes+1","Blur+1","Dramatic Entrance+1","Infinite Blades+1","Cloak And Dagger+1","Infinite Blades+1","Terror+1","Dodge and Roll+1","PiercingWail+1","Catalyst+1","Deadly Poison+1","Terror+1","Dodge and Roll+1","Venomology+1","Caltrops+1","Deflect+1","Deflect+1","Blur+1","Blade Dance+1","Deadly Poison+1","Crippling Poison+1","Accuracy+1","Cloak And Dagger+1","Outmaneuver+1","Phantasmal Killer+1","Distraction+1","Corpse Explosion+1","Footwork+1","Sadistic Nature+1","Blade Dance+1"],"relics":["Ring of the Snake","Membership Card","Vajra","White Beast Statue","MealTicket","Frozen Egg 2","DollysMirror","MerchantsRug","OrangePellets","Prayer Wheel","Sundial","Toxic Egg 2","Kunai","Lantern","Ectoplasm","Bronze Scales","Happy Flower","ClockworkSouvenir","MutagenicStrength","Molten Egg 2","Whetstone","Snake Skull","Unceasing Top","Ancient Tea Set","Runic Pyramid","Bag of Marbles","Pen Nib","HandDrill","Smiling Mask","Letter Opener","PreservedInsect","Boot","Bottled Flame","Anchor","Frozen Eye","Bottled Tornado","Bag of Preparation"],"acts_visited":["Exordium","TheCity","TheBeyond","TheEnding"],"potions_floor_usage":[11,16,16,23,29,29,31,31,33,35,55,55],"damage_taken":[{"damage":0,"enemies":"Cultist","floor":1,"turns":3},{"damage":0,"enemies":"Small Slimes","floor":4,"turns":1},{"damage":7,"enemies":"3 Sentries","floor":7,"turns":4},{"damage":0,"enemies":"2 Louse","floor":10,"turns":1},{"damage":4,"enemies":"Lagavulin","floor":11,"turns":4},{"damage":0,"enemies":"Lots of Slimes","floor":12,"turns":1},{"damage":4,"enemies":"3 Sentries","floor":13,"turns":3},{"damage":0,"enemies":"Looter","floor":14,"turns":3},{"damage":25,"enemies":"The Guardian","floor":16,"turns":7},{"damage":15,"enemies":"Shell Parasite","floor":18,"turns":4},{"damage":0,"enemies":"Spheric Guardian","floor":19,"turns":4},{"damage":0,"enemies":"Gremlin Leader","floor":23,"turns":4},{"damage":0,"enemies":"3 Cultists","floor":27,"turns":3},{"damage":24,"enemies":"Snake Plant","floor":28,"turns":2},{"damage":29,"enemies":"Slavers","floor":29,"turns":2},{"damage":0,"enemies":"Shelled Parasite and Fungi","floor":31,"turns":2},{"damage":0,"enemies":"Automaton","floor":33,"turns":5},{"damage":0,"enemies":"3 Shapes","floor":35,"turns":2},{"damage":12,"enemies":"Orb Walker","floor":38,"turns":2},{"damage":2,"enemies":"Reptomancer","floor":40,"turns":3},{"damage":0,"enemies":"Giant Head","floor":42,"turns":4},{"damage":0,"enemies":"Reptomancer","floor":44,"turns":2},{"damage":17,"enemies":"4 Shapes","floor":46,"turns":2},{"damage":0,"enemies":"Nemesis","floor":48,"turns":3},{"damage":25,"enemies":"Time Eater","floor":50,"turns":7},{"damage":0,"enemies":"Shield and Spear","floor":54,"turns":2},{"damage":61,"enemies":"The Heart","floor":55,"turns":5}],"seed_played":"-2693779417895836928","potions_obtained":[{"floor":1,"key":"ColorlessPotion"},{"floor":11,"key":"Dexterity Potion"},{"floor":12,"key":"PowerPotion"},{"floor":14,"key":"LiquidBronze"},{"floor":16,"key":"LiquidMemories"},{"floor":29,"key":"Swift Potion"},{"floor":31,"key":"AttackPotion"},{"floor":38,"key":"CunningPotion"}],"is_trial":false,"path_per_floor":["M","$","?","M","$","R","E","R","T","M","E","M","E","M","R","B",null,"M","M","$","?","?","E","R","?","T","M","M","E","$","M","R","B",null,"M","?","$","M","?","E","R","E","T","E","R","M","R","E","R","B",null,"R","$","E","B",null],"character_chosen":"THE_SILENT","items_purchased":["Membership Card","Vajra","Blade Dance","Dramatic Entrance","Strawberry","MealTicket","Frozen Egg 2","Noxious Fumes+1","Blur","DollysMirror","MerchantsRug","Poison Potion","OrangePellets","Prayer Wheel","Sundial","Cloak And Dagger","Infinite Blades+1","Bronze Scales","Happy Flower","ClockworkSouvenir","Unceasing Top","Ancient Tea Set","Cloak And Dagger+1","Energy Potion","Bag of Marbles","Pen Nib","HandDrill","FairyPotion","Anchor","Frozen Eye","Bottled Tornado","Footwork+1","Sadistic Nature+1"],"campfire_rested":3,"item_purchase_floors":[0,0,0,0,0,2,2,2,2,2,2,2,5,5,5,5,5,20,20,20,30,30,30,30,37,37,37,37,53,53,53,53,53],"current_hp_per_floor":[66,66,66,66,73,73,66,66,66,66,62,62,58,58,58,33,63,48,48,63,63,63,63,63,59,59,59,35,6,21,21,42,42,65,65,65,73,61,61,59,59,59,59,59,59,42,62,62,62,37,61,69,69,69,8],"gold":1293,"neow_bonus":"","is_daily":false,"chose_seed":false,"campfire_upgraded":6,"win_rate":0.0,"timestamp":1612644083,"path_taken":["M","?","?","M","$","R","E","R","T","M","E","M","E","M","R","BOSS","M","M","$","?","?","E","R","?","T","M","?","E","$","M","R","BOSS","M","?","$","M","?","E","R","E","T","E","R","M","R","E","R","BOSS","R","$","E","BOSS"],"items_purchased_type":["Relic","Relic","Card","Card","Relic","Relic","Relic","Card","Card","Relic","Relic","Potion","Relic","Relic","Relic","Card","Card","Relic","Relic","Relic","Relic","Relic","Card","Potion","Relic","Relic","Relic","Potion","Relic","Relic","Relic","Card","Card"],"build_version":"2020-12-22","purchased_purges":5,"victory":true,"max_hp_per_floor":[73,73,73,73,73,73,73,73,73,73,73,73,73,73,73,73,73,73,73,73,73,73,73,73,73,73,73,73,73,73,73,73,73,73,73,73,73,73,69,69,69,69,69,69,69,69,69,69,69,69,69,69,69,69,69],"card_choices":[{"not_picked":["Dodge and Roll","Dagger Spray"],"picked":"Blade Dance","floor":1},{"not_picked":["Backstab","Setup"],"picked":"Infinite Blades+1","floor":4},{"not_picked":["Slice","Quick Slash","Underhanded Strike"],"picked":"SKIP","floor":7},{"not_picked":["Endless Agony","Deadly Poison+1"],"picked":"Terror+1","floor":10},{"not_picked":["Quick Slash","Tools of the Trade+1"],"picked":"Dodge and Roll+1","floor":10},{"not_picked":["Footwork+1","Die Die Die"],"picked":"PiercingWail+1","floor":11},{"not_picked":["Acrobatics+1","Masterful Stab"],"picked":"Catalyst+1","floor":12},{"not_picked":["Eviscerate","Poisoned Stab"],"picked":"Deadly Poison+1","floor":12},{"not_picked":["All Out Attack","Backstab"],"picked":"Terror+1","floor":13},{"not_picked":["PiercingWail+1","Sucker Punch"],"picked":"Dodge and Roll+1","floor":14},{"not_picked":["Acrobatics+1","Underhanded Strike","Dagger Spray"],"picked":"SKIP","floor":14},{"not_picked":["Tools of the Trade+1","Unload"],"picked":"Venomology+1","floor":16},{"not_picked":["Blur+1","Sucker Punch"],"picked":"Caltrops+1","floor":18},{"not_picked":["Dodge and Roll+1","Dagger Throw","Bane"],"picked":"SKIP","floor":18},{"not_picked":["Underhanded Strike","Blade Dance+1"],"picked":"Deflect+1","floor":19},{"not_picked":["Prepared+1","Backstab","Quick Slash"],"picked":"SKIP","floor":19},{"not_picked":["Masterful Stab+1","Dagger Throw+1"],"picked":"Deflect+1","floor":23},{"not_picked":["Cloak And Dagger+1","Tools of the Trade+1"],"picked":"Blur+1","floor":27},{"not_picked":["Endless Agony+1","Flying Knee+1"],"picked":"Blade Dance+1","floor":27},{"not_picked":["Blur+1","Flying Knee+1"],"picked":"Deadly Poison+1","floor":28},{"not_picked":["Cloak And Dagger+1","Reflex+1"],"picked":"Crippling Poison+1","floor":28},{"not_picked":["Deadly Poison+1","Outmaneuver+1"],"picked":"Accuracy+1","floor":29},{"not_picked":["Tactician+1","Quick Slash+1"],"picked":"Outmaneuver+1","floor":31},{"not_picked":["Blade Dance+1","Deflect+1","Dodge and Roll+1"],"picked":"SKIP","floor":31},{"not_picked":["Wraith Form v2+1","Grand Finale+1"],"picked":"Phantasmal Killer+1","floor":33},{"not_picked":["Dagger Throw+1","Backflip+1","Dodge and Roll+1"],"picked":"SKIP","floor":35},{"not_picked":["Setup+1","Underhanded Strike+1","Deflect+1"],"picked":"SKIP","floor":35},{"not_picked":["Predator+1","Eviscerate+1","Bane+1"],"picked":"SKIP","floor":38},{"not_picked":["Dodge and Roll+1","Quick Slash+1","Bane+1"],"picked":"SKIP","floor":38},{"not_picked":["Cloak And Dagger+1","Expertise+1"],"picked":"Distraction+1","floor":40},{"not_picked":["Venomology+1","Caltrops+1","Dagger Throw+1"],"picked":"SKIP","floor":42},{"not_picked":["Slice+1","Quick Slash+1","Masterful Stab+1"],"picked":"SKIP","floor":44},{"not_picked":["Reflex+1","Bane+1"],"picked":"Corpse Explosion+1","floor":46},{"not_picked":["Crippling Poison+1","Flying Knee+1","Flechettes+1"],"picked":"SKIP","floor":46},{"not_picked":["Expertise+1","Prepared+1","Bane+1"],"picked":"SKIP","floor":48},{"not_picked":["Dodge and Roll+1","Wraith Form v2+1"],"picked":"Blade Dance+1","floor":54}],"player_experience":526793,"relics_obtained":[{"floor":7,"key":"Toxic Egg 2"},{"floor":11,"key":"Kunai"},{"floor":13,"key":"Lantern"},{"floor":23,"key":"Molten Egg 2"},{"floor":26,"key":"Whetstone"},{"floor":29,"key":"Snake Skull"},{"floor":40,"key":"Smiling Mask"},{"floor":42,"key":"Letter Opener"},{"floor":43,"key":"PreservedInsect"},{"floor":44,"key":"Boot"},{"floor":48,"key":"Bottled Flame"},{"floor":54,"key":"Bag of Preparation"}],"event_choices":[{"damage_healed":0,"gold_gain":0,"player_choice":"Grow","damage_taken":0,"max_hp_gain":0,"max_hp_loss":0,"event_name":"Living Wall","floor":3,"gold_loss":0,"cards_upgraded":["Neutralize"]},{"damage_healed":0,"gold_gain":0,"player_choice":"Simplicity","damage_taken":0,"max_hp_gain":0,"max_hp_loss":0,"event_name":"Back to Basics","floor":21,"gold_loss":0,"cards_upgraded":["Strike_G","Defend_G","Defend_G","Defend_G","Defend_G"]},{"damage_healed":0,"gold_gain":0,"player_choice":"Inject Mutagens","damage_taken":0,"relics_obtained":["MutagenicStrength"],"max_hp_gain":0,"max_hp_loss":0,"event_name":"Drug Dealer","floor":22,"gold_loss":0},{"damage_healed":0,"gold_gain":0,"player_choice":"Bought 0 Potions","damage_taken":0,"max_hp_gain":0,"max_hp_loss":0,"event_name":"The Woman in Blue","floor":25,"gold_loss":0},{"cards_removed":["Blade Dance"],"damage_healed":0,"gold_gain":0,"player_choice":"Removed Skill","damage_taken":0,"max_hp_gain":0,"max_hp_loss":0,"event_name":"Falling","floor":36,"gold_loss":0},{"damage_healed":0,"gold_gain":0,"player_choice":"Max HP","damage_taken":0,"max_hp_gain":0,"max_hp_loss":4,"event_name":"Winding Halls","floor":39,"gold_loss":0}],"is_beta":false,"boss_relics":[{"not_picked":["Snecko Eye","SacredBark"],"picked":"Ectoplasm"},{"not_picked":["Runic Dome","Astrolabe"],"picked":"Runic Pyramid"}],"items_purged_floors":[2,5,20,30,37],"is_endless":false,"potions_floor_spawned":[1,4,7,10,11,12,13,14,16,18,19,23,27,28,29,31,33,35,38,40,42,44,46,48,54],"ascension_level":16}}