{"host":"640uue19m79c7wbt","time":1612576672,"event":{"mods":["BaseMod","Colored Map","Googly Eyes","Highlight Path","Minty Spire (QoL Compilation)","Quick Restart","StSLib"],"gold_per_floor":[115,115,40,40,60,95,95,127,127,147,162,62,77,91,91,91,91],"floor_reached":16,"language":"ENG","playtime":461,"items_purged":["Strike_G"],"score":260,"play_id":"9006a744-57ca-4778-a179-1ccd3dffd01a","local_time":"20210205205752","is_ascension_mode":true,"campfire_choices":[{"data":"Leg Sweep","floor":7.0,"key":"SMITH"},{"data":"Eviscerate","floor":15.0,"key":"SMITH"}],"circlet_count":0,"master_deck":["AscendersBane","Strike_G","Strike_G","Strike_G","Defend_G","Defend_G","Defend_G","Defend_G","Defend_G","Survivor","Neutralize+1","Dagger Throw+1","Bane","Leg Sweep+1","Underhanded Strike","Dagger Spray","Blade Dance","Eviscerate+1","Cloak And Dagger"],"relics":["Ring of the Snake","NeowsBlessing","Paper Crane","Regal Pillow","Meat on the Bone"],"acts_visited":["Exordium"],"potions_floor_usage":[],"damage_taken":[{"damage":0.0,"enemies":"Cultist","floor":1.0,"turns":1.0},{"damage":0.0,"enemies":"Jaw Worm","floor":5.0,"turns":1.0},{"damage":0.0,"enemies":"3 Sentries","floor":6.0,"turns":1.0},{"damage":40.0,"enemies":"Lagavulin","floor":8.0,"turns":9.0},{"damage":0.0,"enemies":"2 Louse","floor":10.0,"turns":3.0},{"damage":19.0,"enemies":"Exordium Thugs","floor":11.0,"turns":6.0},{"damage":3.0,"enemies":"Looter","floor":13.0,"turns":3.0},{"damage":0.0,"enemies":"2 Fungi Beasts","floor":14.0,"turns":1.0},{"damage":41,"enemies":"Slime Boss","floor":16,"turns":10}],"seed_played":"-2178884962055759629","potions_obtained":[{"floor":1.0,"key":"LiquidBronze"},{"floor":10.0,"key":"LiquidMemories"}],"is_trial":false,"path_per_floor":["M","?","?","?","M","E","R","E","T","M","M","$","M","M","R","B"],"character_chosen":"THE_SILENT","items_purchased":["Blade Dance"],"campfire_rested":0,"item_purchase_floors":[12],"current_hp_per_floor":[59,59,59,59,59,59,59,19,19,31,24,24,33,45,45,4,4],"gold":91,"neow_bonus":"THREE_ENEMY_KILL","is_daily":false,"chose_seed":false,"campfire_upgraded":2,"win_rate":0.0,"timestamp":1612576672,"path_taken":["M","?","?","?","?","E","R","E","T","M","M","?","M","M","R","BOSS"],"items_purchased_type":["Card"],"build_version":"2020-12-22","purchased_purges":1,"victory":false,"max_hp_per_floor":[66,66,66,66,66,66,66,66,66,66,66,66,66,66,66,66,66],"card_choices":[{"not_picked":["Riddle With Holes","Deflect"],"picked":"Dagger Throw","floor":1.0},{"not_picked":["Prepared","Flying Knee"],"picked":"Bane","floor":5.0},{"not_picked":["Concentrate","PiercingWail"],"picked":"Leg Sweep","floor":6.0},{"not_picked":["Dodge and Roll","Expertise","Flechettes"],"picked":"SKIP","floor":8.0},{"not_picked":["Backflip","Riddle With Holes"],"picked":"Underhanded Strike","floor":10.0},{"not_picked":["Infinite Blades","Dodge and Roll"],"picked":"Dagger Spray","floor":11.0},{"not_picked":["Slice","Flechettes"],"picked":"Eviscerate","floor":13.0},{"not_picked":["Dagger Throw","All Out Attack"],"picked":"Cloak And Dagger","floor":14.0}],"player_experience":660764,"relics_obtained":[{"floor":6.0,"key":"Paper Crane"},{"floor":8.0,"key":"Regal Pillow"},{"floor":9.0,"key":"Meat on the Bone"}],"event_choices":[{"damage_healed":0.0,"max_hp_gain":0.0,"max_hp_loss":0.0,"gold_gain":0.0,"event_name":"Living Wall","player_choice":"Grow","floor":2.0,"gold_loss":0.0,"damage_taken":0.0,"cards_upgraded":["Dagger Throw"]},{"cards_removed":["Strike_G"],"damage_healed":0.0,"max_hp_gain":0.0,"max_hp_loss":0.0,"gold_gain":0.0,"event_name":"The Cleric","player_choice":"Card Removal","floor":3.0,"gold_loss":75.0,"damage_taken":0.0},{"damage_healed":0.0,"max_hp_gain":0.0,"max_hp_loss":0.0,"gold_gain":0.0,"event_name":"Upgrade Shrine","player_choice":"Upgraded","floor":4.0,"gold_loss":0.0,"damage_taken":0.0,"cards_upgraded":["Neutralize"]}],"is_beta":false,"boss_relics":[],"items_purged_floors":[12],"is_endless":false,"potions_floor_spawned":[1,10],"killed_by":"Slime Boss","ascension_level":18}}