{"host":"766wsm9lakadcpgc","time":1612647310,"event":{"mods":["Alarm Clock","BaseMod","Bestiary","Block Reminder","Colored Map","Colored Powertips","Current Relic Mod","Curses Come First","Dark Map","Filter the Spire","Minty Spire (QoL Compilation)","Quick Restart","RNG Fix","Relic Stats","Slay the Relics Exporter","Smile Girya","StSLib","everything is the same but u backflip on backflip","ojb\u0027s Better Paths Mod","ojb\u0027s Info Mod","slay the spire mod where everything is the same but ironclad has a cowboy hat"],"gold_per_floor":[110,110,110,121,396,396,410,410,479,43,53,71,71,89,89,187,187,200,219,1,1,1,1,28,28,28,358,358,408,425,441,441,539,539,550,550,568,4,14,49,49,49,49,79,24,38,56,74,74,74],"floor_reached":51,"language":"ENG","playtime":2305,"items_purged":["Bane"],"score":862,"play_id":"f63ddf2e-9efe-4122-876b-9563923cb799","local_time":"20210206163510","daily_mods":["Draft"],"is_ascension_mode":false,"campfire_choices":[{"data":"Poisoned Stab","floor":6.0,"key":"SMITH"},{"data":"Bouncing Flask","floor":15.0,"key":"SMITH"},{"data":"Burst","floor":23.0,"key":"SMITH"},{"data":"Catalyst","floor":25.0,"key":"SMITH"},{"data":"Calculated Gamble","floor":32.0,"key":"SMITH"},{"data":"Tools of the Trade","floor":41,"key":"SMITH"},{"data":"Catalyst","floor":49,"key":"SMITH"}],"circlet_count":0,"master_deck":["Backflip","Blade Dance","Dagger Throw","Blade Dance","Sucker Punch","Choke","Reflex","Acrobatics","Blade Dance","Underhanded Strike","Predator","Sucker Punch","Flechettes","Outmaneuver","Poisoned Stab+1","Reflex","Burst+1","Backflip","Flechettes","Wraith Form v2+1","Slice","Bouncing Flask+1","Adrenaline+1","Catalyst+1","Prepared+1","Poisoned Stab+1","Outmaneuver+1","Calculated Gamble+1","Tools of the Trade+1","PiercingWail","Footwork","Acrobatics","Blade Dance+1","Adrenaline","Catalyst+1","Masterful Stab+1","Escape Plan+1","Accuracy","Grand Finale+1","Tactician+1"],"relics":["Ring of the Snake","InkBottle","Art of War","Cursed Key","Orrery","Vajra","Old Coin","WristBlade","Bottled Tornado","Lee\u0027s Waffle","Ninja Scroll","Molten Egg 2","Gremlin Horn"],"acts_visited":["TheCity","TheBeyond"],"potions_floor_usage":[40,40,44,50,50],"damage_taken":[{"damage":3.0,"enemies":"Jaw Worm","floor":1.0,"turns":2.0},{"damage":0.0,"enemies":"2 Louse","floor":4.0,"turns":2.0},{"damage":4.0,"enemies":"Cultist","floor":7.0,"turns":2.0},{"damage":0.0,"enemies":"3 Louse","floor":11.0,"turns":3.0},{"damage":4.0,"enemies":"Gremlin Gang","floor":12.0,"turns":4.0},{"damage":12.0,"enemies":"Large Slime","floor":14.0,"turns":3.0},{"damage":24.0,"enemies":"The Guardian","floor":16.0,"turns":7.0},{"damage":3.0,"enemies":"2 Thieves","floor":18.0,"turns":3.0},{"damage":5.0,"enemies":"Chosen","floor":19.0,"turns":3.0},{"damage":4.0,"enemies":"Slavers","floor":24.0,"turns":2.0},{"damage":13.0,"enemies":"Book of Stabbing","floor":27.0,"turns":3.0},{"damage":4.0,"enemies":"3 Cultists","floor":30.0,"turns":4.0},{"damage":12.0,"enemies":"Centurion and Healer","floor":31.0,"turns":3.0},{"damage":22.0,"enemies":"Automaton","floor":33.0,"turns":7.0},{"damage":13.0,"enemies":"3 Darklings","floor":35.0,"turns":4.0},{"damage":0.0,"enemies":"Orb Walker","floor":37.0,"turns":2.0},{"damage":2.0,"enemies":"Sphere and 2 Shapes","floor":39.0,"turns":4.0},{"damage":11,"enemies":"Reptomancer","floor":40,"turns":3},{"damage":6,"enemies":"Giant Head","floor":44,"turns":4},{"damage":15,"enemies":"Maw","floor":46,"turns":3},{"damage":1,"enemies":"Transient","floor":47,"turns":5},{"damage":0,"enemies":"Jaw Worm Horde","floor":48,"turns":1},{"damage":50,"enemies":"Donu and Deca","floor":50,"turns":6}],"seed_played":"-6688722784337522409","potions_obtained":[{"floor":7.0,"key":"Strength Potion"},{"floor":11.0,"key":"CunningPotion"},{"floor":14.0,"key":"PowerPotion"},{"floor":16.0,"key":"PowerPotion"},{"floor":19.0,"key":"CunningPotion"},{"floor":24.0,"key":"Poison Potion"},{"floor":33.0,"key":"EssenceOfSteel"},{"floor":39.0,"key":"Weak Potion"},{"floor":44,"key":"Fire Potion"},{"floor":47,"key":"Strength Potion"}],"is_trial":true,"path_per_floor":["M","$","?","M","?","R","M","?","T","$","M","M","?","M","R","B",null,"M","M","$","?","?","R","E","R","T","E","?","?","M","M","R","B",null,"M","?","M","$","M","E","R","?","T","E","?","M","M","M","R","B",null],"character_chosen":"THE_SILENT","items_purchased":["Burst","Backflip","Art of War","PowerPotion","Flechettes","Orrery","Calculated Gamble","Bottled Tornado","Lee\u0027s Waffle","CunningPotion"],"campfire_rested":0,"item_purchase_floors":[10,10,10,10,10,20,20,38,38,38],"current_hp_per_floor":[67,67,72,72,72,72,68,68,68,68,68,64,64,52,52,28,75,72,67,67,67,67,67,63,63,63,50,50,50,46,34,34,12,75,62,62,62,82,80,69,69,74,74,68,68,53,52,52,52,2],"gold":74,"neow_bonus":"","is_daily":false,"chose_seed":false,"campfire_upgraded":7,"win_rate":0.0,"timestamp":1612647310,"path_taken":["M","$","?","M","?","R","M","?","T","$","M","M","?","M","R","BOSS","M","M","$","?","?","R","E","R","T","E","?","?","M","M","R","BOSS","M","?","M","$","M","E","R","?","T","E","?","M","M","M","R","BOSS"],"items_purchased_type":["Card","Card","Relic","Potion","Card","Relic","Card","Relic","Relic","Potion"],"build_version":"2020-12-22","purchased_purges":1,"victory":true,"max_hp_per_floor":[70,70,75,75,75,75,75,75,75,75,75,75,75,75,75,75,75,75,75,75,75,75,75,75,75,75,75,75,75,75,75,75,75,75,75,75,75,82,82,82,82,82,82,82,82,82,82,82,82,82],"relic_stats":{"Lee\u0027s Waffle":20,"Gremlin Horn":[3,3],"counters":[22,78],"Art of War":[4],"Cursed Key":0,"obtain_stats":[{"Lee\u0027s Waffle":38,"Gremlin Horn":45,"Vajra":24,"Bottled Tornado":38,"Cursed Key":17,"Old Coin":27,"WristBlade":34,"Ninja Scroll":40,"Orrery":20,"Molten Egg 2":44,"Art of War":10,"InkBottle":9,"Ring of the Snake":0},{"Lee\u0027s Waffle":15,"Gremlin Horn":18,"Vajra":9,"Bottled Tornado":15,"Cursed Key":6,"Old Coin":10,"WristBlade":13,"Ninja Scroll":17,"Orrery":8,"Molten Egg 2":18,"Art of War":2,"InkBottle":2,"Ring of the Snake":0},{"Lee\u0027s Waffle":52,"Gremlin Horn":63,"Vajra":29,"Bottled Tornado":52,"Cursed Key":21,"Old Coin":32,"WristBlade":46,"Ninja Scroll":59,"Orrery":27,"Molten Egg 2":63,"Art of War":4,"InkBottle":4,"Ring of the Snake":0}],"InkBottle":[63],"Ring of the Snake":[44]},"card_choices":[{"not_picked":["Catalyst","Footwork"],"picked":"Backflip","floor":0.0},{"not_picked":["Bane","Prepared"],"picked":"Blade Dance","floor":0.0},{"not_picked":["Poisoned Stab","Slice"],"picked":"Dagger Throw","floor":0.0},{"not_picked":["Flying Knee","Underhanded Strike"],"picked":"Outmaneuver","floor":0.0},{"not_picked":["Reflex","Underhanded Strike"],"picked":"Blade Dance","floor":0.0},{"not_picked":["Heel Hook","Crippling Poison"],"picked":"Sucker Punch","floor":0.0},{"not_picked":["Dash","Finisher"],"picked":"Choke","floor":0.0},{"not_picked":["Catalyst","Calculated Gamble"],"picked":"Reflex","floor":0.0},{"not_picked":["Dagger Spray","Cloak And Dagger"],"picked":"Acrobatics","floor":0.0},{"not_picked":["Bouncing Flask","Dagger Spray"],"picked":"Blade Dance","floor":0.0},{"not_picked":["Setup","Well Laid Plans"],"picked":"Underhanded Strike","floor":0.0},{"not_picked":["Deadly Poison","Prepared"],"picked":"Bane","floor":0.0},{"not_picked":["PiercingWail","Expertise"],"picked":"Predator","floor":0.0},{"not_picked":["Poisoned Stab","Bane"],"picked":"Sucker Punch","floor":0.0},{"not_picked":["Concentrate","Outmaneuver"],"picked":"Flechettes","floor":0.0},{"not_picked":["Acrobatics","Dagger Throw"],"picked":"Outmaneuver","floor":1.0},{"not_picked":["Outmaneuver","Dodge and Roll"],"picked":"Poisoned Stab","floor":4.0},{"not_picked":["PiercingWail","Outmaneuver"],"picked":"Reflex","floor":7.0},{"not_picked":["Underhanded Strike","Concentrate"],"picked":"Wraith Form v2","floor":11.0},{"not_picked":["Sucker Punch","Blur"],"picked":"Slice","floor":12.0},{"not_picked":["Deflect","PiercingWail"],"picked":"Bouncing Flask","floor":14.0},{"not_picked":["Malaise","Phantasmal Killer"],"picked":"Adrenaline","floor":16.0},{"not_picked":["PiercingWail","Flying Knee+1"],"picked":"Catalyst","floor":18.0},{"not_picked":["Infinite Blades+1","Bane","Setup+1"],"picked":"SKIP","floor":19.0},{"not_picked":["Glass Knife","Dagger Spray"],"picked":"Prepared+1","floor":20.0},{"not_picked":["Glass Knife","Deflect"],"picked":"Poisoned Stab+1","floor":20.0},{"not_picked":["Bane","Masterful Stab+1"],"picked":"Outmaneuver+1","floor":20.0},{"not_picked":["Catalyst","Reflex"],"picked":"Tools of the Trade","floor":24.0},{"not_picked":["Flying Knee","Outmaneuver"],"picked":"PiercingWail","floor":27.0},{"not_picked":["Deadly Poison","Sucker Punch"],"picked":"Acrobatics","floor":30.0},{"not_picked":["Dodge and Roll","Tools of the Trade"],"picked":"Blade Dance+1","floor":31.0},{"not_picked":["Grand Finale","Glass Knife"],"picked":"Adrenaline","floor":33.0},{"not_picked":["Heel Hook+1","Dagger Spray","Outmaneuver+1"],"picked":"SKIP","floor":35.0},{"not_picked":["Dodge and Roll+1","Outmaneuver"],"picked":"Catalyst","floor":37.0},{"not_picked":["Masterful Stab+1","Outmaneuver","Slice+1"],"picked":"SKIP","floor":39.0},{"not_picked":["Outmaneuver","Slice+1"],"picked":"Masterful Stab+1","floor":39.0},{"not_picked":["Prepared","Choke"],"picked":"Escape Plan+1","floor":40},{"not_picked":["All Out Attack+1","Backstab+1"],"picked":"Accuracy","floor":44},{"not_picked":["Grand Finale+1","Flying Knee+1","Dagger Spray+1"],"picked":"SKIP","floor":46},{"not_picked":["Flying Knee+1","Dagger Spray+1"],"picked":"Grand Finale+1","floor":46},{"not_picked":["Prepared","Cloak And Dagger+1"],"picked":"Tactician+1","floor":47},{"not_picked":["Backflip","Acrobatics+1","All Out Attack+1"],"picked":"SKIP","floor":48}],"player_experience":414758,"relics_obtained":[{"floor":9.0,"key":"InkBottle"},{"floor":24.0,"key":"Vajra"},{"floor":27.0,"key":"Old Coin"},{"floor":40,"key":"Ninja Scroll"},{"floor":44,"key":"Molten Egg 2"}],"event_choices":[{"damage_healed":0.0,"max_hp_gain":5.0,"max_hp_loss":0.0,"gold_gain":0.0,"event_name":"Big Fish","player_choice":"Donut","floor":3.0,"gold_loss":0.0,"damage_taken":0.0},{"damage_healed":0.0,"max_hp_gain":0.0,"max_hp_loss":0.0,"gold_gain":275.0,"event_name":"Golden Shrine","player_choice":"Desecrate","floor":5.0,"gold_loss":0.0,"damage_taken":0.0,"cards_obtained":["Regret"]},{"cards_removed":["Regret"],"damage_healed":0.0,"max_hp_gain":0.0,"max_hp_loss":0.0,"gold_gain":0.0,"event_name":"Living Wall","player_choice":"Forget","floor":8.0,"gold_loss":0.0,"damage_taken":0.0},{"damage_healed":0.0,"max_hp_gain":0.0,"max_hp_loss":0.0,"gold_gain":0.0,"event_name":"Liars Game","player_choice":"Ignored","floor":13.0,"gold_loss":0.0,"damage_taken":0.0},{"damage_healed":0.0,"max_hp_gain":0.0,"max_hp_loss":0.0,"gold_gain":0.0,"event_name":"Accursed Blacksmith","player_choice":"Forge","floor":21.0,"gold_loss":0.0,"damage_taken":0.0,"cards_upgraded":["Wraith Form v2"]},{"damage_healed":0.0,"max_hp_gain":0.0,"max_hp_loss":0.0,"gold_gain":0.0,"event_name":"Lab","player_choice":"Got Potions","floor":22.0,"gold_loss":0.0,"damage_taken":0.0},{"damage_healed":0.0,"max_hp_gain":0.0,"max_hp_loss":0.0,"gold_gain":0.0,"event_name":"The Library","player_choice":"Read","floor":28.0,"gold_loss":0.0,"damage_taken":0.0,"cards_obtained":["Footwork"]},{"damage_healed":0.0,"max_hp_gain":0.0,"max_hp_loss":0.0,"gold_gain":100.0,"event_name":"The Joust","player_choice":"Bet on Murderer","floor":29.0,"gold_loss":50.0,"damage_taken":0.0},{"damage_healed":0.0,"max_hp_gain":0.0,"max_hp_loss":0.0,"gold_gain":0.0,"event_name":"Upgrade Shrine","player_choice":"Upgraded","floor":36.0,"gold_loss":0.0,"damage_taken":0.0,"cards_upgraded":["Adrenaline"]},{"cards_removed":["Outmaneuver"],"damage_healed":5,"gold_gain":0,"player_choice":"Offered Common","damage_taken":0,"max_hp_gain":0,"max_hp_loss":0,"event_name":"Bonfire Elementals","floor":42,"gold_loss":0},{"cards_removed":["Outmaneuver"],"damage_healed":5,"gold_gain":0,"player_choice":"Offered Special","damage_taken":0,"max_hp_gain":0,"max_hp_loss":0,"event_name":"Bonfire Elementals","floor":42,"gold_loss":0},{"damage_healed":0,"gold_gain":0,"player_choice":"Paid Gold","damage_taken":0,"relics_obtained":["Gremlin Horn"],"max_hp_gain":0,"max_hp_loss":0,"event_name":"WeMeetAgain","floor":45,"gold_loss":55}],"is_beta":false,"boss_relics":[{"not_picked":["Snecko Eye","SlaversCollar"],"picked":"Cursed Key"},{"not_picked":["Sozu","SacredBark"],"picked":"WristBlade"}],"items_purged_floors":[38],"is_endless":false,"potions_floor_spawned":[7,11,14,16,19,24,33,39,44,47],"ascension_level":0}}