{"host":"hrn9sk6g3e0vcjdq","time":1612646909,"event":{"mods":["AchievementEnabler","BaseMod","BetterRewards","Colored Map","Colored Powertips","Hubris","Minty Spire (QoL Compilation)","Quick Restart","StSLib"],"gold_per_floor":[119,138,138,157,170,170,201,201,201,234,253,269,14,14,14,117,117,132,132,132,144,155,184,199,199,254,254,254,2,2,2,2,97,97,114,161,179,189,189,189,239,74,101,101,101],"floor_reached":44,"language":"ENG","playtime":2249,"items_purged":["LessonLearned","Strike_P","Strike_P"],"score":674,"play_id":"3cd216ab-0e5c-4023-ad76-0a58a254734b","local_time":"20210206212829","is_ascension_mode":true,"campfire_choices":[{"data":"SashWhip","floor":6.0,"key":"SMITH"},{"data":"BattleHymn","floor":8.0,"key":"SMITH"},{"data":"Vigilance","floor":15.0,"key":"SMITH"},{"floor":27.0,"key":"REST"},{"data":"Weave","floor":30.0,"key":"SMITH"},{"data":"Eruption","floor":32.0,"key":"SMITH"},{"floor":40,"key":"REST"}],"circlet_count":0,"master_deck":["LessonLearned+1","Strike_P+1","Strike_P+1","Defend_P+1","Defend_P","Defend_P+1","Defend_P+1","Eruption+1","Vigilance+1","SashWhip+1","Dramatic Entrance+1","Wireheading","FlurryOfBlows","FlyingSleeves+1","Nirvana+1","BattleHymn+1","ThirdEye","Ragnarok+1","FlurryOfBlows+1","Establishment+1","Halt+1","Weave+1","WaveOfTheHand","Protect+1","Wallop"],"relics":["PureWater","CaptainsWheel","hubris:SphereOfDissonance","Vajra","hubris:ScarierMask","Enchiridion","Boot","Pen Nib","Eternal Feather","hubris:Backtick","hubris:GlazedTorus","Peace Pipe","hubris:Icosahedron","Ice Cream","hubris:TenFootPole"],"acts_visited":["Exordium","TheCity","TheBeyond"],"potions_floor_usage":[36,44,44,44],"damage_taken":[{"damage":0.0,"enemies":"Small Slimes","floor":1.0,"turns":3.0},{"damage":0.0,"enemies":"Cultist","floor":2.0,"turns":4.0},{"damage":0.0,"enemies":"2 Louse","floor":4.0,"turns":1.0},{"damage":0.0,"enemies":"Large Slime","floor":5.0,"turns":3.0},{"damage":9.0,"enemies":"Lagavulin","floor":7.0,"turns":7.0},{"damage":6.0,"enemies":"3 Sentries","floor":10.0,"turns":5.0},{"damage":0.0,"enemies":"Gremlin Gang","floor":11.0,"turns":1.0},{"damage":0.0,"enemies":"Looter","floor":12.0,"turns":2.0},{"damage":24.0,"enemies":"Hexaghost","floor":16.0,"turns":5.0},{"damage":0.0,"enemies":"Spheric Guardian","floor":18.0,"turns":5.0},{"damage":0.0,"enemies":"Chosen","floor":21.0,"turns":4.0},{"damage":0.0,"enemies":"3 Cultists","floor":22.0,"turns":3.0},{"damage":27.0,"enemies":"Book of Stabbing","floor":23.0,"turns":6.0},{"damage":0.0,"enemies":"Cultist and Chosen","floor":24.0,"turns":2.0},{"damage":63.0,"enemies":"Collector","floor":33.0,"turns":8.0},{"damage":13,"enemies":"3 Darklings","floor":35,"turns":3},{"damage":7,"enemies":"2 Orb Walkers","floor":36,"turns":4},{"damage":12,"enemies":"3 Shapes","floor":37,"turns":6},{"damage":7,"enemies":"3 Darklings","floor":38,"turns":5},{"damage":0,"enemies":"Mind Bloom Boss Battle","floor":41,"turns":8},{"damage":95,"enemies":"Giant Head","floor":44,"turns":9}],"seed_played":"4820645759245805083","potions_obtained":[{"floor":1.0,"key":"Energy Potion"},{"floor":4.0,"key":"SneckoOil"},{"floor":10.0,"key":"SpeedPotion"},{"floor":11.0,"key":"BlessingOfTheForge"},{"floor":12.0,"key":"DuplicationPotion"},{"floor":18.0,"key":"BottledMiracle"},{"floor":22.0,"key":"BlessingOfTheForge"},{"floor":37,"key":"BottledMiracle"},{"floor":41,"key":"Block Potion"}],"is_trial":false,"path_per_floor":["M","M","?","M","M","R","E","R","T","E","M","M","$","$","R","B",null,"M","?","?","M","M","E","M","?","T","R","?","$","R","$","R","B",null,"M","?","M","M","?","R","?","$","T","E"],"character_chosen":"WATCHER","items_purchased":["SashWhip","Consecrate","Dramatic Entrance","Vajra","Eternal Feather","Wallop"],"campfire_rested":2,"item_purchase_floors":[0,0,0,13,29,42],"current_hp_per_floor":[72,72,72,72,72,72,63,63,63,57,57,57,57,57,57,33,72,72,56,61,61,61,34,34,34,34,55,55,55,67,67,72,9,72,59,52,40,33,33,69,69,69,69,0,0],"gold":101,"neow_bonus":"","is_daily":false,"chose_seed":false,"campfire_upgraded":5,"win_rate":0.0,"timestamp":1612646909,"path_taken":["M","M","?","M","M","R","E","R","T","E","M","M","?","$","R","BOSS","M","?","?","M","M","E","?","?","T","R","?","$","R","?","R","BOSS","M","?","M","M","?","R","?","$","T","E"],"items_purchased_type":["Card","Card","Card","Relic","Relic","Card"],"build_version":"2020-12-22","purchased_purges":3,"victory":false,"max_hp_per_floor":[72,72,72,72,72,72,72,72,72,72,72,72,72,72,72,72,72,72,72,72,72,72,72,72,72,72,72,72,72,72,72,72,72,72,72,72,72,72,72,72,72,72,72,72,72],"card_choices":[{"not_picked":["Evaluate","BowlingBash"],"picked":"Wireheading","floor":1.0},{"not_picked":["Meditate","Halt"],"picked":"FlurryOfBlows","floor":2.0},{"not_picked":["ForeignInfluence","JustLucky"],"picked":"FlyingSleeves","floor":4.0},{"not_picked":["EmptyMind","Wireheading"],"picked":"Nirvana","floor":5.0},{"not_picked":["Prostrate","Indignation"],"picked":"BattleHymn","floor":7.0},{"not_picked":["Devotion","MentalFortress","Crescendo"],"picked":"SKIP","floor":10.0},{"not_picked":["EmptyFist","BowlingBash"],"picked":"ThirdEye","floor":11.0},{"not_picked":["Evaluate","EmptyBody","Protect"],"picked":"SKIP","floor":12.0},{"not_picked":["DeusExMachina","LessonLearned"],"picked":"Ragnarok","floor":16.0},{"not_picked":["EmptyBody","Worship"],"picked":"FlurryOfBlows","floor":18.0},{"not_picked":["WheelKick","Vengeance","Prostrate"],"picked":"SKIP","floor":21.0},{"not_picked":["Wireheading","EmptyBody","PathToVictory"],"picked":"SKIP","floor":22.0},{"not_picked":["Halt","Protect"],"picked":"Establishment","floor":23.0},{"not_picked":["CrushJoints","ClearTheMind"],"picked":"Halt+1","floor":24.0},{"not_picked":["EmptyFist","MentalFortress"],"picked":"WaveOfTheHand","floor":35},{"not_picked":["BattleHymn+1","CrushJoints"],"picked":"Protect+1","floor":37},{"not_picked":["Vengeance","FlurryOfBlows+1","FlyingSleeves+1"],"picked":"SKIP","floor":38}],"player_experience":628292,"relics_obtained":[{"floor":7.0,"key":"CaptainsWheel"},{"floor":10.0,"key":"hubris:SphereOfDissonance"},{"floor":19.0,"key":"Enchiridion"},{"floor":23.0,"key":"Boot"},{"floor":26.0,"key":"Pen Nib"},{"floor":36,"key":"Peace Pipe"},{"floor":41,"key":"Ice Cream"},{"floor":43,"key":"hubris:TenFootPole"}],"event_choices":[{"damage_healed":0.0,"max_hp_gain":0.0,"max_hp_loss":0.0,"gold_gain":0.0,"event_name":"Upgrade Shrine","player_choice":"Upgraded","floor":3.0,"gold_loss":0.0,"damage_taken":0.0,"cards_upgraded":["LessonLearned"]},{"damage_healed":0.0,"max_hp_gain":0.0,"max_hp_loss":0.0,"gold_gain":0.0,"event_name":"Cursed Tome","player_choice":"Obtained Book","floor":19.0,"gold_loss":0.0,"damage_taken":16.0},{"cards_removed":["Consecrate"],"damage_healed":5.0,"max_hp_gain":0.0,"max_hp_loss":0.0,"gold_gain":0.0,"event_name":"Bonfire Elementals","player_choice":"Offered Common","floor":20.0,"gold_loss":0.0,"damage_taken":0.0},{"cards_removed":["Consecrate"],"damage_healed":5.0,"max_hp_gain":0.0,"max_hp_loss":0.0,"gold_gain":0.0,"event_name":"Bonfire Elementals","player_choice":"Offered Special","floor":20.0,"gold_loss":0.0,"damage_taken":0.0},{"damage_healed":0.0,"max_hp_gain":0.0,"max_hp_loss":0.0,"gold_gain":0.0,"event_name":"The Library","player_choice":"Read","floor":25.0,"gold_loss":0.0,"damage_taken":0.0,"cards_obtained":["Weave"]},{"damage_healed":0,"gold_gain":0,"player_choice":"Fight","damage_taken":0,"max_hp_gain":0,"max_hp_loss":0,"event_name":"Mysterious Sphere","floor":36,"gold_loss":0},{"damage_healed":0,"gold_gain":0,"player_choice":"Fight","damage_taken":0,"max_hp_gain":0,"max_hp_loss":0,"event_name":"MindBloom","floor":41,"gold_loss":0}],"is_beta":false,"boss_relics":[{"not_picked":["Busted Crown","SacredBark"],"picked":"hubris:ScarierMask"},{"not_picked":["Sozu","Tiny House"],"picked":"hubris:Backtick"}],"items_purged_floors":[0,13,42],"is_endless":false,"potions_floor_spawned":[1,4,10,11,12,18,22,37,38,41],"killed_by":"Giant Head","ascension_level":3}}