{"host":"2i1rjl87isetstuj","time":1612610534,"event":{"mods":["BaseMod","Better Vampires","Challenge The Spire","Downfall","Marked Mod","Minty Spire (QoL Compilation)","Quick Restart","Shop Mod","StSLib","Waifu the Spire","óô»ðÖ¸ÄÏ"],"gold_per_floor":[99,116,130,143,143,169,248,248,248,283,295,738,759,6225,6242,6338,6338,5780,5807,5226,5226,4940,4437,4463,4498,4507,4530,4530,4549,4573,4592,4612,4726,4726,4248,4270,4040,4040,4058,3710,3737,3760,3794,3794,3433,3447,2940,2958,2969,2969,2969,2998,2576,2576,2576,2576],"floor_reached":57,"language":"ZHS","playtime":7047,"items_purged":["Slimebound:Strike_Slimebound","Slimebound:Strike_Slimebound","Slimebound:Defend_Slimebound+1","Slimebound:CorrosiveSpit","Slimebound:SlimeBrawl","Slimebound:LevelUp","Slimebound:Split+1","Slimebound:SlimeBarrage","Slimebound:LeadByExample","Slimebound:LevelUp"],"score":1414,"play_id":"b64b9bf8-4be1-4b77-9851-8379d642971c","local_time":"20210206192214","is_ascension_mode":false,"campfire_choices":[{"data":"Slimebound:Split","floor":1.0,"key":"SMITH"},{"floor":9.0,"key":"RECALL"},{"floor":54.0,"key":"REST"}],"circlet_count":0,"master_deck":["Slimebound:Tackle","Slimebound:LeechingTouch","Slimebound:LivingWall+1","Slimebound:HauntingLick","Slimebound:Chomp","Slimebound:OozeBath","Slimebound:Schlurp","Slimebound:Gluttony","Slimebound:RollThrough","Master of Strategy","Slimebound:Overexert","Apotheosis","expansioncontent:PolyBeam+1","Slimebound:RainOfGoop","Slimebound:Prepare","Slimebound:MassFeed","Slimebound:Gluttony+1","Slimebound:SpikyOuterGoop+1","Slimebound:Nibble+1","Slimebound:SplitAcid","Slimebound:SlimeTap","Slimebound:RejuvenatingLick","Slimebound:AcidTongue","Slimebound:WasteNot","Slimebound:AcidTongue","Slimebound:GoopSpray","Slimebound:SplitLeeching","Slimebound:Repurpose","Slimebound:LeadByExample","Slimebound:RejuvenatingLick","expansioncontent:QuickStudy","expansioncontent:Hexaburn","Slimebound:RejuvenatingLick","Slimebound:GrowthPunch","Slimebound:ComboTackle","Slimebound:Gluttony","Slimebound:FlameTackle","Slimebound:GrowthPunch+1","Slimebound:SamplingLick","Slimebound:RainOfGoop","Slimebound:Gluttony","Slimebound:MegaLick","Slimebound:FinishingTackle","Slimebound:DouseInSlime","Slimebound:Dissolve","Slimebound:SplitMire","Slimebound:WasteNot","Slimebound:GoopSpray+1","expansioncontent:DashGenerateEvil","Slimebound:SlimeSlap","Slimebound:AcidTongue+1","Slimebound:BestDefense"],"relics":["Slimebound:AbsorbEndCombat","Eternal Feather","War Paint","Matryoshka","StoneCalendar","Blue Candle","Meat on the Bone","HandDrill","MerchantsRug","Odd Mushroom","Mango","Bird Faced Urn","Membership Card","Astrolabe","downfall:HeartBlessingRed","downfall:HeartBlessingGreen","CeramicFish","Ornamental Fan","TheAbacus","Dream Catcher","Orrery","Oddly Smooth Stone","Bag of Marbles","Toolbox","PreservedInsect","Nunchaku","Turnip","Slimebound:SelfDamagePreventRelic","Whetstone","Strawberry","Centennial Puzzle","StrikeDummy","Philosopher\u0027s Stone","downfall:HeartBlessingBlue","Shuriken","Toy Ornithopter","ClockworkSouvenir","Sling","Question Card","Pantograph","Juzu Bracelet","Pen Nib","Strange Spoon","Vajra","Orichalcum","Ancient Tea Set","Bronze Scales","Lantern","Happy Flower","Medical Kit","Chemical X","Kunai","Mercury Hourglass","Bag of Preparation","Art of War","Gremlin Horn","Bottled Flame"],"acts_visited":["Exordium","TheCity","TheBeyond","TheEnding"],"potions_floor_usage":[],"damage_taken":[{"damage":8.0,"enemies":"Cultist","floor":2.0,"turns":4.0},{"damage":4.0,"enemies":"2 Louse","floor":3.0,"turns":2.0},{"damage":13.0,"enemies":"Jaw Worm","floor":4.0,"turns":4.0},{"damage":45.0,"enemies":"Gremlin Nob","floor":6.0,"turns":5.0},{"damage":11.0,"enemies":"3 Sentries","floor":10.0,"turns":7.0},{"damage":3.0,"enemies":"Exordium Thugs","floor":11.0,"turns":4.0},{"damage":0.0,"enemies":"downfall:FleeingMerchant","floor":12.0,"turns":4.0},{"damage":22.0,"enemies":"The Mushroom Lair","floor":13.0,"turns":4.0},{"damage":9.0,"enemies":"downfall:FleeingMerchant","floor":14.0,"turns":4.0},{"damage":10.0,"enemies":"Large Slime","floor":15.0,"turns":4.0},{"damage":18.0,"enemies":"WA_ARCHETYPE_RETAIN","floor":16.0,"turns":6.0},{"damage":10.0,"enemies":"Chosen","floor":19.0,"turns":3.0},{"damage":20.0,"enemies":"downfall:FleeingMerchant","floor":20.0,"turns":4.0},{"damage":8.0,"enemies":"downfall:FleeingMerchant","floor":22.0,"turns":4.0},{"damage":0.0,"enemies":"Gremlin Leader","floor":25.0,"turns":4.0},{"damage":22.0,"enemies":"Shelled Parasite and Fungi","floor":27.0,"turns":5.0},{"damage":16.0,"enemies":"Snecko","floor":29.0,"turns":5.0},{"damage":66.0,"enemies":"3 Cultists","floor":30.0,"turns":6.0},{"damage":7.0,"enemies":"Sentry and Sphere","floor":31.0,"turns":5.0},{"damage":0.0,"enemies":"Centurion and Healer","floor":32.0,"turns":2.0},{"damage":49.0,"enemies":"SI_MIRROR_ARCHETYPE","floor":33.0,"turns":7.0},{"damage":36.0,"enemies":"3 Darklings","floor":36.0,"turns":4.0},{"damage":0.0,"enemies":"downfall:FleeingMerchant","floor":37.0,"turns":1.0},{"damage":16.0,"enemies":"Orb Walker","floor":39.0,"turns":2.0},{"damage":7.0,"enemies":"3 Darklings","floor":42.0,"turns":4.0},{"damage":14.0,"enemies":"Nemesis","floor":43.0,"turns":3.0},{"damage":5.0,"enemies":"Jaw Worm Horde","floor":46.0,"turns":2.0},{"damage":38.0,"enemies":"Spire Growth","floor":48.0,"turns":4.0},{"damage":26.0,"enemies":"Writhing Mass","floor":49.0,"turns":3.0},{"damage":90.0,"enemies":"DF_ARCHETYPE_ORBS","floor":50.0,"turns":5.0},{"damage":85.0,"enemies":"downfall:CharBossMerchant","floor":52.0,"turns":6.0},{"damage":13,"enemies":"downfall:NeowBoss","floor":55,"turns":9},{"damage":73,"enemies":"downfall:NeowBossFinal","floor":56,"turns":7}],"seed_played":"8289943949178172789","potions_obtained":[{"floor":3.0,"key":"Regen Potion"},{"floor":6.0,"key":"DistilledChaos"},{"floor":10.0,"key":"Fire Potion"},{"floor":13.0,"key":"DuplicationPotion"},{"floor":21.0,"key":"CultistPotion"},{"floor":52.0,"key":"Swift Potion"}],"is_trial":false,"path_per_floor":["R","M","M","M","T","E","T","?","R","E","M","$","?","$","M","B",null,"R","M","$","?","$","R","T","E","?","M","?","M","M","M","M","B",null,"R","M","$","?","M","R","T","M","E","?","R","M","R","M","M","B",null,"E","$","R","B","B",null],"character_chosen":"SLIMEBOUND","items_purchased":["Blue Candle","Meat on the Bone","HandDrill","Slimebound:Schlurp","Slimebound:Gluttony","Slimebound:RollThrough","Master of Strategy","PowerPotion","Strength Potion","SpeedPotion","MerchantsRug","Apotheosis","expansioncontent:PolyBeam","Slimebound:LeechEnergy","Slimebound:RainOfGoop","Mango","Bird Faced Urn","Membership Card","Slimebound:LevelUp","CeramicFish","Ornamental Fan","TheAbacus","Slimebound:SplitAcid","Slimebound:SlimeTap","Dream Catcher","Orrery","Slimebound:Repurpose","Oddly Smooth Stone","Bag of Marbles","Toolbox","Slimebound:LeadByExample","Slimebound:RejuvenatingLick","expansioncontent:QuickStudy","expansioncontent:Hexaburn","PreservedInsect","Nunchaku","Slimebound:GrowthPunch","Slimebound:ComboTackle","Slimebound:Gluttony","Turnip","Slimebound:SelfDamagePreventRelic","Slimebound:FlameTackle","Slimebound:GrowthPunch","Whetstone","Slimebound:SamplingLick","Slimebound:RainOfGoop","Slimebound:Gluttony","Shuriken","Toy Ornithopter","ClockworkSouvenir","expansioncontent:DashGenerateEvil","Sling","Question Card","Pantograph","Slimebound:SlimeSlap","Juzu Bracelet","Pen Nib","Strange Spoon","Lantern","Happy Flower","Medical Kit","Chemical X","Kunai","Mercury Hourglass","Slimebound:BestDefense","Art of War","Gremlin Horn","Bottled Flame","FairyPotion","FairyPotion"],"campfire_rested":1,"item_purchase_floors":[12,12,12,12,12,12,12,12,12,12,12,14,14,14,14,14,14,14,18,18,18,18,18,18,20,20,20,20,20,20,20,20,20,20,22,22,22,22,22,23,23,23,23,23,23,23,23,35,35,35,37,37,37,37,37,40,40,40,45,45,45,47,47,47,47,53,53,53,53,53],"current_hp_per_floor":[71,67,67,58,58,21,21,21,27,35,36,40,38,61,59,53,85,85,85,75,75,85,85,92,92,92,81,81,85,48,67,79,50,92,102,82,82,82,72,102,102,100,92,92,102,102,102,68,52,33,102,40,40,100,102,63],"gold":2576,"neow_bonus":"TEN_PERCENT_HP_BONUS","is_daily":false,"chose_seed":false,"campfire_upgraded":1,"win_rate":0.0,"timestamp":1612610534,"path_taken":["R","M","M","?","?","E","T","?","R","E","?","$","?","?","M","BOSS","R","M","$","?","$","R","T","E","?","M","?","M","?","?","M","BOSS","R","M","$","?","M","R","T","M","E","?","R","M","R","M","M","BOSS","E","$","R","BOSS","BOSS"],"items_purchased_type":["Relic","Relic","Relic","Card","Card","Card","Card","Potion","Potion","Potion","Relic","Card","Card","Card","Card","Relic","Relic","Relic","Card","Relic","Relic","Relic","Card","Card","Relic","Relic","Card","Relic","Relic","Relic","Card","Card","Card","Card","Relic","Relic","Card","Card","Card","Relic","Relic","Card","Card","Relic","Card","Card","Card","Relic","Relic","Relic","Card","Relic","Relic","Relic","Card","Relic","Relic","Relic","Relic","Relic","Relic","Relic","Relic","Relic","Card","Relic","Relic","Relic","Potion","Potion"],"build_version":"2020-12-22","purchased_purges":10,"victory":true,"max_hp_per_floor":[71,71,71,71,71,71,71,71,71,71,71,71,71,85,85,85,85,85,85,85,85,85,85,92,92,92,92,92,92,92,92,92,92,92,102,102,102,102,102,102,102,102,102,102,102,102,102,102,102,102,102,102,102,102,102,102],"card_choices":[{"not_picked":["Slimebound:SlimeSpikes","Slimebound:PressTheAttack"],"picked":"Slimebound:LeechingTouch","floor":2.0},{"not_picked":["Slimebound:PressTheAttack","Slimebound:SpikyOuterGoop"],"picked":"Slimebound:SlimeBarrage","floor":3.0},{"not_picked":["Slimebound:ForwardTackle","Slimebound:FlameTackle"],"picked":"Slimebound:LivingWall","floor":4.0},{"not_picked":["Slimebound:Dissolve","Slimebound:FinishingTackle"],"picked":"Slimebound:HauntingLick","floor":6.0},{"not_picked":["Slimebound:HauntingLick","Slimebound:FinishingTackle"],"picked":"Slimebound:Chomp","floor":10.0},{"not_picked":["Slimebound:DisruptingSlam","Slimebound:LeechingTouch"],"picked":"Slimebound:SlimeBrawl","floor":11.0},{"not_picked":["Slimebound:SelfFormingGoo","Slimebound:Repurpose"],"picked":"Slimebound:OozeBath","floor":12.0},{"not_picked":["Slimebound:GoopTackle","Slimebound:LivingWall"],"picked":"Slimebound:LeadByExample","floor":13.0},{"not_picked":["Slimebound:ItLooksTasty","Slimebound:SamplingLick"],"picked":"Slimebound:Overexert","floor":14.0},{"not_picked":["Slimebound:SlimeSpikes","Slimebound:LivingWall"],"picked":"Slimebound:Prepare","floor":15.0},{"not_picked":["Slimebound:FirmFortitude","Slimebound:OneTwoCombo"],"picked":"Slimebound:MassFeed","floor":16.0},{"not_picked":["Slimebound:GoopTackle+1","Slimebound:LivingWall"],"picked":"Slimebound:RejuvenatingLick","floor":19.0},{"not_picked":["Slimebound:SplitAcid","Slimebound:SplitBruiser"],"picked":"Slimebound:AcidTongue","floor":20.0},{"not_picked":["Slimebound:Schlurp+1","Slimebound:GoopTackle"],"picked":"Slimebound:LevelUp","floor":20.0},{"not_picked":["Slimebound:SplitAcid","Slimebound:ComboTackle"],"picked":"Slimebound:WasteNot","floor":20.0},{"not_picked":["Slimebound:SamplingLick","Slimebound:TongueLash"],"picked":"Slimebound:AcidTongue","floor":20.0},{"not_picked":["Slimebound:LeechEnergy","Slimebound:SplitLeeching"],"picked":"Slimebound:GoopSpray","floor":20.0},{"not_picked":["Slimebound:SlimeTap","Slimebound:SamplingLick"],"picked":"Slimebound:SplitLeeching","floor":20.0},{"not_picked":["Slimebound:SplitAcid","Slimebound:LeechingTouch"],"picked":"Slimebound:RejuvenatingLick","floor":22.0},{"not_picked":["Slimebound:LevelUp+1","Slimebound:RejuvenatingLick"],"picked":"Slimebound:MegaLick","floor":25.0},{"not_picked":["Slimebound:Schlurp","Slimebound:LivingWall"],"picked":"Slimebound:FinishingTackle","floor":27.0},{"not_picked":["Slimebound:SlimeSpikes","Slimebound:GoopSpray+1","Slimebound:SamplingLick+1"],"picked":"SKIP","floor":29.0},{"not_picked":["Slimebound:LeechEnergy+1","Slimebound:MegaLick"],"picked":"Slimebound:DouseInSlime","floor":30.0},{"not_picked":["Slimebound:Prepare+1","Slimebound:SlimeSpikes+1"],"picked":"Slimebound:Dissolve","floor":31.0},{"not_picked":["Slimebound:LeechEnergy","Slimebound:LeechingTouch"],"picked":"Slimebound:SplitMire","floor":32.0},{"not_picked":["Slimebound:FirmFortitude","Slimebound:Teamwork"],"picked":"Slimebound:WasteNot","floor":33.0},{"not_picked":["Slimebound:Schlurp","Slimebound:GrowthPunch"],"picked":"Slimebound:GoopSpray+1","floor":36.0},{"not_picked":["Slimebound:RejuvenatingLick+1","Slimebound:LeechEnergy+1","Slimebound:Replication"],"picked":"SKIP","floor":37.0},{"not_picked":["Slimebound:RejuvenatingLick+1","Slimebound:SlimeBrawl","Slimebound:SplitAcid+1","Slimebound:FormOfPuddle+1"],"picked":"SKIP","floor":39.0},{"not_picked":["Slimebound:SlimeBrawl","Slimebound:SplitMire+1","Slimebound:SplitLeeching"],"picked":"Slimebound:AcidTongue+1","floor":42.0},{"not_picked":["Slimebound:GrowthPunch+1","Slimebound:SplitBruiser","Slimebound:SlimeSpikes+1","Slimebound:SpikyOuterGoop"],"picked":"SKIP","floor":43.0},{"not_picked":["Slimebound:Prepare","Slimebound:HauntingLick","Slimebound:RollThrough","Slimebound:SamplingLick+1"],"picked":"SKIP","floor":46.0},{"not_picked":["Slimebound:SamplingLick+1","Slimebound:Chomp+1","Slimebound:SplitLeeching+1","Slimebound:GoopSpray"],"picked":"SKIP","floor":48.0},{"not_picked":["Slimebound:WasteNot","Slimebound:DisruptingSlam+1","Slimebound:Schlurp+1","Slimebound:GoopSpray+1"],"picked":"SKIP","floor":49.0},{"not_picked":["Slimebound:MegaLick+1","Slimebound:Nibble","Slimebound:Repurpose+1","Slimebound:RejuvenatingLick+1"],"picked":"SKIP","floor":52.0}],"player_experience":129672,"relics_obtained":[{"floor":5.0,"key":"Eternal Feather"},{"floor":6.0,"key":"War Paint"},{"floor":7.0,"key":"Matryoshka"},{"floor":10.0,"key":"StoneCalendar"},{"floor":13.0,"key":"Odd Mushroom"},{"floor":24.0,"key":"Strawberry"},{"floor":25.0,"key":"Centennial Puzzle"},{"floor":41.0,"key":"Vajra"},{"floor":41.0,"key":"Orichalcum"},{"floor":43.0,"key":"Ancient Tea Set"},{"floor":44.0,"key":"Bronze Scales"},{"floor":52.0,"key":"Bag of Preparation"}],"event_choices":[{"cards_removed":["Slimebound:Strike_Slimebound"],"damage_healed":0.0,"max_hp_gain":0.0,"max_hp_loss":0.0,"gold_gain":0.0,"event_name":"The Cleric","player_choice":"Card Removal","floor":8.0,"gold_loss":0.0,"damage_taken":0.0},{"damage_healed":0.0,"max_hp_gain":0.0,"max_hp_loss":0.0,"gold_gain":0.0,"event_name":"Mushrooms","player_choice":"Fought Mushrooms","floor":13.0,"gold_loss":0.0,"damage_taken":0.0},{"damage_healed":0.0,"max_hp_gain":0.0,"max_hp_loss":0.0,"gold_gain":0.0,"event_name":"Addict","player_choice":"Stole Relic","floor":26.0,"gold_loss":0.0,"damage_taken":0.0,"relics_obtained":["StrikeDummy"],"cards_obtained":["Pride"]},{"cards_removed":["Pride"],"damage_healed":0.0,"max_hp_gain":0.0,"max_hp_loss":0.0,"gold_gain":0.0,"event_name":"Wheel of Change","player_choice":"Card Removal","floor":28.0,"gold_loss":0.0,"damage_taken":0.0},{"cards_removed":["Slimebound:LeechEnergy"],"damage_healed":0.0,"max_hp_gain":0.0,"max_hp_loss":0.0,"gold_gain":0.0,"event_name":"Falling","player_choice":"Removed Attack","floor":38.0,"gold_loss":0.0,"damage_taken":0.0}],"is_beta":false,"boss_relics":[{"not_picked":["Snecko Eye","Pandora\u0027s Box"],"picked":"Astrolabe"},{"not_picked":["Cursed Key","SacredBark"],"picked":"Philosopher\u0027s Stone"}],"items_purged_floors":[12,14,20,22,23,35,37,40,45,47],"is_endless":false,"potions_floor_spawned":[3,6,10,13,19,27,32,33,39,42,43,46,52],"ascension_level":0}}