{"host":"ym2d6zh85ihzg6he","time":1612585385,"event":{"mods":["BaseMod","Beaked The Cultist","GifTheSpireLib","Hubris","Marisa????????","Minty Spire (QoL Compilation)","StSLib","The Blackbeard","The Bladedancer","The Cursed","The Disciple","The Druid","The Forsaken","The Necromancer","The Runesmith","The Servant 0.9.4","TheBandit"],"gold_per_floor":[114,114,39,58,158,183,183,196,196,231,231,242,269,269,269,367,367,378,378,392,223,223,255,215,215,238,281,304,40,40,50,50,146,146,146],"floor_reached":34,"language":"ENG","playtime":1623,"items_purged":["Writhe","Strike_P","Defend_P+1"],"score":478,"play_id":"81f7756f-510f-4b9c-8075-abc0f3e432f2","local_time":"20210206012305","is_ascension_mode":true,"campfire_choices":[{"data":"Eruption","floor":7.0,"key":"SMITH"},{"data":"CutThroughFate","floor":11.0,"key":"SMITH"},{"data":"DeceiveReality","floor":15.0,"key":"SMITH"},{"data":"Vigilance","floor":25.0,"key":"SMITH"},{"data":"ReachHeaven","floor":32.0,"key":"SMITH"}],"circlet_count":0,"master_deck":["Strike_P+1","Strike_P+1","Strike_P+1","Defend_P+1","Defend_P+1","Defend_P+1","Eruption+1","Vigilance+1","DeceiveReality+1","CutThroughFate+1","Evaluate","FollowUp","ReachHeaven+1","WheelKick","BowlingBash","CurseOfTheBell","CrushJoints+1","Tantrum","TalkToTheHand+1","CarveReality+1","Scrawl","Consecrate","ClearTheMind+1","Blasphemy"],"relics":["PureWater","Torii","Ice Cream","InkBottle","Question Card","Nunchaku","Darkstone Periapt","Calling Bell","Lantern","Mercury Hourglass","Thread and Needle","Letter Opener","MawBank","Orichalcum","Anchor"],"acts_visited":[],"potions_floor_usage":[],"damage_taken":[{"damage":0.0,"enemies":"Jaw Worm","floor":1.0,"turns":2.0},{"damage":1.0,"enemies":"Cultist","floor":4.0,"turns":4.0},{"damage":19.0,"enemies":"Gremlin Nob","floor":6.0,"turns":5.0},{"damage":0.0,"enemies":"2 Louse","floor":8.0,"turns":4.0},{"damage":0.0,"enemies":"Lagavulin","floor":10.0,"turns":3.0},{"damage":1.0,"enemies":"Large Slime","floor":12.0,"turns":3.0},{"damage":16.0,"enemies":"Gremlin Nob","floor":13.0,"turns":3.0},{"damage":4.0,"enemies":"Hexaghost","floor":16.0,"turns":5.0},{"damage":8.0,"enemies":"2 Thieves","floor":18.0,"turns":4.0},{"damage":0.0,"enemies":"Spheric Guardian","floor":20.0,"turns":2.0},{"damage":35.0,"enemies":"Book of Stabbing","floor":23.0,"turns":7.0},{"damage":26.0,"enemies":"Slavers","floor":27.0,"turns":4.0},{"damage":1.0,"enemies":"Chosen and Byrds","floor":28.0,"turns":6.0},{"damage":1.0,"enemies":"Shelled Parasite and Fungi","floor":31.0,"turns":4.0},{"damage":61.0,"enemies":"Automaton","floor":33.0,"turns":7.0}],"seed_played":"-434956126572253084","potions_obtained":[{"floor":1.0,"key":"FearPotion"},{"floor":6.0,"key":"PowerPotion"},{"floor":12.0,"key":"ColorlessPotion"},{"floor":13.0,"key":"Ambrosia"},{"floor":23.0,"key":"Energy Potion"},{"floor":27.0,"key":"LiquidMemories"},{"floor":28.0,"key":"SpeedPotion"}],"is_trial":false,"path_per_floor":["M","?","$","M","?","E","R","M","T","E","R","M","E","T","R","B",null,"M","?","M","$","?","E","?","R","T","E","M","$","?","M","R","B",null],"character_chosen":"WATCHER","items_purchased":["TalkToTheHand","Anchor"],"campfire_rested":0,"item_purchase_floors":[21,29],"current_hp_per_floor":[72,58,58,57,57,38,38,38,38,38,38,37,21,21,21,17,78,70,70,70,70,70,35,35,35,35,9,8,8,88,87,87,26,26,26],"gold":146,"neow_bonus":"ONE_RARE_RELIC","is_daily":false,"chose_seed":false,"campfire_upgraded":5,"win_rate":0.0,"timestamp":1612585385,"path_taken":["M","?","$","M","?","E","R","?","T","E","R","M","E","?","R","BOSS","M","?","M","$","?","E","?","R","T","E","?","$","?","M","R","BOSS"],"items_purchased_type":["Card","Relic"],"build_version":"2020-12-22","purchased_purges":3,"victory":false,"max_hp_per_floor":[72,72,72,72,72,72,72,72,72,72,72,72,72,72,72,72,78,78,78,78,78,78,78,78,78,78,78,78,78,88,88,88,88,88,88],"card_choices":[{"not_picked":["Meditate","SashWhip"],"picked":"DeceiveReality","floor":1.0},{"not_picked":["Vengeance","WaveOfTheHand"],"picked":"CutThroughFate","floor":4.0},{"not_picked":["Fasting2","DeceiveReality"],"picked":"Evaluate","floor":6.0},{"not_picked":["MentalFortress","ClearTheMind"],"picked":"FollowUp","floor":8.0},{"not_picked":["Ragnarok","MentalFortress"],"picked":"ReachHeaven","floor":10.0},{"not_picked":["EmptyFist","Collect","BattleHymn"],"picked":"WheelKick","floor":12.0},{"not_picked":["ReachHeaven","Protect","WheelKick"],"picked":"BowlingBash","floor":13.0},{"not_picked":["Judgement","DevaForm","Vault"],"picked":"Alpha","floor":16.0},{"not_picked":["FlyingSleeves","FollowUp","CarveReality"],"picked":"CrushJoints+1","floor":18.0},{"not_picked":["Prostrate","PathToVictory+1","Fasting2","Crescendo+1"],"picked":"SKIP","floor":20.0},{"not_picked":["Prostrate+1","Meditate","JustLucky"],"picked":"CarveReality+1","floor":23.0},{"not_picked":["InnerPeace","Halt","Evaluate"],"picked":"Scrawl","floor":27.0},{"not_picked":["SashWhip","Study","PathToVictory"],"picked":"Consecrate","floor":28.0},{"not_picked":["Weave+1","BattleHymn","FlyingSleeves+1"],"picked":"ClearTheMind+1","floor":31.0},{"not_picked":["Omniscience","ConjureBlade","Brilliance"],"picked":"Blasphemy","floor":33.0}],"player_experience":42674,"relics_obtained":[{"floor":6.0,"key":"Ice Cream"},{"floor":9.0,"key":"InkBottle"},{"floor":10.0,"key":"Question Card"},{"floor":13.0,"key":"Nunchaku"},{"floor":14.0,"key":"Darkstone Periapt"},{"floor":17.0,"key":"Lantern"},{"floor":17.0,"key":"Mercury Hourglass"},{"floor":17.0,"key":"Thread and Needle"},{"floor":23.0,"key":"Letter Opener"},{"floor":26.0,"key":"MawBank"},{"floor":27.0,"key":"Orichalcum"}],"event_choices":[{"damage_healed":0.0,"max_hp_gain":0.0,"max_hp_loss":0.0,"gold_gain":0.0,"event_name":"Shining Light","player_choice":"Entered Light","floor":2.0,"gold_loss":0.0,"damage_taken":14.0,"cards_upgraded":["Defend_P","Defend_P"]},{"damage_healed":0.0,"max_hp_gain":0.0,"max_hp_loss":0.0,"gold_gain":100.0,"event_name":"Golden Shrine","player_choice":"Pray","floor":5.0,"gold_loss":0.0,"damage_taken":0.0},{"damage_healed":0.0,"max_hp_gain":0.0,"max_hp_loss":0.0,"gold_gain":0.0,"event_name":"The Library","player_choice":"Read","floor":19.0,"gold_loss":0.0,"damage_taken":0.0,"cards_obtained":["Tantrum"]},{"damage_healed":0.0,"max_hp_gain":0.0,"max_hp_loss":0.0,"gold_gain":0.0,"event_name":"Back to Basics","player_choice":"Simplicity","floor":22.0,"gold_loss":0.0,"damage_taken":0.0,"cards_upgraded":["Strike_P","Strike_P","Strike_P","Defend_P","Defend_P"]},{"damage_healed":0.0,"max_hp_gain":0.0,"max_hp_loss":0.0,"gold_gain":0.0,"event_name":"Designer","player_choice":"Upgrade","floor":24.0,"gold_loss":40.0,"damage_taken":0.0,"cards_upgraded":["TalkToTheHand"]},{"cards_removed":["Alpha"],"damage_healed":70.0,"max_hp_gain":10.0,"max_hp_loss":0.0,"gold_gain":0.0,"event_name":"Bonfire Elementals","player_choice":"Offered Rare","floor":30.0,"gold_loss":0.0,"damage_taken":0.0}],"is_beta":false,"boss_relics":[{"not_picked":["Tiny House","Coffee Dripper"],"picked":"Calling Bell"}],"items_purged_floors":[3,21,29],"is_endless":false,"potions_floor_spawned":[1,6,12,13,23,27,28],"ascension_level":1}}