{"host":"ydg0vn0pu4pubmdt","time":1612615466,"event":{"mods":["AchievementEnabler","BaseMod","Colored Map","Gold Saver","Minty Spire (QoL Compilation)","Quick Restart","SuperFastMode"],"gold_per_floor":[112,37,37,37,62,95,95,129,155,155,189,71,71,16,16,107,407,431,431,446,366,385,385,398,323,401,171,171,194,194,218,218,312,312,336,355,355,371,101,101,101,101,125,165,179,42,73,73,73,73,73],"floor_reached":52,"language":"KOR","playtime":1330,"items_purged":["Strike_P","Defend_P","Defend_P"],"score":2113,"play_id":"ccdcd57f-819f-40ff-8122-a8ed3ef821f1","local_time":"20210206214426","is_ascension_mode":true,"campfire_choices":[{"data":"Tantrum","floor":7.0,"key":"SMITH"},{"floor":10.0,"key":"REST"},{"data":"Adaptation","floor":13.0,"key":"SMITH"},{"data":"CrushJoints","floor":15.0,"key":"SMITH"},{"data":"Adaptation","floor":23.0,"key":"SMITH"},{"data":"Scrawl","floor":28.0,"key":"SMITH"},{"floor":32.0,"key":"RECALL"},{"data":"Vault","floor":40,"key":"SMITH"},{"floor":49,"key":"REST"}],"circlet_count":0,"master_deck":["AscendersBane","Defend_P+1","Defend_P+1","Eruption+1","Tantrum+1","FearNoEvil","CrushJoints+1","Adaptation+1","Scrawl+1","EmptyFist","Adaptation+1","Halt","Vault+1","Madness+1"],"relics":["PureWater","NeowsBlessing","Golden Idol","War Paint","Oddly Smooth Stone","Omamori","Mercury Hourglass","Calling Bell","Happy Flower","The Courier","Old Coin","White Beast Statue","Medical Kit","Empty Cage","Gambling Chip","Toxic Egg 2","Membership Card","TungstenRod"],"acts_visited":["Exordium","TheCity","TheBeyond"],"potions_floor_usage":[],"damage_taken":[{"damage":0.0,"enemies":"2 Louse","floor":1.0,"turns":2.0},{"damage":0.0,"enemies":"Jaw Worm","floor":5.0,"turns":1.0},{"damage":0.0,"enemies":"Gremlin Nob","floor":6.0,"turns":1.0},{"damage":22.0,"enemies":"3 Sentries","floor":8.0,"turns":5.0},{"damage":5.0,"enemies":"Gremlin Nob","floor":11.0,"turns":3.0},{"damage":3.0,"enemies":"Hexaghost","floor":16.0,"turns":5.0},{"damage":14.0,"enemies":"Shell Parasite","floor":18.0,"turns":3.0},{"damage":0.0,"enemies":"Chosen","floor":20.0,"turns":3.0},{"damage":15.0,"enemies":"Snake Plant","floor":22.0,"turns":2.0},{"damage":1.0,"enemies":"Snecko","floor":24.0,"turns":3.0},{"damage":10.0,"enemies":"Centurion and Healer","floor":29.0,"turns":2.0},{"damage":2.0,"enemies":"Snake Plant","floor":31.0,"turns":2.0},{"damage":15.0,"enemies":"Champ","floor":33.0,"turns":7.0},{"damage":4.0,"enemies":"3 Shapes","floor":35.0,"turns":2.0},{"damage":0.0,"enemies":"3 Darklings","floor":36.0,"turns":2.0},{"damage":9.0,"enemies":"Transient","floor":38.0,"turns":7.0},{"damage":0,"enemies":"Giant Head","floor":44,"turns":3},{"damage":0,"enemies":"Jaw Worm Horde","floor":45,"turns":3},{"damage":7,"enemies":"Mind Bloom Boss Battle","floor":47,"turns":5},{"damage":0,"enemies":"Awakened One","floor":50,"turns":2},{"damage":0,"enemies":"Donu and Deca","floor":51,"turns":2}],"seed_played":"4809212788350395278","potions_obtained":[{"floor":6.0,"key":"BlessingOfTheForge"},{"floor":20.0,"key":"BottledMiracle"},{"floor":24.0,"key":"BottledMiracle"},{"floor":29.0,"key":"SkillPotion"},{"floor":33.0,"key":"SkillPotion"},{"floor":35.0,"key":"Energy Potion"}],"is_trial":false,"path_per_floor":["M","?","?","?","M","E","R","E","T","R","E","$","R","$","R","B",null,"M","?","M","$","M","R","M","?","T","$","R","M","?","M","R","B",null,"M","M","?","M","$","R","?","$","T","E","M","$","?","?","R","B","B",null],"character_chosen":"WATCHER","items_purchased":["Adaptation","FollowUp","Medical Kit","Gambling Chip","Membership Card"],"campfire_rested":2,"item_purchase_floors":[12,14,27,39,46],"current_hp_per_floor":[61,61,61,38,38,38,38,16,16,36,31,31,31,31,31,28,58,44,44,44,44,29,29,28,28,28,28,28,18,18,16,16,1,51,47,47,47,38,38,38,38,38,38,38,38,38,31,22,41,41,41],"gold":73,"neow_bonus":"THREE_ENEMY_KILL","is_daily":false,"chose_seed":false,"campfire_upgraded":6,"win_rate":0.0,"timestamp":1612615466,"path_taken":["M","?","?","?","M","E","R","E","T","R","E","$","R","?","R","BOSS","M","?","M","$","M","R","M","?","T","$","R","M","?","M","R","BOSS","M","M","?","M","$","R","?","$","T","E","M","?","?","?","R","BOSS","BOSS"],"items_purchased_type":["Card","Card","Relic","Relic","Relic"],"build_version":"2020-12-22","purchased_purges":3,"victory":true,"max_hp_per_floor":[68,68,68,68,68,68,68,68,68,68,68,68,68,68,68,68,68,68,68,68,68,68,68,68,68,68,68,68,68,68,68,68,68,68,68,68,65,65,65,65,65,65,65,65,65,65,65,65,65,65,65],"card_choices":[{"not_picked":["Protect","CrushJoints"],"picked":"Tantrum","floor":1.0},{"not_picked":["Halt","Weave"],"picked":"FearNoEvil","floor":5.0},{"not_picked":["PathToVictory","Indignation","Prostrate"],"picked":"SKIP","floor":6.0},{"not_picked":["Perseverance","Evaluate","DeceiveReality"],"picked":"SKIP","floor":8.0},{"not_picked":["BattleHymn","Prostrate"],"picked":"CrushJoints","floor":11.0},{"not_picked":["Judgement","Establishment"],"picked":"Scrawl","floor":16.0},{"not_picked":["Consecrate","FollowUp"],"picked":"EmptyFist","floor":18.0},{"not_picked":["FlyingSleeves","FollowUp+1","SpiritShield"],"picked":"SKIP","floor":20.0},{"not_picked":["FollowUp","PathToVictory","Adaptation"],"picked":"SKIP","floor":22.0},{"not_picked":["Evaluate","Perseverance"],"picked":"Halt","floor":24.0},{"not_picked":["DeceiveReality","EmptyMind","JustLucky"],"picked":"SKIP","floor":29.0},{"not_picked":["CutThroughFate","SashWhip","Consecrate"],"picked":"SKIP","floor":31.0},{"not_picked":["DevaForm","Omniscience"],"picked":"Vault","floor":33.0},{"not_picked":["ThirdEye","Collect","Halt"],"picked":"SKIP","floor":35.0},{"not_picked":["FollowUp","Pray","EmptyBody"],"picked":"SKIP","floor":36.0},{"not_picked":["Weave+1","BattleHymn+1","CrushJoints"],"picked":"SKIP","floor":38.0},{"not_picked":["WaveOfTheHand+1","CutThroughFate","Study"],"picked":"SKIP","floor":44},{"not_picked":["WaveOfTheHand+1","CutThroughFate","Study"],"picked":"SKIP","floor":44},{"not_picked":["FlurryOfBlows","EmptyFist","PathToVictory+1"],"picked":"SKIP","floor":45},{"not_picked":["Flash of Steel","Dark Shackles+1"],"picked":"Madness+1","floor":48}],"player_experience":649750,"relics_obtained":[{"floor":6.0,"key":"War Paint"},{"floor":8.0,"key":"Oddly Smooth Stone"},{"floor":9.0,"key":"Omamori"},{"floor":11.0,"key":"Mercury Hourglass"},{"floor":17.0,"key":"Happy Flower"},{"floor":17.0,"key":"The Courier"},{"floor":17.0,"key":"Old Coin"},{"floor":26.0,"key":"White Beast Statue"},{"floor":44,"key":"Toxic Egg 2"},{"floor":47,"key":"TungstenRod"}],"event_choices":[{"cards_removed":["Strike_P"],"damage_healed":0.0,"max_hp_gain":0.0,"max_hp_loss":0.0,"gold_gain":0.0,"event_name":"The Cleric","player_choice":"Card Removal","floor":2.0,"gold_loss":75.0,"damage_taken":0.0},{"damage_healed":0.0,"max_hp_gain":0.0,"max_hp_loss":0.0,"gold_gain":0.0,"event_name":"Living Wall","player_choice":"Grow","floor":3.0,"gold_loss":0.0,"damage_taken":0.0,"cards_upgraded":["Eruption"]},{"damage_healed":0.0,"max_hp_gain":0.0,"max_hp_loss":0.0,"gold_gain":0.0,"event_name":"Golden Idol","player_choice":"Take Damage","floor":4.0,"gold_loss":0.0,"damage_taken":23.0,"relics_obtained":["Golden Idol"]},{"damage_healed":0.0,"max_hp_gain":0.0,"max_hp_loss":0.0,"gold_gain":0.0,"event_name":"The Library","player_choice":"Read","floor":19.0,"gold_loss":0.0,"damage_taken":0.0,"cards_obtained":["Adaptation"]},{"cards_removed":["Strike_P"],"damage_healed":0.0,"max_hp_gain":0.0,"max_hp_loss":0.0,"gold_gain":0.0,"event_name":"Beggar","player_choice":"Gave Gold","floor":25.0,"gold_loss":75.0,"damage_taken":0.0},{"damage_healed":0.0,"max_hp_gain":0.0,"max_hp_loss":0.0,"gold_gain":0.0,"event_name":"The Mausoleum","player_choice":"Ignored","floor":30.0,"gold_loss":0.0,"damage_taken":0.0},{"damage_healed":0.0,"max_hp_gain":0.0,"max_hp_loss":3.0,"gold_gain":0.0,"event_name":"Winding Halls","player_choice":"Max HP","floor":37.0,"gold_loss":0.0,"damage_taken":0.0},{"cards_removed":["Vigilance"],"damage_healed":0,"gold_gain":0,"player_choice":"Removed Skill","damage_taken":0,"max_hp_gain":0,"max_hp_loss":0,"event_name":"Falling","floor":41,"gold_loss":0},{"damage_healed":0,"gold_gain":0,"player_choice":"Fight","damage_taken":0,"max_hp_gain":0,"max_hp_loss":0,"event_name":"MindBloom","floor":47,"gold_loss":0},{"damage_healed":0,"gold_gain":0,"player_choice":"Memory 3","damage_taken":10,"max_hp_gain":0,"max_hp_loss":0,"event_name":"SensoryStone","floor":48,"gold_loss":0}],"is_beta":false,"boss_relics":[{"not_picked":["Tiny House","Runic Pyramid"],"picked":"Calling Bell"},{"not_picked":["Fusion Hammer","SacredBark"],"picked":"Empty Cage"}],"items_purged_floors":[12,21,27],"is_endless":false,"potions_floor_spawned":[6,20,24,29,31,33,35,36,38,44,45,47],"ascension_level":20}}