{"host":"fmegyk2zep2mz06j","time":1612608171,"event":{"mods":["BaseMod","Beaked The Cultist","Downfall","Fiend Mod","Hubris","Marisa????????","Minty Spire (QoL Compilation)","Onozuka Komachi Mod","READ ME - Guardian Mod","READ ME - Snecko Mod","StSLib","The Construct","The Cursed","The Disciple","The Dragon Tamer","The Judge","The Mystic","The Necromancer","The Runesmith","The Servant 0.9.4","thorton"],"gold_per_floor":[99,110,126,276,288,288,363,382,401,53,72,86,86,98,109,109,109,109],"floor_reached":16,"language":"ENG","playtime":1009,"items_purged":[],"score":98,"play_id":"ef487607-4e81-4b50-875a-9b57409d62a1","local_time":"20210206114251","is_ascension_mode":false,"campfire_choices":[{"floor":1,"key":"RECALL"},{"floor":13,"key":"REST"}],"circlet_count":0,"master_deck":["champ:Strike","champ:Strike","champ:Strike","champ:Strike","champ:Defend","champ:Defend","champ:Defend","champ:Defend","champ:Execute","champ:Taunt","champ:Haymaker","champ:Backstep","champ:FanOfKnives","champ:TornadoPunch","champ:RisingSlash","expansioncontent:QuickStudy","champ:IronFortress","champ:ArenaPreparation","champ:BladeFlurry","champ:HeavySlash"],"relics":["champ:ChampionCrown","Sling"],"acts_visited":["Exordium"],"potions_floor_usage":[8,16,16,16],"damage_taken":[{"damage":10,"enemies":"Small Slimes","floor":2,"turns":3},{"damage":20,"enemies":"Jaw Worm","floor":3,"turns":3},{"damage":21,"enemies":"2 Louse","floor":5,"turns":3},{"damage":16,"enemies":"Blue Slaver","floor":8,"turns":8},{"damage":25,"enemies":"Exordium Wildlife","floor":9,"turns":4},{"damage":10,"enemies":"downfall:FleeingMerchant","floor":10,"turns":4},{"damage":2,"enemies":"3 Louse","floor":11,"turns":3},{"damage":48,"enemies":"Exordium Thugs","floor":12,"turns":7},{"damage":4,"enemies":"2 Fungi Beasts","floor":14,"turns":3},{"damage":16,"enemies":"3 Louse","floor":15,"turns":5},{"damage":45,"enemies":"IC_STATUS_ARCHETYPE","floor":16,"turns":2}],"seed_played":"8699693469400979256","potions_obtained":[{"floor":5,"key":"Regen Potion"},{"floor":9,"key":"hexamod:SoulburnPotion"},{"floor":11,"key":"construct:ShiftPotion"},{"floor":14,"key":"champ:TechniquePotion"}],"is_trial":false,"path_per_floor":["R","M","M","?","M","?","T","M","M","$","M","M","R","M","M","B"],"character_chosen":"THE_CHAMP","items_purchased":["Sling","expansioncontent:QuickStudy"],"campfire_rested":1,"item_purchase_floors":[10,10],"current_hp_per_floor":[99,99,89,89,78,78,78,79,64,64,62,29,58,54,38,0,0,0],"gold":109,"neow_bonus":"TEN_PERCENT_HP_BONUS","is_daily":false,"chose_seed":false,"campfire_upgraded":0,"win_rate":0.0,"timestamp":1612608171,"path_taken":["R","M","M","?","M","?","T","M","M","$","M","M","R","?","M","BOSS"],"items_purchased_type":["Relic","Card"],"build_version":"2020-12-22","purchased_purges":0,"victory":false,"max_hp_per_floor":[99,99,99,99,99,99,99,99,99,99,99,99,99,99,99,99,99,99],"card_choices":[{"not_picked":["champ:Parry","champ:PerfectedStrike"],"picked":"champ:Haymaker","floor":2},{"not_picked":["champ:EndlessRage","champ:StanceDance"],"picked":"champ:Backstep","floor":3},{"not_picked":["champ:PreciseThrust","champ:Shatter"],"picked":"champ:FanOfKnives","floor":5},{"not_picked":["champ:AdrenalArmor","champ:BladeFlurry"],"picked":"champ:TornadoPunch","floor":8},{"not_picked":["champ:RapidStrikes","champ:EndlessRage"],"picked":"champ:RisingSlash","floor":9},{"not_picked":["champ:Circumvent","champ:Parry","champ:DancingMaster"],"picked":"SKIP","floor":10},{"not_picked":["champ:GladiatorStyle","champ:TornadoPunch"],"picked":"champ:IronFortress","floor":11},{"not_picked":["champ:PreciseThrust","champ:RapidStrikes"],"picked":"champ:ArenaPreparation","floor":12},{"not_picked":["champ:ShieldWall","champ:CrownThrow"],"picked":"champ:BladeFlurry","floor":14},{"not_picked":["champ:GutPunch","champ:AdrenalArmor"],"picked":"champ:HeavySlash","floor":15}],"player_experience":129083,"relics_obtained":[],"event_choices":[{"cards_removed":["downfall:Icky"],"damage_healed":0,"gold_gain":0,"player_choice":"Forget","damage_taken":0,"max_hp_gain":0,"max_hp_loss":0,"event_name":"Living Wall","floor":6,"gold_loss":0}],"is_beta":false,"boss_relics":[],"items_purged_floors":[],"is_endless":false,"potions_floor_spawned":[5,9,11,14,15],"killed_by":"IC_STATUS_ARCHETYPE","ascension_level":0}}