{"host":"344lv32hnei0mdhu","time":1612606187,"event":{"mods":["Act Like it!","BaseMod","Better Match","Better Sensory Stone","Better Skull","Better Third Choice","Better Vampires","Colored Powertips","Highlight Path","Minty Spire (QoL Compilation)","Quick Restart","Random Character Button","Rare Cards Sparkle","StSLib"],"gold_per_floor":[114,289,42,42,42,42,77,97,124,136,173,205,217,244,256,366,378,407,419,431,75,101,136,58,71,126,152,152,169,169,169,169,264,264,279,303,320,220,233,265,265,280,330,56,70,98,108,121,121,121,121],"floor_reached":50,"language":"ENG","playtime":2023,"items_purged":["Doubt","Shame","Strike_P"],"score":1029,"play_id":"e5c09bae-9b89-4317-a3cf-cb576bc9b50b","local_time":"20210206040947","is_ascension_mode":true,"campfire_choices":[{"data":"Eruption","floor":6.0,"key":"SMITH"},{"data":"Dramatic Entrance","floor":10.0,"key":"SMITH"},{"data":"Wish","floor":13.0,"key":"SMITH"},{"floor":15.0,"key":"RECALL"},{"floor":28.0,"key":"REST"},{"floor":30.0,"key":"REST"},{"floor":32.0,"key":"REST"},{"floor":41.0,"key":"REST"},{"floor":49.0,"key":"REST"}],"circlet_count":0,"master_deck":["AscendersBane","Strike_P+1","Strike_P+1","Strike_P","Defend_P","Defend_P","Defend_P","Defend_P","Eruption+1","Vigilance+1","Halt","Dramatic Entrance+1","ReachHeaven","ReachHeaven","Wish+1","Halt+1","LessonLearned+1","Tantrum+1","Prostrate+1","Fasting2","Sanctity+1","DeusExMachina+1","DeceiveReality+1","LessonLearned+1","InnerPeace+1","FollowUp+1","Omniscience+1","Consecrate+1","Protect+1"],"relics":["PureWater","NeowsBlessing","Matryoshka","Vajra","MawBank","Tiny Chest","FossilizedHelix","Sozu","MutagenicStrength","Toy Ornithopter","Molten Egg 2","ClockworkSouvenir","Whetstone","Toxic Egg 2","Oddly Smooth Stone","Question Card","HornCleat","Regal Pillow","PreservedInsect","Anchor","Pen Nib","Strawberry"],"acts_visited":["Exordium","TheCity","TheBeyond"],"potions_floor_usage":[],"damage_taken":[{"damage":0.0,"enemies":"Jaw Worm","floor":1.0,"turns":1.0},{"damage":0.0,"enemies":"3 Sentries","floor":7.0,"turns":1.0},{"damage":0.0,"enemies":"2 Louse","floor":8.0,"turns":1.0},{"damage":0.0,"enemies":"Gremlin Nob","floor":11.0,"turns":2.0},{"damage":0.0,"enemies":"Small Slimes","floor":12.0,"turns":2.0},{"damage":0.0,"enemies":"Gremlin Gang","floor":14.0,"turns":3.0},{"damage":12.0,"enemies":"The Guardian","floor":16.0,"turns":8.0},{"damage":19.0,"enemies":"Shell Parasite","floor":18.0,"turns":4.0},{"damage":0.0,"enemies":"Gremlin Leader","floor":23.0,"turns":4.0},{"damage":15.0,"enemies":"3 Byrds","floor":25.0,"turns":4.0},{"damage":19.0,"enemies":"Book of Stabbing","floor":27.0,"turns":6.0},{"damage":16.0,"enemies":"Snake Plant","floor":29.0,"turns":2.0},{"damage":4.0,"enemies":"Automaton","floor":33.0,"turns":8.0},{"damage":0.0,"enemies":"3 Darklings","floor":35.0,"turns":4.0},{"damage":0.0,"enemies":"3 Shapes","floor":37.0,"turns":9.0},{"damage":0.0,"enemies":"Spire Growth","floor":39.0,"turns":5.0},{"damage":48.0,"enemies":"Reptomancer","floor":40.0,"turns":8.0},{"damage":0.0,"enemies":"Maw","floor":42.0,"turns":6.0},{"damage":0.0,"enemies":"4 Shapes","floor":45.0,"turns":3.0},{"damage":0.0,"enemies":"Nemesis","floor":46.0,"turns":3.0},{"damage":0.0,"enemies":"Sphere and 2 Shapes","floor":47.0,"turns":1.0},{"damage":0.0,"enemies":"3 Darklings","floor":48.0,"turns":1.0},{"damage":89,"enemies":"Donu and Deca","floor":50,"turns":6}],"seed_played":"3039101798883037607","potions_obtained":[{"floor":1.0,"key":"Weak Potion"},{"floor":7.0,"key":"SkillPotion"},{"floor":8.0,"key":"BlessingOfTheForge"}],"is_trial":false,"path_per_floor":["M","?","$","?","?","R","E","M","T","R","E","M","R","M","R","B",null,"M","?","T","$","T","E","$","M","T","E","R","M","R","?","R","B",null,"M","T","M","$","M","E","R","M","T","$","M","E","M","M","R","B"],"character_chosen":"WATCHER","items_purchased":["Matryoshka","ClockworkSouvenir","Whetstone","Fasting2","Pen Nib"],"campfire_rested":5,"item_purchase_floors":[3,21,21,24,44],"current_hp_per_floor":[65,65,65,65,65,65,65,65,65,65,65,65,65,65,65,53,67,48,48,48,48,48,48,48,33,33,14,35,19,40,40,61,57,68,68,68,68,68,68,20,56,56,56,56,56,63,63,63,79,0,0],"gold":121,"neow_bonus":"THREE_ENEMY_KILL","is_daily":false,"chose_seed":false,"campfire_upgraded":3,"win_rate":0.0,"timestamp":1612606187,"path_taken":["M","?","$","?","?","R","E","M","T","R","E","?","R","M","R","BOSS","M","?","?","$","?","E","?","?","T","E","R","M","R","?","R","BOSS","M","?","M","$","M","E","R","M","T","$","M","E","M","?","R","BOSS"],"items_purchased_type":["Relic","Relic","Relic","Card","Relic"],"build_version":"2020-12-22","purchased_purges":3,"victory":false,"max_hp_per_floor":[72,72,72,72,72,72,72,72,72,72,72,72,72,72,72,72,72,72,72,72,72,72,72,72,72,72,72,72,72,72,72,72,72,72,72,72,72,72,72,72,72,72,72,72,72,79,79,79,79,79,79],"card_choices":[{"not_picked":["WreathOfFlame","JustLucky"],"picked":"Halt","floor":1.0},{"not_picked":["Discovery","Master of Strategy"],"picked":"Dramatic Entrance","floor":5.0},{"not_picked":["Brilliance","EmptyMind"],"picked":"ReachHeaven","floor":7.0},{"not_picked":["SashWhip","Crescendo"],"picked":"ReachHeaven","floor":8.0},{"not_picked":["FlyingSleeves","CrushJoints"],"picked":"Wish","floor":11.0},{"not_picked":["PathToVictory","FlurryOfBlows"],"picked":"Halt","floor":12.0},{"not_picked":["JustLucky","Study","FlurryOfBlows"],"picked":"SKIP","floor":14.0},{"not_picked":["DeusExMachina","Establishment"],"picked":"LessonLearned","floor":16.0},{"not_picked":["WindmillStrike","DeceiveReality+1"],"picked":"Tantrum+1","floor":18.0},{"not_picked":["PathToVictory+1","Weave+1"],"picked":"Prostrate+1","floor":23.0},{"not_picked":["Halt+1","BattleHymn"],"picked":"Sanctity+1","floor":25.0},{"not_picked":["ClearTheMind+1","EmptyFist+1"],"picked":"DeusExMachina+1","floor":27.0},{"not_picked":["FollowUp+1","Halt+1","Consecrate+1"],"picked":"DeceiveReality+1","floor":29.0},{"not_picked":["Ragnarok+1","MasterReality","Scrawl+1"],"picked":"LessonLearned+1","floor":33.0},{"not_picked":["FlurryOfBlows+1","EmptyFist+1","MentalFortress+1"],"picked":"InnerPeace+1","floor":35.0},{"not_picked":["ThirdEye+1","CrushJoints+1","CutThroughFate+1","DeceiveReality+1"],"picked":"SKIP","floor":37.0},{"not_picked":["ThirdEye+1","Tantrum+1","BowlingBash+1"],"picked":"FollowUp+1","floor":39.0},{"not_picked":["Evaluate+1","SashWhip+1","ReachHeaven+1"],"picked":"Omniscience+1","floor":40.0},{"not_picked":["BowlingBash+1","FlyingSleeves+1","Pray+1"],"picked":"Consecrate+1","floor":42.0},{"not_picked":["SashWhip+1","CutThroughFate+1","Weave+1","BowlingBash+1"],"picked":"SKIP","floor":45.0},{"not_picked":["Worship+1","BowlingBash+1","Consecrate+1","Evaluate+1"],"picked":"SKIP","floor":46.0},{"not_picked":["Consecrate+1","LessonLearned+1","BowlingBash+1"],"picked":"Protect+1","floor":47.0},{"not_picked":["CutThroughFate+1","Worship+1","BattleHymn","Protect+1"],"picked":"SKIP","floor":48.0}],"player_experience":409478,"relics_obtained":[{"floor":7.0,"key":"Vajra"},{"floor":9.0,"key":"MawBank"},{"floor":9.0,"key":"Tiny Chest"},{"floor":11.0,"key":"FossilizedHelix"},{"floor":20.0,"key":"Toy Ornithopter"},{"floor":20.0,"key":"Molten Egg 2"},{"floor":23.0,"key":"Toxic Egg 2"},{"floor":26.0,"key":"Oddly Smooth Stone"},{"floor":27.0,"key":"Question Card"},{"floor":36.0,"key":"Regal Pillow"},{"floor":40.0,"key":"PreservedInsect"},{"floor":43.0,"key":"Anchor"},{"floor":46.0,"key":"Strawberry"}],"event_choices":[{"damage_healed":0.0,"max_hp_gain":0.0,"max_hp_loss":0.0,"gold_gain":175.0,"event_name":"betterThird:BetterSerpent","player_choice":"AGREE","floor":2.0,"gold_loss":0.0,"damage_taken":114.0},{"damage_healed":65.0,"max_hp_gain":0.0,"max_hp_loss":72.0,"gold_gain":0.0,"event_name":"betterThird:BetterShining","player_choice":"Leave","floor":4.0,"gold_loss":0.0,"damage_taken":0.0},{"damage_healed":0.0,"max_hp_gain":0.0,"max_hp_loss":0.0,"gold_gain":1.0,"event_name":"betterStone:BetterStone","player_choice":"1","floor":5.0,"gold_loss":0.0,"damage_taken":0.0},{"damage_healed":0.0,"max_hp_gain":0.0,"max_hp_loss":0.0,"gold_gain":0.0,"event_name":"Drug Dealer","player_choice":"Inject Mutagens","floor":19.0,"gold_loss":0.0,"damage_taken":0.0,"relics_obtained":["MutagenicStrength"]},{"damage_healed":0.0,"max_hp_gain":0.0,"max_hp_loss":0.0,"gold_gain":0.0,"event_name":"Addict","player_choice":"Stole Relic","floor":31.0,"gold_loss":0.0,"damage_taken":0.0,"relics_obtained":["HornCleat"],"cards_obtained":["Shame"]}],"is_beta":false,"boss_relics":[{"not_picked":["Empty Cage","Fusion Hammer"],"picked":"Sozu"},{"not_picked":["Cursed Key","Snecko Eye","Runic Pyramid"]}],"items_purged_floors":[21,38,44],"is_endless":false,"potions_floor_spawned":[1,7,8,18,25,37,40,42,48],"killed_by":"Donu and Deca","ascension_level":11}}