{"host":"5icjlaq41ghjcr7h","time":1612617843,"event":{"mods":["AchievementEnabler","BaseMod","Colored Map","Minty Spire (QoL Compilation)","SuperFastMode","everything is the same but u backflip on backflip"],"gold_per_floor":[215,215,215,233,11,37,37,37,84,84,94,94,125,155,155,279,279,299,311,325,34,51,51,1,20,44,44,57,57,75,75,75,179,179,192,203,103,117,117,152,152,166,192,64,75,106,106,119,119,119],"floor_reached":51,"language":"KOR","playtime":2313,"items_purged":["Strike_R","Bludgeon"],"score":1111,"play_id":"0e10ae14-78e7-44c1-bbbd-3368a4c31d48","local_time":"20210206222403","is_ascension_mode":true,"campfire_choices":[{"floor":8.0,"key":"REST"},{"data":"Barricade","floor":10.0,"key":"SMITH"},{"data":"Body Slam","floor":12.0,"key":"SMITH"},{"floor":15.0,"key":"RECALL"},{"floor":23.0,"key":"REST"},{"floor":27.0,"key":"REST"},{"data":"Seeing Red","floor":29.0,"key":"SMITH"},{"data":"Ghostly","floor":32.0,"key":"SMITH"},{"data":"Offering","floor":41,"key":"SMITH"},{"data":"Infernal Blade","floor":49,"key":"SMITH"}],"circlet_count":0,"master_deck":["Bash+1","Body Slam+1","Barricade+1","Fiend Fire","Offering+1","Shrug It Off+1","Bloodletting+1","Cleave","Shrug It Off+1","Seeing Red+1","Ghostly+1","Ghostly","Ghostly","Ghostly","Ghostly","Juggernaut","Flame Barrier","Infernal Blade+1","Flame Barrier","Headbutt","Iron Wave+1","Burning Pact","Impervious","Metallicize","Shrug It Off","Shockwave","Evolve","Ghostly+1","Entrench+1"],"relics":["Burning Blood","White Beast Statue","PreservedInsect","Bag of Marbles","Bronze Scales","Matryoshka","Mercury Hourglass","Empty Cage","TungstenRod","Regal Pillow","Pandora\u0027s Box","Letter Opener","Lantern","Vajra","StoneCalendar"],"acts_visited":["Exordium","TheCity","TheBeyond"],"potions_floor_usage":[33,33,33,40,40,42,45,48,50,50,50],"damage_taken":[{"damage":6.0,"enemies":"Jaw Worm","floor":1.0,"turns":5.0},{"damage":7.0,"enemies":"2 Louse","floor":4.0,"turns":4.0},{"damage":63.0,"enemies":"3 Sentries","floor":6.0,"turns":14.0},{"damage":1.0,"enemies":"Cultist","floor":11.0,"turns":3.0},{"damage":21.0,"enemies":"Lagavulin","floor":13.0,"turns":6.0},{"damage":0.0,"enemies":"The Guardian","floor":16.0,"turns":7.0},{"damage":10.0,"enemies":"3 Byrds","floor":18.0,"turns":3.0},{"damage":26.0,"enemies":"Shell Parasite","floor":19.0,"turns":4.0},{"damage":31.0,"enemies":"Cultist and Chosen","floor":20.0,"turns":6.0},{"damage":21.0,"enemies":"Shelled Parasite and Fungi","floor":22.0,"turns":3.0},{"damage":14.0,"enemies":"3 Cultists","floor":25.0,"turns":4.0},{"damage":17.0,"enemies":"Cultist and Chosen","floor":28.0,"turns":4.0},{"damage":16.0,"enemies":"Snecko","floor":30.0,"turns":3.0},{"damage":11,"enemies":"Champ","floor":33,"turns":12},{"damage":0,"enemies":"3 Shapes","floor":35,"turns":4},{"damage":2,"enemies":"Orb Walker","floor":36,"turns":4},{"damage":0,"enemies":"Spire Growth","floor":38,"turns":5},{"damage":7,"enemies":"Reptomancer","floor":40,"turns":6},{"damage":0,"enemies":"4 Shapes","floor":42,"turns":3},{"damage":5,"enemies":"3 Darklings","floor":45,"turns":3},{"damage":7,"enemies":"Nemesis","floor":46,"turns":3},{"damage":5,"enemies":"Jaw Worm Horde","floor":48,"turns":5},{"damage":7,"enemies":"Donu and Deca","floor":50,"turns":10}],"seed_played":"-7200339376593354997","potions_obtained":[{"floor":4.0,"key":"EssenceOfSteel"},{"floor":6.0,"key":"ColorlessPotion"},{"floor":11.0,"key":"ColorlessPotion"},{"floor":13.0,"key":"Block Potion"},{"floor":16.0,"key":"Fruit Juice"},{"floor":18.0,"key":"Swift Potion"},{"floor":19.0,"key":"SneckoOil"},{"floor":20.0,"key":"LiquidBronze"},{"floor":22.0,"key":"Strength Potion"},{"floor":25.0,"key":"FearPotion"},{"floor":28.0,"key":"BlessingOfTheForge"},{"floor":30.0,"key":"HeartOfIron"},{"floor":33,"key":"AttackPotion"},{"floor":35,"key":"Strength Potion"},{"floor":36,"key":"LiquidMemories"},{"floor":38,"key":"SpeedPotion"},{"floor":40,"key":"SkillPotion"},{"floor":42,"key":"PowerPotion"},{"floor":45,"key":"LiquidBronze"},{"floor":46,"key":"Ancient Potion"},{"floor":48,"key":"ColorlessPotion"}],"is_trial":false,"path_per_floor":["M","?","T","M","$","E","T","R","T","R","M","R","E","?","R","B",null,"M","M","M","$","M","R","?","M","T","R","M","R","M","?","R","B",null,"M","M","$","M","?","E","R","M","T","$","M","E","?","M","R","B",null],"character_chosen":"IRONCLAD","items_purchased":["Barricade","TungstenRod","Metallicize","Shrug It Off"],"campfire_rested":3,"item_purchase_floors":[5,21,44,44],"current_hp_per_floor":[80,80,80,79,79,22,22,46,46,46,51,51,36,36,36,42,80,81,61,36,36,21,46,46,38,38,78,67,67,57,42,42,37,42,42,42,42,42,42,41,41,42,42,42,42,41,41,42,42,41],"gold":119,"neow_bonus":"HUNDRED_GOLD","is_daily":false,"chose_seed":false,"campfire_upgraded":6,"win_rate":0.0,"timestamp":1612617843,"path_taken":["M","?","?","M","$","E","?","R","T","R","M","R","E","?","R","BOSS","M","M","M","$","M","R","?","?","T","R","M","R","?","?","R","BOSS","M","M","$","M","?","E","R","M","T","?","M","E","?","M","R","BOSS"],"items_purchased_type":["Card","Relic","Card","Card"],"build_version":"2020-12-22","purchased_purges":2,"victory":true,"max_hp_per_floor":[80,80,80,80,80,80,80,80,80,80,80,80,80,80,80,80,80,85,85,85,85,85,85,85,85,85,85,85,85,85,42,42,42,42,42,42,42,42,42,42,42,42,42,42,42,42,42,42,42,42],"card_choices":[{"not_picked":["Havoc","Clothesline","Warcry"],"picked":"SKIP","floor":1.0},{"not_picked":["Perfected Strike","Hemokinesis"],"picked":"Body Slam","floor":4.0},{"not_picked":["Rampage","Armaments"],"picked":"Fiend Fire","floor":6.0},{"not_picked":["Havoc","Armaments","Dropkick"],"picked":"SKIP","floor":11.0},{"not_picked":["Demon Form","Disarm","Wild Strike"],"picked":"SKIP","floor":13.0},{"not_picked":["Immolate","Feed"],"picked":"Offering","floor":16.0},{"not_picked":["Clothesline","Headbutt","Twin Strike+1"],"picked":"SKIP","floor":18.0},{"not_picked":["Perfected Strike","Uppercut"],"picked":"Shrug It Off+1","floor":19.0},{"not_picked":["Sword Boomerang","Armaments"],"picked":"Bloodletting+1","floor":20.0},{"not_picked":["Wild Strike","Limit Break"],"picked":"Cleave","floor":22.0},{"not_picked":["Heavy Blade","Body Slam+1"],"picked":"Shrug It Off+1","floor":25.0},{"not_picked":["Rage","Clash"],"picked":"Seeing Red","floor":28.0},{"not_picked":["Anger","Uppercut","Flex+1"],"picked":"SKIP","floor":30.0},{"not_picked":["Exhume","Fiend Fire"],"picked":"Juggernaut","floor":33},{"not_picked":["Warcry","Body Slam"],"picked":"Iron Wave+1","floor":35},{"not_picked":["Sever Soul","Perfected Strike+1"],"picked":"Burning Pact","floor":36},{"not_picked":["Flex","Carnage+1","Twin Strike"],"picked":"SKIP","floor":38},{"not_picked":["Sword Boomerang","Rupture"],"picked":"Impervious","floor":40},{"not_picked":["Thunderclap","Warcry","Cleave"],"picked":"SKIP","floor":42},{"not_picked":["Sentinel","True Grit"],"picked":"Shockwave","floor":45},{"not_picked":["Pommel Strike+1","Combust+1"],"picked":"Evolve","floor":46},{"not_picked":["Sentinel","Dropkick"],"picked":"Entrench+1","floor":48}],"player_experience":165415,"relics_obtained":[{"floor":3.0,"key":"White Beast Statue"},{"floor":6.0,"key":"PreservedInsect"},{"floor":7.0,"key":"Bag of Marbles"},{"floor":9.0,"key":"Bronze Scales"},{"floor":13.0,"key":"Matryoshka"},{"floor":26.0,"key":"Regal Pillow"},{"floor":40,"key":"Letter Opener"},{"floor":43,"key":"Lantern"},{"floor":43,"key":"Vajra"},{"floor":46,"key":"StoneCalendar"}],"event_choices":[{"damage_healed":0.0,"max_hp_gain":0.0,"max_hp_loss":0.0,"gold_gain":0.0,"event_name":"Living Wall","player_choice":"Grow","floor":2.0,"gold_loss":0.0,"damage_taken":0.0,"cards_upgraded":["Bash"]},{"damage_healed":0.0,"max_hp_gain":0.0,"max_hp_loss":0.0,"gold_gain":30.0,"event_name":"Dead Adventurer","player_choice":"Searched \u00272\u0027 times","floor":14.0,"gold_loss":0.0,"damage_taken":0.0,"relics_obtained":["Mercury Hourglass"]},{"damage_healed":0.0,"max_hp_gain":0.0,"max_hp_loss":0.0,"gold_gain":0.0,"event_name":"The Joust","player_choice":"Bet on Murderer","floor":24.0,"gold_loss":50.0,"damage_taken":0.0},{"damage_healed":0.0,"max_hp_gain":0.0,"max_hp_loss":43.0,"gold_gain":0.0,"event_name":"Ghosts","player_choice":"Became a Ghost","floor":31.0,"gold_loss":0.0,"damage_taken":0.0,"cards_obtained":["Ghostly","Ghostly","Ghostly","Ghostly","Ghostly"]},{"cards_removed":["Clothesline"],"damage_healed":0,"gold_gain":0,"player_choice":"Purged","damage_taken":0,"max_hp_gain":0,"max_hp_loss":0,"event_name":"Purifier","floor":39,"gold_loss":0},{"damage_healed":0,"gold_gain":0,"player_choice":"Copied","damage_taken":0,"max_hp_gain":0,"max_hp_loss":0,"event_name":"Duplicator","floor":47,"gold_loss":0,"cards_obtained":["Ghostly"]}],"is_beta":false,"boss_relics":[{"not_picked":["Sozu","SlaversCollar"],"picked":"Empty Cage"},{"not_picked":["Coffee Dripper","Fusion Hammer"],"picked":"Pandora\u0027s Box"}],"items_purged_floors":[5,37],"is_endless":false,"potions_floor_spawned":[4,6,11,13,16,18,19,20,22,25,28,30,33,35,36,38,40,42,45,46,48],"ascension_level":2}}