{"host":"oopoa2qluour3scl","time":1612599483,"event":{"mods":["2.2 Compatiblity","AchievementEnabler","AlwaysNeverKeys","BaseMod","Better Match","Better Note","Better Sensory Stone","Better Third Choice","Better Vampires","BetterRewards","Colored Powertips","Communication Mod","Minty Spire (QoL Compilation)","Practice Mode","Random Character Button","Relic Stats","StSLib","SuperFastMode","Swap Starting Deck Mod"],"gold_per_floor":[111,130,130,147,147,147,182,182,182,215,233,88,145,157,157,260,260,271,287,287,312,323,340,340,374,444,477,477,477],"floor_reached":28,"language":"ENG","playtime":1106,"items_purged":[],"score":293,"play_id":"836a61db-958a-48da-9a01-173a49146a9f","local_time":"20210206091803","is_ascension_mode":false,"campfire_choices":[{"data":"Apotheosis","floor":6,"key":"SMITH"},{"data":"Infinite Blades","floor":8,"key":"SMITH"},{"data":"Noxious Fumes","floor":15,"key":"SMITH"},{"floor":24,"key":"REST"}],"circlet_count":0,"master_deck":["Strike_G","Strike_G","Strike_G","Strike_G","Strike_G","Defend_G","Defend_G+1","Defend_G","Defend_G+1","Defend_G","Survivor","Neutralize","Infinite Blades+1","Noxious Fumes+1","Apotheosis+1","Outmaneuver","Bouncing Flask","Blade Dance","Choke","Dash","Envenom","Dagger Throw+1","Backstab","Hyperbeam","Quick Slash+1","Concentrate+1","Die Die Die","Prepared","Accuracy"],"relics":["Ring of the Snake","NeowsBlessing","Sundial","Toy Ornithopter","Juzu Bracelet","Lee\u0027s Waffle","The Courier","Fusion Hammer","Red Mask","Strawberry","Pear","Dream Catcher"],"acts_visited":["Exordium","TheCity"],"potions_floor_usage":[10,13,19,21,25],"damage_taken":[{"damage":0,"enemies":"Small Slimes","floor":1,"turns":1},{"damage":0,"enemies":"2 Louse","floor":2,"turns":1},{"damage":0,"enemies":"Jaw Worm","floor":4,"turns":1},{"damage":12,"enemies":"3 Sentries","floor":7,"turns":8},{"damage":26,"enemies":"Gremlin Nob","floor":10,"turns":4},{"damage":13,"enemies":"Exordium Wildlife","floor":11,"turns":5},{"damage":23,"enemies":"Lagavulin Event","floor":13,"turns":6},{"damage":5,"enemies":"Blue Slaver","floor":14,"turns":5},{"damage":3,"enemies":"Slime Boss","floor":16,"turns":7},{"damage":10,"enemies":"Shell Parasite","floor":18,"turns":5},{"damage":22,"enemies":"2 Thieves","floor":19,"turns":4},{"damage":32,"enemies":"Masked Bandits","floor":21,"turns":4},{"damage":8,"enemies":"Centurion and Healer","floor":22,"turns":4},{"damage":1,"enemies":"Chosen and Byrds","floor":23,"turns":4},{"damage":19,"enemies":"Slavers","floor":25,"turns":5},{"damage":33,"enemies":"Book of Stabbing","floor":27,"turns":4},{"damage":7,"enemies":"3 Cultists","floor":28,"turns":2}],"seed_played":"-8382052269087224264","potions_obtained":[{"floor":2,"key":"Weak Potion"},{"floor":4,"key":"Strength Potion"},{"floor":7,"key":"Explosive Potion"},{"floor":10,"key":"EssenceOfSteel"},{"floor":18,"key":"Block Potion"},{"floor":23,"key":"Regen Potion"},{"floor":25,"key":"SteroidPotion"},{"floor":27,"key":"Dexterity Potion"}],"is_trial":false,"path_per_floor":["M","M","?","M","?","R","E","R","T","E","M","$","?","M","R","B",null,"M","M","?","?","M","M","R","E","T","E","M"],"character_chosen":"THE_SILENT","items_purchased":["Lee\u0027s Waffle"],"campfire_rested":1,"item_purchase_floors":[12],"current_hp_per_floor":[70,70,70,70,56,56,44,44,44,23,10,77,54,49,49,46,77,67,50,50,23,15,14,37,30,40,7,0,0],"gold":477,"neow_bonus":"THREE_ENEMY_KILL","is_daily":false,"chose_seed":false,"campfire_upgraded":3,"win_rate":0.0,"timestamp":1612599483,"path_taken":["M","M","?","M","?","R","E","R","T","E","M","$","?","M","R","BOSS","M","M","?","?","M","M","R","E","T","E","M"],"items_purchased_type":["Relic"],"build_version":"2020-12-22","purchased_purges":0,"victory":false,"max_hp_per_floor":[70,70,70,70,70,70,70,70,70,70,70,77,77,77,77,77,77,77,77,77,77,77,77,77,84,94,94,94,94],"relic_stats":{"Lee\u0027s Waffle":67,"Dream Catcher":0,"counters":[78,289],"Sundial":[4],"Juzu Bracelet":1,"obtain_stats":[{"CeramicFish":48,"Vajra":28,"Whetstone":26,"Bottled Tornado":43,"Sling":20,"Sozu":0,"Centennial Puzzle":13,"HornCleat":30,"Sundial":7,"Strawberry":25,"Fusion Hammer":17,"Girya":37,"Pear":26,"Letter Opener":24,"Question Card":38,"Cables":0,"Bottled Flame":10,"Shuriken":38,"Bronze Scales":0,"Bird Faced Urn":9,"Snecko Eye":17,"Molten Egg 2":26,"Black Star":17,"StrikeDummy":6,"Pocketwatch":6,"Regal Pillow":0,"Singing Bowl":25,"Snake Skull":0,"Bag of Preparation":4,"Juzu Bracelet":10,"Nunchaku":53,"Dream Catcher":27,"Mummified Hand":0,"Pantograph":0,"WingedGreaves":0,"Red Mask":21,"Cracked Core":0,"Ring of the Snake":0,"Lee\u0027s Waffle":12,"NeowsBlessing":0,"Golden Idol":0,"The Courier":9,"Frozen Egg 2":23,"Orichalcum":0,"GoldenEye":8,"DataDisk":40,"Orrery":0,"Coffee Dripper":34,"Bottled Lightning":54,"Toy Ornithopter":23},{"CeramicFish":30,"Vajra":20,"Whetstone":4,"Bottled Tornado":28,"Sling":43,"Sozu":0,"Centennial Puzzle":52,"HornCleat":21,"Sundial":65,"Strawberry":76,"Fusion Hammer":70,"Girya":25,"Pear":76,"Letter Opener":45,"Question Card":25,"Cables":0,"Bottled Flame":39,"Shuriken":25,"Bronze Scales":0,"Bird Faced Urn":9,"Snecko Eye":42,"Molten Egg 2":19,"Black Star":54,"StrikeDummy":37,"Pocketwatch":9,"Regal Pillow":33,"Singing Bowl":19,"Snake Skull":46,"Bag of Preparation":48,"Juzu Bracelet":66,"Nunchaku":31,"Dream Catcher":77,"Mummified Hand":0,"Pantograph":0,"WingedGreaves":46,"Red Mask":73,"Cracked Core":0,"Ring of the Snake":0,"Lee\u0027s Waffle":67,"NeowsBlessing":61,"Golden Idol":0,"The Courier":50,"Frozen Egg 2":17,"Orichalcum":46,"GoldenEye":38,"DataDisk":27,"Orrery":46,"Coffee Dripper":23,"Bottled Lightning":32,"Toy Ornithopter":3},{"CeramicFish":94,"Vajra":64,"Whetstone":18,"Bottled Tornado":90,"Sling":156,"Sozu":0,"Centennial Puzzle":191,"HornCleat":66,"Sundial":230,"Strawberry":283,"Fusion Hammer":257,"Girya":81,"Pear":283,"Letter Opener":167,"Question Card":81,"Cables":0,"Bottled Flame":133,"Shuriken":81,"Bronze Scales":0,"Bird Faced Urn":31,"Snecko Eye":150,"Molten Egg 2":61,"Black Star":200,"StrikeDummy":121,"Pocketwatch":31,"Regal Pillow":102,"Singing Bowl":61,"Snake Skull":169,"Bag of Preparation":176,"Juzu Bracelet":234,"Nunchaku":96,"Dream Catcher":287,"Mummified Hand":0,"Pantograph":0,"WingedGreaves":169,"Red Mask":270,"Cracked Core":0,"Ring of the Snake":0,"Lee\u0027s Waffle":239,"NeowsBlessing":219,"Golden Idol":0,"The Courier":182,"Frozen Egg 2":54,"Orichalcum":169,"GoldenEye":124,"DataDisk":86,"Orrery":169,"Coffee Dripper":73,"Bottled Lightning":99,"Toy Ornithopter":14}],"Toy Ornithopter":20,"Ring of the Snake":[64]},"card_choices":[{"not_picked":["Backflip","Riddle With Holes"],"picked":"Infinite Blades","floor":1},{"not_picked":["Deadly Poison","Acrobatics"],"picked":"Noxious Fumes","floor":2},{"not_picked":["Swift Strike","Secret Weapon"],"picked":"Apotheosis","floor":3},{"not_picked":["Flying Knee","Quick Slash"],"picked":"Outmaneuver","floor":4},{"not_picked":["Expertise","Setup"],"picked":"Bouncing Flask","floor":7},{"not_picked":["Tactician","Outmaneuver"],"picked":"Blade Dance","floor":10},{"not_picked":["Underhanded Strike","PiercingWail"],"picked":"Choke","floor":11},{"not_picked":["Bouncing Flask","Predator"],"picked":"Dash","floor":14},{"not_picked":["Die Die Die","Night Terror"],"picked":"Envenom","floor":16},{"not_picked":["Poisoned Stab","Outmaneuver"],"picked":"Dagger Throw+1","floor":18},{"not_picked":["Underhanded Strike","Dagger Throw"],"picked":"Backstab","floor":19},{"not_picked":["Heel Hook+1","Flechettes"],"picked":"Quick Slash+1","floor":21},{"not_picked":["Predator","Sucker Punch+1"],"picked":"Concentrate+1","floor":22},{"not_picked":["Choke+1","Terror"],"picked":"Die Die Die","floor":23},{"not_picked":["Dagger Throw","Dodge and Roll"],"picked":"Prepared","floor":25},{"not_picked":["PiercingWail","Acrobatics"],"picked":"Accuracy","floor":27}],"player_experience":454240,"relics_obtained":[{"floor":7,"key":"Sundial"},{"floor":9,"key":"Toy Ornithopter"},{"floor":10,"key":"Juzu Bracelet"},{"floor":21,"key":"Red Mask"},{"floor":25,"key":"Strawberry"},{"floor":26,"key":"Pear"},{"floor":27,"key":"Dream Catcher"}],"event_choices":[{"damage_healed":0,"gold_gain":1,"player_choice":"1","damage_taken":0,"max_hp_gain":0,"max_hp_loss":0,"event_name":"betterStone:BetterStone","floor":3,"gold_loss":0},{"damage_healed":70,"gold_gain":0,"player_choice":"Upgrade","damage_taken":14,"max_hp_gain":0,"max_hp_loss":70,"event_name":"betterThird:BetterShining","floor":5,"gold_loss":0,"cards_upgraded":["Defend_G","Defend_G"]},{"damage_healed":0,"gold_gain":0,"player_choice":"Searched \u00272\u0027 times","damage_taken":0,"relics_obtained":["The Courier"],"max_hp_gain":0,"max_hp_loss":0,"event_name":"Dead Adventurer","floor":13,"gold_loss":0},{"cards_removed":["Apotheosis"],"damage_healed":0,"gold_gain":0,"player_choice":"Take \u0026 Give","damage_taken":0,"max_hp_gain":0,"max_hp_loss":0,"event_name":"betterNote:BetterNote","floor":20,"gold_loss":0,"cards_obtained":["Hyperbeam"]},{"damage_healed":0,"gold_gain":0,"player_choice":"Fought Bandits","damage_taken":0,"max_hp_gain":0,"max_hp_loss":0,"event_name":"Masked Bandits","floor":21,"gold_loss":0}],"is_beta":false,"boss_relics":[{"not_picked":["Ring of the Serpent","Empty Cage"],"picked":"Fusion Hammer"}],"items_purged_floors":[],"is_endless":false,"potions_floor_spawned":[2,4,7,10,18,23,25,27],"killed_by":"3 Cultists","ascension_level":0}}