{"host":"oopoa2qluour3scl","time":1612655444,"event":{"mods":["2.2 Compatiblity","AchievementEnabler","AlwaysNeverKeys","BaseMod","Better Match","Better Note","Better Sensory Stone","Better Third Choice","Better Vampires","BetterRewards","Colored Powertips","Communication Mod","Minty Spire (QoL Compilation)","Practice Mode","Random Character Button","Relic Stats","StSLib","SuperFastMode","Swap Starting Deck Mod"],"gold_per_floor":[118,132,25,35,35,35,35,50,76,96,96,121,121,135,135,239,239,239,239,239,239,239,239,239,239,239],"floor_reached":25,"language":"ENG","playtime":702,"items_purged":[],"score":275,"play_id":"44ba869f-da5e-480d-9a46-fe75b65530e6","local_time":"20210207005044","is_ascension_mode":false,"campfire_choices":[{"data":"Madness","floor":6,"key":"SMITH"},{"data":"Pommel Strike","floor":11,"key":"SMITH"},{"floor":15,"key":"REST"}],"circlet_count":0,"master_deck":["Strike_R","Strike_R","Strike_R","Strike_R","Strike_R","Defend_R","Defend_R","Defend_R","Defend_R","Bash","Madness+1","Clash","Perfected Strike","Pommel Strike+1","Burn","Pain","Fire Breathing","Dual Wield","Panache","Rupture","Immolate","Intimidate+1","Flex+1","Limit Break+1","Blood for Blood","Double Tap","Limit Break+1","J.A.X.+1"],"relics":["Burning Blood","Regal Pillow","WarpedTongs","Nunchaku","Orichalcum","Ectoplasm","Toxic Egg 2"],"acts_visited":["Exordium","TheCity"],"potions_floor_usage":[25,25],"damage_taken":[{"damage":5,"enemies":"2 Louse","floor":1,"turns":2},{"damage":0,"enemies":"Cultist","floor":2,"turns":3},{"damage":3,"enemies":"Jaw Worm","floor":4,"turns":3},{"damage":20,"enemies":"Large Slime","floor":8,"turns":6},{"damage":17,"enemies":"Exordium Thugs","floor":10,"turns":3},{"damage":13,"enemies":"3 Sentries","floor":12,"turns":4},{"damage":8,"enemies":"Looter","floor":14,"turns":3},{"damage":2,"enemies":"Slime Boss","floor":16,"turns":5},{"damage":19,"enemies":"Spheric Guardian","floor":18,"turns":4},{"damage":6,"enemies":"Chosen","floor":19,"turns":4},{"damage":34,"enemies":"Snake Plant","floor":21,"turns":4},{"damage":13,"enemies":"Centurion and Healer","floor":22,"turns":4},{"damage":30,"enemies":"Gremlin Leader","floor":23,"turns":5},{"damage":24,"enemies":"Book of Stabbing","floor":25,"turns":4}],"seed_played":"1855036557272588824","potions_obtained":[{"floor":2,"key":"CultistPotion"},{"floor":4,"key":"FearPotion"},{"floor":8,"key":"Weak Potion"},{"floor":23,"key":"Regen Potion"}],"is_trial":false,"path_per_floor":["M","M","?","M","?","R","?","M","T","M","R","E","?","M","R","B",null,"M","M","?","M","M","E","?","E"],"character_chosen":"IRONCLAD","items_purchased":[],"campfire_rested":1,"item_purchase_floors":[],"current_hp_per_floor":[80,80,80,80,80,80,80,66,66,55,55,48,48,46,80,80,80,67,67,67,39,32,8,8,0,0],"gold":239,"neow_bonus":"RANDOM_COLORLESS","is_daily":false,"chose_seed":false,"campfire_upgraded":2,"win_rate":0.0,"timestamp":1612655444,"path_taken":["M","M","?","?","?","R","?","M","T","?","R","E","?","M","R","BOSS","M","M","?","M","M","E","?","E"],"items_purchased_type":[],"build_version":"2020-12-22","purchased_purges":0,"victory":false,"max_hp_per_floor":[80,80,80,80,80,80,80,80,80,80,80,80,80,80,80,80,80,80,80,80,80,80,80,80,80,80],"relic_stats":{"Regal Pillow":10,"Nunchaku":[7],"counters":[159,638],"Ectoplasm":82,"Orichalcum":[66],"obtain_stats":[{"CeramicFish":48,"Vajra":28,"Whetstone":26,"Bottled Tornado":43,"Sling":20,"Boot":12,"Sozu":0,"Centennial Puzzle":13,"Lizard Tail":10,"HornCleat":30,"Sundial":7,"Strawberry":25,"MealTicket":10,"Prayer Wheel":29,"Fusion Hammer":17,"Toxic Egg 2":23,"Girya":37,"Pear":26,"Astrolabe":17,"Dead Branch":30,"Blue Candle":9,"Oddly Smooth Stone":13,"Eternal Feather":8,"Letter Opener":24,"War Paint":40,"Question Card":38,"Cables":0,"WarpedTongs":7,"SlaversCollar":34,"Bottled Flame":10,"Shuriken":38,"Bronze Scales":0,"Bird Faced Urn":9,"Snecko Eye":17,"Molten Egg 2":26,"CultistMask":29,"Black Star":17,"StrikeDummy":6,"Pocketwatch":6,"Darkstone Periapt":43,"Regal Pillow":0,"Singing Bowl":25,"Snake Skull":0,"Bag of Preparation":4,"Juzu Bracelet":10,"Ancient Tea Set":43,"Nunchaku":53,"Dream Catcher":27,"Mummified Hand":0,"Pantograph":0,"Toolbox":8,"WingedGreaves":0,"Red Mask":21,"Cracked Core":0,"Ring of the Snake":0,"Potion Belt":44,"Lee\u0027s Waffle":12,"NeowsBlessing":0,"Golden Idol":0,"Self Forming Clay":26,"The Courier":9,"swapstartingdeckmod:Bellows":0,"Omamori":30,"Frozen Egg 2":23,"Orichalcum":0,"GoldenEye":8,"DataDisk":40,"Anchor":23,"Ornamental Fan":46,"Orrery":0,"Ectoplasm":0,"Coffee Dripper":34,"Bag of Marbles":0,"Bottled Lightning":54,"Toy Ornithopter":23},{"CeramicFish":30,"Vajra":20,"Whetstone":4,"Bottled Tornado":28,"Sling":43,"Boot":135,"Sozu":0,"Centennial Puzzle":52,"Lizard Tail":82,"HornCleat":21,"Sundial":65,"Strawberry":76,"MealTicket":110,"Prayer Wheel":120,"Fusion Hammer":70,"Toxic Egg 2":158,"Girya":25,"Pear":76,"Astrolabe":85,"Dead Branch":91,"Blue Candle":133,"Oddly Smooth Stone":135,"Eternal Feather":81,"Letter Opener":45,"War Paint":97,"Question Card":25,"Cables":0,"WarpedTongs":148,"SlaversCollar":121,"Bottled Flame":39,"Shuriken":25,"Bronze Scales":0,"Bird Faced Urn":9,"Snecko Eye":42,"Molten Egg 2":19,"CultistMask":142,"Black Star":54,"StrikeDummy":37,"Pocketwatch":9,"Darkstone Periapt":123,"Regal Pillow":33,"Singing Bowl":19,"Snake Skull":46,"Bag of Preparation":48,"Juzu Bracelet":66,"Ancient Tea Set":98,"Nunchaku":31,"Dream Catcher":77,"Mummified Hand":0,"Pantograph":0,"Toolbox":109,"WingedGreaves":46,"Red Mask":73,"Cracked Core":0,"Ring of the Snake":0,"Potion Belt":99,"Lee\u0027s Waffle":67,"NeowsBlessing":61,"Golden Idol":0,"Self Forming Clay":141,"The Courier":50,"swapstartingdeckmod:Bellows":105,"Omamori":120,"Frozen Egg 2":17,"Orichalcum":46,"GoldenEye":38,"DataDisk":27,"Anchor":117,"Ornamental Fan":101,"Orrery":46,"Ectoplasm":78,"Coffee Dripper":23,"Bag of Marbles":128,"Bottled Lightning":32,"Toy Ornithopter":3},{"CeramicFish":94,"Vajra":64,"Whetstone":18,"Bottled Tornado":90,"Sling":156,"Boot":533,"Sozu":0,"Centennial Puzzle":191,"Lizard Tail":312,"HornCleat":66,"Sundial":230,"Strawberry":283,"MealTicket":431,"Prayer Wheel":464,"Fusion Hammer":257,"Toxic Egg 2":634,"Girya":81,"Pear":283,"Astrolabe":329,"Dead Branch":355,"Blue Candle":524,"Oddly Smooth Stone":533,"Eternal Feather":304,"Letter Opener":167,"War Paint":380,"Question Card":81,"Cables":0,"WarpedTongs":592,"SlaversCollar":470,"Bottled Flame":133,"Shuriken":81,"Bronze Scales":0,"Bird Faced Urn":31,"Snecko Eye":150,"Molten Egg 2":61,"CultistMask":569,"Black Star":200,"StrikeDummy":121,"Pocketwatch":31,"Darkstone Periapt":477,"Regal Pillow":102,"Singing Bowl":61,"Snake Skull":169,"Bag of Preparation":176,"Juzu Bracelet":234,"Ancient Tea Set":384,"Nunchaku":96,"Dream Catcher":287,"Mummified Hand":0,"Pantograph":0,"Toolbox":427,"WingedGreaves":169,"Red Mask":270,"Cracked Core":0,"Ring of the Snake":0,"Potion Belt":388,"Lee\u0027s Waffle":239,"NeowsBlessing":219,"Golden Idol":0,"Self Forming Clay":565,"The Courier":182,"swapstartingdeckmod:Bellows":417,"Omamori":464,"Frozen Egg 2":54,"Orichalcum":169,"GoldenEye":124,"DataDisk":86,"Anchor":454,"Ornamental Fan":396,"Orrery":169,"Ectoplasm":289,"Coffee Dripper":73,"Bag of Marbles":499,"Bottled Lightning":99,"Toy Ornithopter":14}],"Burning Blood":274,"WarpedTongs":[46]},"card_choices":[{"not_picked":["Finesse","Blind"],"picked":"Madness","floor":0},{"not_picked":["Second Wind","Sword Boomerang"],"picked":"Clash","floor":1},{"not_picked":["Metallicize","Iron Wave"],"picked":"Perfected Strike","floor":2},{"not_picked":["Havoc","Fire Breathing"],"picked":"Pommel Strike","floor":4},{"not_picked":["Heavy Blade","Shockwave"],"picked":"Fire Breathing","floor":8},{"not_picked":["Warcry","Pommel Strike","True Grit"],"picked":"SKIP","floor":10},{"not_picked":["Pommel Strike","Bloodletting"],"picked":"Dual Wield","floor":12},{"not_picked":["Secret Technique","Thinking Ahead"],"picked":"Panache","floor":13},{"not_picked":["Iron Wave","Perfected Strike"],"picked":"Rupture","floor":14},{"not_picked":["Brutality","Exhume"],"picked":"Immolate","floor":16},{"not_picked":["Clash","Iron Wave"],"picked":"Intimidate+1","floor":18},{"not_picked":["Anger","Headbutt"],"picked":"Flex+1","floor":19},{"not_picked":["Flex","Havoc"],"picked":"Blood for Blood","floor":21},{"not_picked":["Havoc","Perfected Strike"],"picked":"Double Tap","floor":22},{"not_picked":["Thunderclap","Havoc+1"],"picked":"Limit Break+1","floor":23}],"player_experience":470326,"relics_obtained":[{"floor":9,"key":"Nunchaku"},{"floor":12,"key":"Orichalcum"},{"floor":23,"key":"Toxic Egg 2"}],"event_choices":[{"damage_healed":0,"gold_gain":0,"player_choice":"Paid Gold","damage_taken":0,"relics_obtained":["Regal Pillow"],"max_hp_gain":0,"max_hp_loss":0,"event_name":"WeMeetAgain","floor":3,"gold_loss":107},{"damage_healed":80,"gold_gain":0,"player_choice":"Embrace Burn","damage_taken":0,"max_hp_gain":0,"max_hp_loss":80,"event_name":"betterThird:BetterShining","floor":5,"gold_loss":0},{"damage_healed":0,"gold_gain":0,"player_choice":"Rummage","damage_taken":0,"relics_obtained":["WarpedTongs"],"max_hp_gain":0,"max_hp_loss":0,"event_name":"Accursed Blacksmith","floor":7,"gold_loss":0,"cards_obtained":["Pain"]},{"damage_healed":0,"gold_gain":1,"player_choice":"1","damage_taken":0,"max_hp_gain":0,"max_hp_loss":0,"event_name":"betterStone:BetterStone","floor":13,"gold_loss":0},{"cards_removed":["Madness"],"damage_healed":0,"gold_gain":0,"player_choice":"Take \u0026 Give","damage_taken":0,"max_hp_gain":0,"max_hp_loss":0,"event_name":"betterNote:BetterNote","floor":20,"gold_loss":0,"cards_obtained":["Limit Break"]},{"damage_healed":0,"gold_gain":0,"player_choice":"Obtain J.A.X.","damage_taken":0,"max_hp_gain":0,"max_hp_loss":0,"event_name":"Drug Dealer","floor":24,"gold_loss":0,"cards_obtained":["J.A.X."]}],"is_beta":false,"boss_relics":[{"not_picked":["Calling Bell","Fusion Hammer"],"picked":"Ectoplasm"}],"items_purged_floors":[],"is_endless":false,"potions_floor_spawned":[2,4,8,10,22,23],"killed_by":"Book of Stabbing","ascension_level":0}}