{"host":"rolltorest","time":1612651896,"event":{"mods":["BaseMod","Minty Spire (QoL Compilation)","Relic Stats","Slay the Relics Exporter","StSLib"],"gold_per_floor":[119,129,144,159,7,332,351,377,377,377,126,139,173,184,184,259,259,270,303,122,142,142,167,167,181,181,222,237,137,166,201,201,286,286,305,527,552,43,43,43,63,94,103,103,103,131,131,158,158,158,158,158,158,42,67,67],"floor_reached":57,"language":"ENG","playtime":3032,"items_purged":["Strike_P","Injury","Strike_P"],"score":3055,"play_id":"bd9864d7-3856-4c01-8096-e09b24bb0715","local_time":"20210206145136","is_ascension_mode":true,"campfire_choices":[{"data":"Eruption","floor":15,"key":"SMITH"},{"floor":24,"key":"REST"},{"floor":32,"key":"REST"},{"data":"Meditate","floor":40,"key":"SMITH"},{"data":"Tantrum","floor":44,"key":"SMITH"},{"data":"Wallop","floor":47,"key":"SMITH"},{"floor":49,"key":"RECALL"},{"floor":53,"key":"REST"}],"circlet_count":0,"master_deck":["AscendersBane","Strike_P+1","Strike_P+1","Defend_P+1","Defend_P+1","Defend_P+1","Defend_P+1","Eruption+1","Vigilance+1","TalkToTheHand+1","CrushJoints","FollowUp+1","CutThroughFate+1","LessonLearned+1","ThirdEye+1","WaveOfTheHand+1","FlurryOfBlows+1","LikeWater+1","LikeWater+1","Vault+1","SpiritShield+1","Wallop+1","WheelKick+1","Halt+1","TalkToTheHand+1","RitualDagger+1","Meditate+1","JustLucky+1","Meditate+1","FearNoEvil+1","Tantrum+1","DeusExMachina+1","Consecrate+1","Regret","Halt"],"relics":["Runic Pyramid","Old Coin","Bag of Marbles","Matryoshka","OrangePellets","Letter Opener","Cursed Key","Red Mask","InkBottle","Bronze Scales","Centennial Puzzle","CeramicFish","Incense Burner","Busted Crown","Gambling Chip","Potion Belt","Lee\u0027s Waffle","Oddly Smooth Stone","Lantern","Boot","FossilizedHelix"],"acts_visited":["Exordium","TheCity","TheBeyond","TheEnding"],"potions_floor_usage":[8,31,33,42,50,51,51,56,56,56,56],"damage_taken":[{"damage":0,"enemies":"Cultist","floor":1,"turns":3},{"damage":7,"enemies":"Jaw Worm","floor":2,"turns":3},{"damage":4,"enemies":"Small Slimes","floor":3,"turns":4},{"damage":0,"enemies":"Exordium Wildlife","floor":4,"turns":2},{"damage":10,"enemies":"Gremlin Nob","floor":6,"turns":3},{"damage":0,"enemies":"2 Fungi Beasts","floor":7,"turns":3},{"damage":5,"enemies":"3 Sentries","floor":8,"turns":5},{"damage":0,"enemies":"Looter","floor":12,"turns":3},{"damage":0,"enemies":"Lagavulin","floor":13,"turns":7},{"damage":5,"enemies":"Blue Slaver","floor":14,"turns":4},{"damage":0,"enemies":"The Guardian","floor":16,"turns":12},{"damage":0,"enemies":"Spheric Guardian","floor":18,"turns":4},{"damage":3,"enemies":"Masked Bandits","floor":19,"turns":6},{"damage":4,"enemies":"Shell Parasite","floor":21,"turns":5},{"damage":31,"enemies":"Book of Stabbing","floor":23,"turns":5},{"damage":0,"enemies":"Cultist and Chosen","floor":25,"turns":4},{"damage":9,"enemies":"Gremlin Leader","floor":27,"turns":7},{"damage":0,"enemies":"Snecko","floor":28,"turns":5},{"damage":9,"enemies":"3 Cultists","floor":30,"turns":5},{"damage":14,"enemies":"Slavers","floor":31,"turns":3},{"damage":9,"enemies":"Champ","floor":33,"turns":11},{"damage":0,"enemies":"3 Darklings","floor":35,"turns":4},{"damage":0,"enemies":"Mind Bloom Boss Battle","floor":37,"turns":6},{"damage":0,"enemies":"3 Shapes","floor":41,"turns":3},{"damage":2,"enemies":"Reptomancer","floor":42,"turns":5},{"damage":0,"enemies":"Giant Head","floor":46,"turns":6},{"damage":0,"enemies":"Sphere and 2 Shapes","floor":48,"turns":5},{"damage":9,"enemies":"Donu and Deca","floor":50,"turns":9},{"damage":45,"enemies":"Time Eater","floor":51,"turns":9},{"damage":0,"enemies":"Shield and Spear","floor":55,"turns":6},{"damage":5,"enemies":"The Heart","floor":56,"turns":10}],"seed_played":"5510752694564471114","potions_obtained":[{"floor":1,"key":"Energy Potion"},{"floor":4,"key":"Fire Potion"},{"floor":8,"key":"SmokeBomb"},{"floor":31,"key":"DistilledChaos"},{"floor":33,"key":"AttackPotion"},{"floor":35,"key":"StancePotion"},{"floor":41,"key":"BlessingOfTheForge"},{"floor":42,"key":"FearPotion"}],"is_trial":false,"path_per_floor":["M","M","M","M","$","E","M","E","T","?","$","M","E","M","R","B",null,"M","?","$","M","?","E","R","M","T","E","M","$","M","E","R","B",null,"M","?","?","$","?","R","M","E","T","R","T","E","R","M","R","B","B",null,"R","$","E","B",null],"character_chosen":"WATCHER","items_purchased":["LessonLearned","OrangePellets","LikeWater","Halt","PowerPotion","Potion Belt","PowerPotion","Lee\u0027s Waffle","EntropicBrew"],"campfire_rested":3,"item_purchase_floors":[5,11,11,20,20,38,38,38,54],"current_hp_per_floor":[61,54,50,50,50,40,40,35,35,35,35,35,35,30,30,30,59,59,56,56,52,46,15,35,35,35,26,26,26,17,3,23,14,55,55,55,55,75,71,71,71,69,69,69,69,69,69,69,69,60,15,57,71,71,71,66],"gold":67,"neow_bonus":"BOSS_RELIC","is_daily":false,"chose_seed":false,"campfire_upgraded":4,"win_rate":0.0,"timestamp":1612651896,"path_taken":["M","M","?","M","?","E","M","E","T","?","$","?","E","M","R","BOSS","M","?","$","M","?","E","R","M","T","E","M","?","M","E","R","BOSS","M","?","?","$","?","R","M","E","T","R","?","E","R","M","R","BOSS","BOSS","R","$","E","BOSS"],"items_purchased_type":["Card","Relic","Card","Card","Potion","Relic","Potion","Relic","Potion"],"build_version":"2020-12-18","purchased_purges":3,"victory":true,"max_hp_per_floor":[68,68,68,68,68,68,68,68,68,68,68,68,68,68,68,68,68,68,68,68,68,68,68,68,68,68,68,68,68,68,68,68,68,68,68,68,68,75,71,71,71,71,71,71,71,71,71,71,71,71,71,71,71,71,71,71],"relic_stats":{"Lee\u0027s Waffle":20,"counters":[31,167],"CeramicFish":63,"Letter Opener":[172],"Cursed Key":2,"Boot":[75],"OrangePellets":[12],"Centennial Puzzle":[23],"Busted Crown":14,"Bronze Scales":[374],"Gambling Chip":[16],"obtain_stats":[{"Potion Belt":38,"Lee\u0027s Waffle":38,"Lantern":43,"CeramicFish":27,"Oddly Smooth Stone":42,"Incense Burner":31,"Letter Opener":13,"Cursed Key":17,"Boot":46,"Old Coin":6,"OrangePellets":11,"Centennial Puzzle":26,"Matryoshka":9,"Busted Crown":34,"Bronze Scales":26,"Gambling Chip":37,"Bag of Marbles":8,"Red Mask":19,"PureWater":0,"InkBottle":23,"FossilizedHelix":55,"Runic Pyramid":0},{"Potion Belt":23,"Lee\u0027s Waffle":23,"Lantern":25,"CeramicFish":17,"Oddly Smooth Stone":25,"Incense Burner":20,"Letter Opener":9,"Cursed Key":11,"Boot":26,"Old Coin":5,"OrangePellets":7,"Centennial Puzzle":16,"Matryoshka":7,"Busted Crown":21,"Bronze Scales":16,"Gambling Chip":23,"Bag of Marbles":7,"Red Mask":13,"PureWater":0,"InkBottle":15,"FossilizedHelix":30,"Runic Pyramid":0},{"Potion Belt":114,"Lee\u0027s Waffle":114,"Lantern":122,"CeramicFish":80,"Oddly Smooth Stone":122,"Incense Burner":93,"Letter Opener":33,"Cursed Key":49,"Boot":128,"Old Coin":15,"OrangePellets":23,"Centennial Puzzle":73,"Matryoshka":23,"Busted Crown":104,"Bronze Scales":73,"Gambling Chip":114,"Bag of Marbles":23,"Red Mask":59,"PureWater":0,"InkBottle":69,"FossilizedHelix":157,"Runic Pyramid":0}],"InkBottle":[50]},"card_choices":[{"not_picked":["FollowUp","BowlingBash"],"picked":"TalkToTheHand","floor":1},{"not_picked":["Evaluate","Pray"],"picked":"CrushJoints","floor":2},{"not_picked":["ThirdEye","Protect"],"picked":"FollowUp","floor":3},{"not_picked":["Judgement","FollowUp"],"picked":"CutThroughFate","floor":4},{"not_picked":["Protect","SashWhip"],"picked":"ThirdEye","floor":6},{"not_picked":["ClearTheMind","Crescendo"],"picked":"WaveOfTheHand","floor":7},{"not_picked":["Halt","Evaluate"],"picked":"FlurryOfBlows","floor":8},{"not_picked":["Study","Prostrate"],"picked":"LikeWater","floor":12},{"not_picked":["SashWhip","Collect","Prostrate"],"picked":"SKIP","floor":13},{"not_picked":["Swivel","Crescendo"],"picked":"Vault","floor":14},{"not_picked":["Alpha","Omniscience"],"picked":"SpiritShield","floor":16},{"not_picked":["Vengeance","WreathOfFlame+1"],"picked":"Wallop","floor":18},{"not_picked":["FlyingSleeves","Protect"],"picked":"WheelKick","floor":19},{"not_picked":["Consecrate","Halt"],"picked":"TalkToTheHand","floor":21},{"not_picked":["SignatureMove+1","BowlingBash+1"],"picked":"Meditate","floor":23},{"not_picked":["EmptyFist","WreathOfFlame"],"picked":"JustLucky","floor":25},{"not_picked":["Worship","CrushJoints"],"picked":"Meditate","floor":27},{"not_picked":["Evaluate","Protect","FollowUp"],"picked":"SKIP","floor":28},{"not_picked":["EmptyFist","Halt"],"picked":"FearNoEvil+1","floor":30},{"not_picked":["Omniscience","Wish"],"picked":"Tantrum","floor":31},{"not_picked":["Brilliance","LessonLearned"],"picked":"DeusExMachina","floor":33},{"not_picked":["SignatureMove"],"picked":"SKIP","floor":35},{"not_picked":[],"picked":"Consecrate","floor":41},{"not_picked":["WheelKick"],"picked":"SKIP","floor":42},{"not_picked":["Evaluate"],"picked":"SKIP","floor":46},{"not_picked":[],"picked":"Halt","floor":48},{"not_picked":["Meditate"],"picked":"SKIP","floor":55}],"player_experience":1893845,"relics_obtained":[{"floor":6,"key":"Old Coin"},{"floor":8,"key":"Bag of Marbles"},{"floor":9,"key":"Matryoshka"},{"floor":13,"key":"Letter Opener"},{"floor":19,"key":"Red Mask"},{"floor":23,"key":"InkBottle"},{"floor":26,"key":"Bronze Scales"},{"floor":26,"key":"Centennial Puzzle"},{"floor":27,"key":"CeramicFish"},{"floor":31,"key":"Incense Burner"},{"floor":37,"key":"Gambling Chip"},{"floor":42,"key":"Oddly Smooth Stone"},{"floor":43,"key":"Lantern"},{"floor":46,"key":"Boot"},{"floor":55,"key":"FossilizedHelix"}],"event_choices":[{"damage_healed":0,"gold_gain":0,"player_choice":"Upgraded","damage_taken":0,"max_hp_gain":0,"max_hp_loss":0,"event_name":"Upgrade Shrine","floor":10,"gold_loss":0,"cards_upgraded":["TalkToTheHand"]},{"damage_healed":0,"gold_gain":0,"player_choice":"Fought Bandits","damage_taken":0,"max_hp_gain":0,"max_hp_loss":0,"event_name":"Masked Bandits","floor":19,"gold_loss":0},{"damage_healed":0,"gold_gain":0,"player_choice":"Joined the Cult","damage_taken":6,"max_hp_gain":0,"max_hp_loss":0,"event_name":"Nest","floor":22,"gold_loss":0,"cards_obtained":["RitualDagger"]},{"damage_healed":0,"gold_gain":222,"player_choice":"Wore Mask","damage_taken":0,"max_hp_gain":0,"max_hp_loss":0,"event_name":"Tomb of Lord Red Mask","floor":36,"gold_loss":0},{"damage_healed":0,"gold_gain":0,"player_choice":"Fight","damage_taken":0,"max_hp_gain":0,"max_hp_loss":0,"event_name":"MindBloom","floor":37,"gold_loss":0},{"damage_healed":0,"gold_gain":0,"player_choice":"Max HP","damage_taken":0,"max_hp_gain":0,"max_hp_loss":4,"event_name":"Winding Halls","floor":39,"gold_loss":0}],"is_beta":true,"boss_relics":[{"not_picked":["Ectoplasm","Astrolabe"],"picked":"Cursed Key"},{"not_picked":["Coffee Dripper","Pandora\u0027s Box"],"picked":"Busted Crown"}],"items_purged_floors":[20,29,38],"is_endless":false,"potions_floor_spawned":[1,4,8,21,27,28,31,33,35,41,42],"ascension_level":20}}