{"host":"hf8wn58z41rkrmnq","time":1612580594,"event":{"mods":["BaseMod","Better Third Choice","BetterRewards","Colored Map","Colored Powertips","Infinite Spire","Minty Spire (QoL Compilation)","Quick Restart","Relic Sorter","Relic Stats","Replay The Spire","Spicy Shops","StSLib"],"gold_per_floor":[111,111,123,48,48,48,48,63,63,75,90,90,116,136,136,239,239,256,256,531,551,551,551,551,568,568,594,614,614,632,632,632,732,732,749,326,344,344,344],"floor_reached":38,"language":"ENG","playtime":2341,"items_purged":["Regret","Regret","Strike_R+1"],"score":436,"play_id":"445c45f5-b585-4f96-95c1-412e9de911fe","local_time":"20210205220314","is_ascension_mode":true,"campfire_choices":[{"data":"Cleave","floor":6,"key":"SMITH"},{"data":"Cleave","floor":12,"key":"SMITH"},{"data":"Strike_R","floor":15,"key":"PURGE"},{"data":"infinitespire:TheBestDefense","floor":23,"key":"SMITH"},{"data":"Demon Form","floor":29,"key":"SMITH"},{"floor":32,"key":"REST"}],"circlet_count":0,"master_deck":["Defend_R","Bash","Twin Strike","Cleave+1","Cleave+1","Demon Form+1","infinitespire:TheBestDefense+1","Power Through"],"relics":["Burning Blood","Replay:Kaleidoscope","Gremlin Horn","Vajra","Empty Cage","Replay:Mystery Machine","King of Hearts","ReplayTheSpireMod:Shallot","Black Star","Akabeko","Matryoshka"],"acts_visited":["Exordium","TheCity","TheBeyond"],"potions_floor_usage":[13,16,16,27,33,33],"damage_taken":[{"damage":7,"enemies":"Jaw Worm","floor":1,"turns":3},{"damage":8,"enemies":"Small Slimes","floor":3,"turns":3},{"damage":1,"enemies":"Cultist","floor":8,"turns":3},{"damage":24,"enemies":"Exordium Wildlife","floor":10,"turns":3},{"damage":0,"enemies":"2 Fungi Beasts","floor":11,"turns":2},{"damage":18,"enemies":"Lagavulin","floor":13,"turns":5},{"damage":5,"enemies":"Gremlin Gang","floor":14,"turns":3},{"damage":44,"enemies":"Hexaghost","floor":16,"turns":6},{"damage":15,"enemies":"3 Byrds","floor":18,"turns":4},{"damage":21,"enemies":"Chosen","floor":21,"turns":4},{"damage":2,"enemies":"Snecko","floor":25,"turns":4},{"damage":17,"enemies":"Replay:Snechameleon","floor":27,"turns":6},{"damage":4,"enemies":"Cultist and Chosen","floor":28,"turns":4},{"damage":14,"enemies":"Centurion and Healer","floor":30,"turns":4},{"damage":38,"enemies":"Automaton","floor":33,"turns":7},{"damage":24,"enemies":"Orb Walker","floor":35,"turns":5},{"damage":1,"enemies":"3 Darklings","floor":37,"turns":3},{"damage":8,"enemies":"infinitespire:Three Voidlings","floor":38,"turns":3},{"damage":83,"enemies":"Nightmare_Alpha","floor":38,"turns":8}],"seed_played":"2354563734431602851","potions_obtained":[{"floor":8,"key":"Dexterity Potion"},{"floor":13,"key":"Swift Potion"},{"floor":14,"key":"Energy Potion"},{"floor":16,"key":"Milkshake"},{"floor":21,"key":"Energy Potion"},{"floor":25,"key":"BlessingOfTheForge"},{"floor":30,"key":"SteroidPotion"}],"is_trial":false,"path_per_floor":["M","?","M","$","?","R","?","M","T","M","M","R","E","M","R_BF","B",null,"M","?","?","M","AVR","R","?","M","T","E","M","R","M","?","R","B",null,"M","$","M","?"],"character_chosen":"IRONCLAD","items_purchased":["Akabeko","Matryoshka"],"campfire_rested":1,"item_purchase_floors":[36,36],"current_hp_per_floor":[55,55,53,53,37,37,80,80,80,62,68,68,56,57,57,19,80,71,56,56,41,41,41,41,45,45,34,36,36,28,28,53,21,85,67,67,72,0,0],"gold":344,"neow_bonus":"TRANSFORM_TWO_CARDS","is_daily":false,"chose_seed":false,"campfire_upgraded":4,"win_rate":0.0,"timestamp":1612580594,"path_taken":["M","?","M","$","?","R","?","M","T","?","M","R","E","M","R_BF","BOSS","M","?","?","?","AVR","R","?","M","T","E","M","R","M","?","R","BOSS","M","$","M","?"],"items_purchased_type":["Relic","Relic"],"build_version":"2020-12-22","purchased_purges":3,"victory":false,"max_hp_per_floor":[80,80,80,80,80,80,80,80,80,80,80,80,80,80,80,80,80,80,85,85,85,85,85,85,85,85,85,85,85,85,85,85,85,85,85,85,85,85,85],"relic_stats":{"Gremlin Horn":[15,15],"counters":[19,80],"Black Star":0,"obtain_stats":[{"Matryoshka":36,"Gremlin Horn":9,"ReplayTheSpireMod:Shallot":27,"Vajra":13,"King of Hearts":26,"Black Star":34,"Replay:Kaleidoscope":2,"Replay:Mystery Machine":22,"Empty Cage":22,"Burning Blood":0,"Akabeko":36},{"Matryoshka":16,"Gremlin Horn":3,"ReplayTheSpireMod:Shallot":12,"Vajra":6,"King of Hearts":11,"Black Star":15,"Replay:Kaleidoscope":1,"Replay:Mystery Machine":10,"Empty Cage":10,"Burning Blood":0,"Akabeko":16},{"Matryoshka":66,"Gremlin Horn":9,"ReplayTheSpireMod:Shallot":46,"Vajra":19,"King of Hearts":40,"Black Star":61,"Replay:Kaleidoscope":3,"Replay:Mystery Machine":36,"Empty Cage":36,"Burning Blood":0,"Akabeko":66}],"Burning Blood":103},"card_choices":[{"not_picked":["Clash","Run Through","Twin Strike"],"picked":"SKIP","floor":1},{"not_picked":["ReplayTheSpireMod:LeadingStrike","Thunderclap"],"picked":"Cleave","floor":3},{"not_picked":["Clothesline","Dark Embrace","Iron Wave"],"picked":"SKIP","floor":8},{"not_picked":["Wild Strike","Power Through"],"picked":"Cleave","floor":10},{"not_picked":["Pommel Strike","Infernal Blade","Havoc"],"picked":"SKIP","floor":11},{"not_picked":["Pommel Strike","Infernal Blade","Havoc"],"picked":"SKIP","floor":11},{"not_picked":["Evolve","Warcry"],"picked":"Demon Form","floor":13},{"not_picked":["Run Through","Inflame","Power Through"],"picked":"SKIP","floor":14},{"not_picked":["Warcry","Havoc","Bloodletting"],"picked":"SKIP","floor":18},{"not_picked":["Clothesline","Wild Strike","ReplayTheSpireMod:Limb From Limb"],"picked":"SKIP","floor":21},{"not_picked":["Wild Strike","Flex","Blood for Blood"],"picked":"SKIP","floor":25},{"not_picked":["Warcry","Reckless Charge+1","Feel No Pain"],"picked":"SKIP","floor":27},{"not_picked":["Cleave","True Grit","Havoc+1"],"picked":"SKIP","floor":28},{"not_picked":["Cleave","True Grit","Havoc+1"],"picked":"SKIP","floor":28},{"not_picked":["Dark Embrace","ReplayTheSpireMod:Stacked","Fire Breathing+1"],"picked":"SKIP","floor":30},{"not_picked":["Combust","Perfected Strike","Flex+1"],"picked":"SKIP","floor":35},{"not_picked":["Dropkick","Intimidate","Perfected Strike"],"picked":"SKIP","floor":37}],"player_experience":223229,"relics_obtained":[{"floor":9,"key":"Gremlin Horn"},{"floor":13,"key":"Vajra"},{"floor":26,"key":"King of Hearts"},{"floor":27,"key":"ReplayTheSpireMod:Shallot"}],"event_choices":[{"damage_healed":0,"gold_gain":0,"player_choice":"Box","damage_taken":0,"relics_obtained":["Replay:Kaleidoscope"],"max_hp_gain":0,"max_hp_loss":0,"event_name":"Big Fish","floor":2,"gold_loss":0,"cards_obtained":["Regret"]},{"damage_healed":53,"gold_gain":0,"player_choice":"Upgrade","damage_taken":16,"max_hp_gain":0,"max_hp_loss":80,"event_name":"betterThird:BetterShining","floor":5,"gold_loss":0,"cards_upgraded":["Feel No Pain","Strike_R"]},{"cards_removed":["Feel No Pain"],"damage_healed":43,"gold_gain":0,"player_choice":"Offered Uncommon","damage_taken":0,"max_hp_gain":0,"max_hp_loss":0,"event_name":"Bonfire Elementals","floor":7,"gold_loss":0},{"damage_healed":0,"gold_gain":0,"player_choice":"Shed Blood","damage_taken":20,"max_hp_gain":5,"max_hp_loss":0,"event_name":"Forgotten Altar","floor":19,"gold_loss":0},{"damage_healed":0,"gold_gain":275,"player_choice":"Desecrate","damage_taken":0,"max_hp_gain":0,"max_hp_loss":0,"event_name":"Golden Shrine","floor":20,"gold_loss":0,"cards_obtained":["Regret"]},{"damage_healed":0,"gold_gain":0,"cards_transformed":["Defend_R","Defend_R"],"player_choice":"Became Test Subject","damage_taken":0,"max_hp_gain":0,"max_hp_loss":0,"event_name":"Drug Dealer","floor":24,"gold_loss":0,"cards_obtained":["Power Through","Hemokinesis"]},{"cards_removed":["Hemokinesis"],"damage_healed":0,"gold_gain":0,"player_choice":"Elegance","damage_taken":0,"max_hp_gain":0,"max_hp_loss":0,"event_name":"betterThird:BetterWriting","floor":31,"gold_loss":0}],"is_beta":false,"boss_relics":[{"not_picked":["Velvet Choker","ReplayTheSpireMod:SealedPack","Replay:Wanted Poster"]},{"not_picked":["Runic Cube","ReplayTheSpireMod:DimensionalGlitch"],"picked":"Black Star"}],"items_purged_floors":[4,22,36],"is_endless":false,"potions_floor_spawned":[8,13,14,16,21,25,30,38],"killed_by":"Nightmare_Alpha","ascension_level":2}}