{"host":"gfxjwtol062e9znw","time":1612606951,"event":{"mods":["BaseMod","Colored Map","Minty Spire (QoL Compilation)","Rare Cards Sparkle"],"gold_per_floor":[115,127,146,165,340,340,351,369,369,394,394,394,410,260,260,356,356,367,378,378,477,242,242,268,268,268,279,50,65,65,76,76,76,76],"floor_reached":33,"language":"ENG","playtime":1765,"items_purged":["Doubt","Strike_R"],"score":429,"play_id":"344ff0d2-975b-44f8-887a-1366dff45bd9","local_time":"20210206212231","is_ascension_mode":true,"campfire_choices":[{"data":"Wild Strike","floor":6,"key":"SMITH"},{"floor":11,"key":"REST"},{"data":"Body Slam","floor":15,"key":"SMITH"},{"floor":23,"key":"REST"},{"floor":25,"key":"REST"},{"floor":30,"key":"REST"},{"floor":32,"key":"REST"}],"circlet_count":0,"master_deck":["AscendersBane","Strike_R","Strike_R","Strike_R","Defend_R","Defend_R","Bash","Wild Strike+1","Ghostly Armor","Flame Barrier","Power Through","True Grit","Headbutt","Body Slam+1","Armaments","Double Tap","Armaments+1","Impervious+1","Bloodletting+1","Fire Breathing","Uppercut","Entrench","Cleave","Limit Break","Metallicize","Exhume"],"relics":["Burning Blood","White Beast Statue","Pear","Astrolabe","Brimstone","Mummified Hand","Meat on the Bone"],"acts_visited":["Exordium","TheCity"],"potions_floor_usage":[4,10,10,16,16,16,19,19,24,31,33,33,33],"damage_taken":[{"damage":4,"enemies":"2 Louse","floor":1,"turns":3},{"damage":8,"enemies":"Jaw Worm","floor":2,"turns":4},{"damage":3,"enemies":"Small Slimes","floor":3,"turns":4},{"damage":0,"enemies":"3 Louse","floor":4,"turns":3},{"damage":0,"enemies":"Large Slime","floor":7,"turns":6},{"damage":4,"enemies":"Blue Slaver","floor":8,"turns":4},{"damage":41,"enemies":"3 Sentries","floor":10,"turns":12},{"damage":0,"enemies":"2 Fungi Beasts","floor":13,"turns":4},{"damage":38,"enemies":"Slime Boss","floor":16,"turns":17},{"damage":2,"enemies":"Chosen","floor":18,"turns":4},{"damage":30,"enemies":"3 Byrds","floor":19,"turns":7},{"damage":48,"enemies":"Book of Stabbing","floor":24,"turns":5},{"damage":49,"enemies":"3 Cultists","floor":27,"turns":7},{"damage":36,"enemies":"Shelled Parasite and Fungi","floor":29,"turns":5},{"damage":34,"enemies":"Centurion and Healer","floor":31,"turns":7},{"damage":123,"enemies":"Collector","floor":33,"turns":5}],"seed_played":"-3608218121748347946","potions_obtained":[{"floor":0,"key":"Explosive Potion"},{"floor":0,"key":"SkillPotion"},{"floor":0,"key":"Ancient Potion"},{"floor":10,"key":"EssenceOfSteel"},{"floor":13,"key":"DuplicationPotion"},{"floor":16,"key":"PowerPotion"},{"floor":18,"key":"EssenceOfSteel"},{"floor":19,"key":"Energy Potion"},{"floor":24,"key":"BlessingOfTheForge"},{"floor":27,"key":"SpeedPotion"},{"floor":31,"key":"Swift Potion"}],"is_trial":false,"path_per_floor":["M","M","M","M","?","R","M","M","T","E","R","?","M","$","R","B",null,"M","M","?","?","$","R","E","R","T","M","$","M","R","M","R","B"],"character_chosen":"IRONCLAD","items_purchased":["SteroidPotion","Armaments","Brimstone","Uppercut","Limit Break","BloodPotion"],"campfire_rested":5,"item_purchase_floors":[14,14,22,22,28,28],"current_hp_per_floor":[74,72,75,80,80,80,80,80,80,55,82,87,93,93,93,61,87,91,67,67,67,67,95,53,81,81,50,50,32,60,44,72,0,0],"gold":76,"neow_bonus":"THREE_SMALL_POTIONS","is_daily":false,"chose_seed":false,"campfire_upgraded":2,"win_rate":0.0,"timestamp":1612606951,"path_taken":["M","M","M","M","?","R","M","M","T","E","R","?","M","$","R","BOSS","M","M","?","?","$","R","E","R","T","M","$","M","R","M","R","BOSS"],"items_purchased_type":["Potion","Card","Relic","Card","Card","Potion"],"build_version":"2020-12-22","purchased_purges":2,"victory":false,"max_hp_per_floor":[80,80,80,80,80,80,80,80,80,90,90,95,95,95,95,95,95,95,95,95,95,95,95,95,95,95,95,95,95,95,95,95,95,95],"card_choices":[{"not_picked":["Shrug It Off","Clash"],"picked":"Wild Strike","floor":1},{"not_picked":["Wild Strike","Warcry"],"picked":"Ghostly Armor","floor":2},{"not_picked":["Dark Embrace","Rage"],"picked":"Flame Barrier","floor":3},{"not_picked":["Clothesline","Perfected Strike"],"picked":"Power Through","floor":4},{"not_picked":["Havoc","Feel No Pain"],"picked":"True Grit","floor":7},{"not_picked":["Warcry","Power Through","Feel No Pain"],"picked":"SKIP","floor":8},{"not_picked":["Sever Soul","Combust"],"picked":"Headbutt","floor":10},{"not_picked":["Sentinel","Thunderclap"],"picked":"Body Slam","floor":13},{"not_picked":["Berserk","Limit Break"],"picked":"Double Tap","floor":16},{"not_picked":["Anger+1","Blood for Blood","Flex"],"picked":"SKIP","floor":18},{"not_picked":["Ghostly Armor","Rage"],"picked":"Fire Breathing","floor":19},{"not_picked":["Ghostly Armor","Clash+1"],"picked":"Entrench","floor":24},{"not_picked":["Rampage","Rage"],"picked":"Cleave","floor":27},{"not_picked":["Blood for Blood","Sword Boomerang"],"picked":"Metallicize","floor":29},{"not_picked":["Wild Strike","Twin Strike"],"picked":"Exhume","floor":31}],"player_experience":114041,"relics_obtained":[{"floor":9,"key":"White Beast Statue"},{"floor":10,"key":"Pear"},{"floor":24,"key":"Mummified Hand"},{"floor":26,"key":"Meat on the Bone"}],"event_choices":[{"damage_healed":0,"gold_gain":175,"player_choice":"AGREE","damage_taken":0,"max_hp_gain":0,"max_hp_loss":0,"event_name":"Liars Game","floor":5,"gold_loss":0,"cards_obtained":["Doubt"]},{"damage_healed":0,"gold_gain":0,"player_choice":"Donut","damage_taken":0,"max_hp_gain":5,"max_hp_loss":0,"event_name":"Big Fish","floor":12,"gold_loss":0},{"damage_healed":0,"gold_gain":0,"player_choice":"Ignored","damage_taken":0,"max_hp_gain":0,"max_hp_loss":0,"event_name":"Vampires","floor":20,"gold_loss":0},{"damage_healed":0,"gold_gain":99,"player_choice":"Stole From Cult","damage_taken":0,"max_hp_gain":0,"max_hp_loss":0,"event_name":"Nest","floor":21,"gold_loss":0}],"is_beta":false,"boss_relics":[{"not_picked":["Ectoplasm","Philosopher\u0027s Stone"],"picked":"Astrolabe"}],"items_purged_floors":[14,28],"is_endless":false,"potions_floor_spawned":[2,10,13,16,18,19,24,27,29,31],"killed_by":"Collector","ascension_level":10}}