{"host":"41d2uy75sdxmy7nu","time":1612645332,"event":{"mods":["BaseMod","Block Reminder","Colored Powertips","DeckTracker","Highlight Path","Minty Spire (QoL Compilation)","Permanent Neow","Quick Restart","Rare Cards Sparkle","Relic Stats","Robot Space Explorer","StSLib","The Marked","The Servant 0.9.4"],"gold_per_floor":[115,131,306,381,331,361,371,402,481,481,493,522,533,546,546,546,546],"floor_reached":16,"language":"ENG","playtime":530,"items_purged":[],"score":140,"play_id":"a532afa8-3627-4e04-9330-3cc57c52cb76","local_time":"20210206140212","is_ascension_mode":true,"campfire_choices":[{"data":"Perfected Strike","floor":10,"key":"SMITH"},{"data":"1","floor":15,"key":"LIFT"}],"circlet_count":0,"master_deck":["Strike_R","Strike_R","Strike_R","Strike_R","Strike_R","Defend_R","Defend_R","Defend_R","Defend_R","Bash","Perfected Strike","Uppercut","Perfected Strike","True Grit","Perfected Strike+1","Brutality","Entrench","Shrug It Off","Fire Breathing","Pommel Strike"],"relics":["Burning Blood","Unceasing Top","Toy Ornithopter","Letter Opener","Girya"],"acts_visited":["Exordium"],"potions_floor_usage":[14,16,16],"damage_taken":[{"damage":7,"enemies":"Small Slimes","floor":1,"turns":3},{"damage":7,"enemies":"Jaw Worm","floor":2,"turns":3},{"damage":30,"enemies":"Lagavulin","floor":6,"turns":5},{"damage":0,"enemies":"2 Louse","floor":7,"turns":2},{"damage":16,"enemies":"Gremlin Nob","floor":8,"turns":3},{"damage":6,"enemies":"Exordium Thugs","floor":11,"turns":4},{"damage":26,"enemies":"3 Sentries","floor":12,"turns":8},{"damage":10,"enemies":"Blue Slaver","floor":13,"turns":3},{"damage":12,"enemies":"3 Louse","floor":14,"turns":3},{"damage":24,"enemies":"The Guardian","floor":16,"turns":9}],"seed_played":"4916871331695426397","potions_obtained":[{"floor":1,"key":"Energy Potion"},{"floor":6,"key":"DuplicationPotion"},{"floor":8,"key":"Block Potion"}],"is_trial":false,"path_per_floor":["M","M","?","?","?","E","M","E","T","R","M","E","M","M","R","B"],"character_chosen":"IRONCLAD","items_purchased":[],"campfire_rested":0,"item_purchase_floors":[],"current_hp_per_floor":[79,78,78,67,67,43,49,39,39,39,39,19,15,14,14,0,0],"gold":546,"neow_bonus":"THREE_CARDS","is_daily":false,"chose_seed":false,"campfire_upgraded":1,"win_rate":0.0,"timestamp":1612645332,"path_taken":["M","M","?","?","?","E","M","E","T","R","M","E","?","M","R","BOSS"],"items_purchased_type":[],"build_version":"2020-12-22","purchased_purges":0,"victory":false,"max_hp_per_floor":[80,80,80,80,80,80,80,80,80,80,80,80,80,80,80,80,80],"relic_stats":{"counters":[10,43],"Letter Opener":[0],"obtain_stats":[{"Girya":12,"Letter Opener":9,"Burning Blood":0,"Unceasing Top":6,"Toy Ornithopter":8},{"Girya":7,"Letter Opener":5,"Burning Blood":0,"Unceasing Top":3,"Toy Ornithopter":5},{"Girya":28,"Letter Opener":16,"Burning Blood":0,"Unceasing Top":11,"Toy Ornithopter":16}],"Burning Blood":54,"Unceasing Top":[0],"Toy Ornithopter":15},"card_choices":[{"not_picked":["Clothesline","True Grit"],"picked":"Perfected Strike","floor":0},{"not_picked":["Body Slam","Burning Pact"],"picked":"Uppercut","floor":1},{"not_picked":["Metallicize","True Grit"],"picked":"Perfected Strike","floor":2},{"not_picked":["Cleave","Bloodletting"],"picked":"True Grit","floor":6},{"not_picked":["Thunderclap","Body Slam"],"picked":"Perfected Strike","floor":7},{"not_picked":["Havoc","Heavy Blade"],"picked":"Brutality","floor":8},{"not_picked":["True Grit","Heavy Blade"],"picked":"Entrench","floor":11},{"not_picked":["Battle Trance","Sword Boomerang"],"picked":"Shrug It Off","floor":12},{"not_picked":["Dark Embrace","Disarm"],"picked":"Fire Breathing","floor":13},{"not_picked":["Disarm","Thunderclap"],"picked":"Pommel Strike","floor":14}],"player_experience":858237,"relics_obtained":[{"floor":6,"key":"Unceasing Top"},{"floor":8,"key":"Toy Ornithopter"},{"floor":9,"key":"Letter Opener"},{"floor":12,"key":"Girya"}],"event_choices":[{"damage_healed":0,"gold_gain":175,"player_choice":"AGREE","damage_taken":0,"max_hp_gain":0,"max_hp_loss":0,"event_name":"Liars Game","floor":3,"gold_loss":0,"cards_obtained":["Doubt"]},{"damage_healed":0,"gold_gain":75,"player_choice":"Gather Gold","damage_taken":11,"max_hp_gain":0,"max_hp_loss":0,"event_name":"World of Goop","floor":4,"gold_loss":0},{"cards_removed":["Doubt"],"damage_healed":0,"gold_gain":0,"player_choice":"Card Removal","damage_taken":0,"max_hp_gain":0,"max_hp_loss":0,"event_name":"The Cleric","floor":5,"gold_loss":50}],"is_beta":false,"boss_relics":[],"items_purged_floors":[],"is_endless":false,"potions_floor_spawned":[1,6,8,13],"killed_by":"The Guardian","ascension_level":3}}