{"host":"13o02hya6v6rzuva","time":1612632696,"event":{"mods":["BaseMod","Minty Spire (QoL Compilation)","Relic Stats"],"gold_per_floor":[109,109,120,120,143,187,187,225,225,225,225,225,225,240,240,365,428,444,444,444,459,477,477,477],"floor_reached":23,"language":"ENG","playtime":888,"items_purged":[],"score":264,"play_id":"4071d675-e47a-4cc8-b364-3286f6d3135e","local_time":"20210206183136","is_ascension_mode":true,"campfire_choices":[{"data":"DeceiveReality","floor":7,"key":"SMITH"},{"data":"Vigilance","floor":10,"key":"SMITH"},{"floor":13,"key":"REST"},{"data":"Eruption","floor":15,"key":"SMITH"}],"circlet_count":0,"master_deck":["Strike_P","Strike_P+1","Strike_P","Strike_P","Defend_P","Defend_P","Defend_P","Defend_P+1","Eruption+1","Vigilance+1","Consecrate","DeceiveReality+1","Halt","Injury","BowlingBash","PathToVictory","Consecrate+1","FollowUp","Scrawl","PathToVictory+1","PathToVictory"],"relics":["PureWater","Pear","Sundial","Bag of Preparation","Meat on the Bone","Tiny House","Nloth\u0027s Gift"],"acts_visited":["Exordium","TheCity"],"potions_floor_usage":[16,16,21,22],"damage_taken":[{"damage":7,"enemies":"2 Louse","floor":1,"turns":2},{"damage":0,"enemies":"Cultist","floor":3,"turns":2},{"damage":0,"enemies":"Small Slimes","floor":5,"turns":3},{"damage":27,"enemies":"Gremlin Nob","floor":6,"turns":4},{"damage":22,"enemies":"3 Sentries","floor":8,"turns":8},{"damage":0,"enemies":"Looter","floor":14,"turns":2},{"damage":34,"enemies":"Hexaghost","floor":16,"turns":9},{"damage":8,"enemies":"2 Thieves","floor":18,"turns":3},{"damage":48,"enemies":"Spheric Guardian","floor":21,"turns":6},{"damage":8,"enemies":"3 Cultists","floor":22,"turns":5},{"damage":80,"enemies":"Book of Stabbing","floor":23,"turns":6}],"seed_played":"1936846349032903374","potions_obtained":[{"floor":1,"key":"Energy Potion"},{"floor":6,"key":"Regen Potion"},{"floor":8,"key":"Energy Potion"},{"floor":14,"key":"LiquidBronze"},{"floor":17,"key":"LiquidBronze"}],"is_trial":false,"path_per_floor":["M","?","M","?","M","E","R","E","T","R","?","?","R","M","R","B",null,"M","?","?","M","M","E"],"character_chosen":"WATCHER","items_purchased":[],"campfire_rested":1,"item_purchase_floors":[],"current_hp_per_floor":[65,75,75,75,75,48,48,26,26,26,10,10,34,46,46,39,87,79,79,79,43,47,0,0],"gold":477,"neow_bonus":"THREE_CARDS","is_daily":false,"chose_seed":false,"campfire_upgraded":3,"win_rate":0.0,"timestamp":1612632696,"path_taken":["M","?","?","?","M","E","R","E","T","R","?","?","R","M","R","BOSS","M","?","?","M","?","E"],"items_purchased_type":[],"build_version":"2020-12-22","purchased_purges":0,"victory":false,"max_hp_per_floor":[72,82,82,82,82,82,82,82,82,82,82,82,82,82,82,82,87,87,87,87,87,87,87,87],"relic_stats":{"counters":[11,50],"Sundial":[4],"Bag of Preparation":[12],"Nloth\u0027s Gift":0,"obtain_stats":[{"Pear":2,"Tiny House":17,"Golden Idol":4,"Sundial":6,"Bag of Preparation":8,"Nloth\u0027s Gift":20,"PureWater":0,"Meat on the Bone":9},{"Pear":1,"Tiny House":7,"Golden Idol":2,"Sundial":4,"Bag of Preparation":5,"Nloth\u0027s Gift":8,"PureWater":0,"Meat on the Bone":5},{"Pear":2,"Tiny House":30,"Golden Idol":4,"Sundial":11,"Bag of Preparation":19,"Nloth\u0027s Gift":33,"PureWater":0,"Meat on the Bone":19}],"Meat on the Bone":48},"card_choices":[{"not_picked":["Indignation","Halt"],"picked":"Consecrate","floor":0},{"not_picked":["WaveOfTheHand","Pray"],"picked":"DeceiveReality","floor":1},{"not_picked":["ForeignInfluence","Meditate"],"picked":"Halt","floor":3},{"not_picked":["Consecrate","Crescendo"],"picked":"BowlingBash","floor":5},{"not_picked":["EmptyBody","Sanctity"],"picked":"PathToVictory","floor":6},{"not_picked":["Sanctity","Halt"],"picked":"Consecrate","floor":8},{"not_picked":["EmptyBody","ClearTheMind"],"picked":"FollowUp","floor":14},{"not_picked":["Wish","Devotion"],"picked":"Scrawl","floor":16},{"not_picked":["Swivel","FearNoEvil+1"],"picked":"PathToVictory+1","floor":18},{"not_picked":["Crescendo","WheelKick","ClearTheMind"],"picked":"SKIP","floor":21},{"not_picked":["Crescendo+1","FlurryOfBlows","ClearTheMind"],"picked":"SKIP","floor":22}],"player_experience":1187730,"relics_obtained":[{"floor":6,"key":"Sundial"},{"floor":8,"key":"Bag of Preparation"},{"floor":9,"key":"Meat on the Bone"}],"event_choices":[{"damage_healed":0,"gold_gain":0,"player_choice":"Gave Potion","damage_taken":0,"relics_obtained":["Pear"],"max_hp_gain":0,"max_hp_loss":0,"event_name":"WeMeetAgain","floor":2,"gold_loss":0},{"damage_healed":0,"gold_gain":0,"player_choice":"Take Wound","damage_taken":0,"relics_obtained":["Golden Idol"],"max_hp_gain":0,"max_hp_loss":0,"event_name":"Golden Idol","floor":4,"gold_loss":0,"cards_obtained":["Injury"]},{"damage_healed":0,"gold_gain":0,"player_choice":"Entered Light","damage_taken":16,"max_hp_gain":0,"max_hp_loss":0,"event_name":"Shining Light","floor":11,"gold_loss":0,"cards_upgraded":["Defend_P","Strike_P"]},{"damage_healed":0,"gold_gain":0,"player_choice":"Fled","damage_taken":0,"max_hp_gain":0,"max_hp_loss":0,"event_name":"Scrap Ooze","floor":12,"gold_loss":0},{"damage_healed":0,"gold_gain":0,"player_choice":"Read","damage_taken":0,"max_hp_gain":0,"max_hp_loss":0,"event_name":"The Library","floor":19,"gold_loss":0,"cards_obtained":["PathToVictory"]},{"damage_healed":0,"gold_gain":0,"player_choice":"Traded Relic","damage_taken":0,"relics_obtained":["Nloth\u0027s Gift"],"max_hp_gain":0,"max_hp_loss":0,"event_name":"N\u0027loth","floor":20,"relics_lost":["Golden Idol"],"gold_loss":0}],"is_beta":false,"boss_relics":[{"not_picked":["SacredBark","Cursed Key"],"picked":"Tiny House"}],"items_purged_floors":[],"is_endless":false,"potions_floor_spawned":[1,6,8,14],"killed_by":"Book of Stabbing","ascension_level":4}}