{"host":"309yqw9tjbxpv1z4","time":1612572343,"event":{"mods":["AchievementEnabler","BaseMod","Beaked The Cultist","BetterRewards","Downfall","Duelist Mod","GifTheSpireLib","Infinite Spire","Minty Spire (QoL Compilation)","READ ME - Guardian Mod","StSLib","The Cursed","The Hierophant","The IronCluck","The Necromancer","The Senshi"],"gold_per_floor":[116,126,0,12,187,187,216,240,263,17,17,17,17,27,27,130,130,149,149,162,176,190,190,190,190,214,214,229,229,245,335,335,437,437,450,464,479,479,491,491,509,509,509,529,543,543,569,36,36,36],"floor_reached":51,"language":"SPA","playtime":5660,"items_purged":[],"score":674,"play_id":"c886a7ec-df7f-43b3-8d4e-4daab7c3b3f8","local_time":"20210205194543","is_ascension_mode":false,"campfire_choices":[{"data":"Bash","floor":6.0,"key":"SMITH"},{"data":"Whirlwind","floor":11.0,"key":"SMITH"},{"data":"Sword Boomerang","floor":15.0,"key":"SMITH"},{"floor":23.0,"key":"REST"},{"data":"Double Tap","floor":25.0,"key":"SMITH"},{"data":"Spot Weakness","floor":27.0,"key":"SMITH"},{"floor":29.0,"key":"REST"},{"data":"Barricade","floor":32.0,"key":"SMITH"},{"floor":40.0,"key":"REST"},{"data":"Impervious","floor":42.0,"key":"SMITH"},{"floor":49,"key":"REST"}],"circlet_count":0,"master_deck":["Strike_R","Strike_R","Strike_R","Strike_R","Strike_R+1","Defend_R","Defend_R","Defend_R+1","Defend_R","Bash+1","Clash","Clothesline","Impervious+1","Body Slam+1","Doubt","Spot Weakness+1","Armaments","Whirlwind+1","Parasite","Sword Boomerang+1","Double Tap+1","Ghostly Armor","Pommel Strike","Clash","Headbutt","Hemokinesis","Barricade+1","Mind Blast","Impervious+1","CurseOfTheBell","Body Slam+1","Dropkick+1","Whirlwind+1","Rage","Sever Soul+1","Power Through","Flex+1","Second Wind+1","Perfected Strike+1","Feed","Perfected Strike+1","Entrench+1","Rage","Clash","Inflame","Carnage"],"relics":["Burning Blood","Ancient Tea Set","Toy Ornithopter","Lantern","Mark of Pain","Nloth\u0027s Gift","Whetstone","Calling Bell","infinitespire:Satchel","Self Forming Clay","FossilizedHelix","Orrery","Nunchaku","Strawberry","Chemical X","infinitespire:Beetle Shell"],"acts_visited":["Exordium","TheCity","TheBeyond"],"potions_floor_usage":[50],"damage_taken":[{"damage":13.0,"enemies":"Cultist","floor":1.0,"turns":5.0},{"damage":2.0,"enemies":"Small Slimes","floor":2.0,"turns":4.0},{"damage":3.0,"enemies":"Jaw Worm","floor":4.0,"turns":3.0},{"damage":14.0,"enemies":"Gremlin Nob","floor":7.0,"turns":4.0},{"damage":12.0,"enemies":"Blue Slaver","floor":14.0,"turns":3.0},{"damage":29.0,"enemies":"The Guardian","floor":16.0,"turns":9.0},{"damage":0.0,"enemies":"Chosen","floor":18.0,"turns":3.0},{"damage":3.0,"enemies":"Shell Parasite","floor":20.0,"turns":5.0},{"damage":11.0,"enemies":"Snecko","floor":21.0,"turns":3.0},{"damage":33.0,"enemies":"Centurion and Healer","floor":22.0,"turns":6.0},{"damage":0.0,"enemies":"Sentry and Sphere","floor":28.0,"turns":4.0},{"damage":0.0,"enemies":"3 Cultists","floor":30.0,"turns":1.0},{"damage":84.0,"enemies":"Champ","floor":33.0,"turns":9.0},{"damage":38.0,"enemies":"3 Shapes","floor":35.0,"turns":5.0},{"damage":0.0,"enemies":"Orb Walker","floor":36.0,"turns":3.0},{"damage":32.0,"enemies":"4 Shapes","floor":37.0,"turns":4.0},{"damage":0.0,"enemies":"Jaw Worm Horde","floor":39.0,"turns":4.0},{"damage":21.0,"enemies":"Writhing Mass","floor":41.0,"turns":4.0},{"damage":4.0,"enemies":"4 Shapes","floor":44.0,"turns":4.0},{"damage":26,"enemies":"Transient","floor":45,"turns":5},{"damage":103,"enemies":"Awakened One","floor":50,"turns":14}],"seed_played":"2126329253874165790","potions_obtained":[{"floor":2.0,"key":"HeartOfIron"},{"floor":14.0,"key":"LiquidBronze"},{"floor":18.0,"key":"Fruit Juice"},{"floor":20.0,"key":"Explosive Potion"},{"floor":30.0,"key":"Fire Potion"},{"floor":35.0,"key":"GamblersBrew"},{"floor":37.0,"key":"FearPotion"},{"floor":39.0,"key":"FearPotion"},{"floor":45,"key":"Dexterity Potion"}],"is_trial":false,"path_per_floor":["M","M","$","M","?","R","E","T","T","$","R","$","?","M","R","B",null,"M","?","M","M","M","R","?","R","T","R","M","R","M","?","R","B",null,"M","M","M","AVR","M","R","M","R","T","M","M","?","T","$","R","B",null],"character_chosen":"IRONCLAD","items_purchased":["Impervious","Block Potion","Lantern","Armaments","Whirlwind","Chemical X","infinitespire:Beetle Shell","Rage","Clash","Inflame","Carnage"],"campfire_rested":4,"item_purchase_floors":[3,3,10,10,10,48,48,48,48,48,48],"current_hp_per_floor":[81,85,85,88,88,88,80,80,80,80,80,80,88,82,82,65,88,88,71,74,69,42,69,69,69,69,69,75,93,93,79,79,16,98,66,72,51,51,62,91,81,81,81,83,63,63,70,70,101,9],"gold":36,"neow_bonus":"TEN_PERCENT_HP_BONUS","is_daily":false,"chose_seed":false,"campfire_upgraded":7,"win_rate":0.0,"timestamp":1612572343,"path_taken":["M","?","$","M","?","R","E","?","T","?","R","?","?","?","R","BOSS","M","?","M","M","M","R","?","R","T","R","?","R","M","?","R","BOSS","M","M","M","AVR","?","R","M","R","T","M","?","?","?","$","R","BOSS"],"items_purchased_type":["Card","Potion","Relic","Card","Card","Relic","Relic","Card","Card","Card","Card"],"build_version":"2020-12-22","purchased_purges":0,"victory":true,"max_hp_per_floor":[88,88,88,88,88,88,88,88,88,88,88,88,88,88,88,88,88,88,93,93,93,93,93,93,93,93,93,93,93,93,98,98,98,98,98,98,98,98,98,98,98,98,98,98,98,98,105,105,105,105],"card_choices":[{"not_picked":["infinitespire:OneForAll","True Grit"],"picked":"Clash","floor":1.0},{"not_picked":["Blood for Blood","Shrug It Off"],"picked":"Clothesline","floor":2.0},{"not_picked":["Burning Pact","Armaments"],"picked":"Body Slam","floor":4.0},{"not_picked":["Rupture","Searing Blow"],"picked":"Spot Weakness","floor":7.0},{"not_picked":["Dropkick","Clothesline"],"picked":"Sword Boomerang","floor":14.0},{"not_picked":["Reaper","Brutality"],"picked":"Double Tap","floor":16.0},{"not_picked":["Searing Blow","Perfected Strike"],"picked":"Ghostly Armor","floor":18.0},{"not_picked":["Warcry","Armaments"],"picked":"Pommel Strike","floor":20.0},{"not_picked":["Metallicize","Rampage"],"picked":"Clash","floor":21.0},{"not_picked":["Shockwave+1","Flex"],"picked":"Headbutt","floor":22.0},{"not_picked":["Searing Blow","Blood for Blood"],"picked":"Hemokinesis","floor":28.0},{"not_picked":["Shrug It Off","True Grit+1"],"picked":"Barricade","floor":30.0},{"not_picked":["Bludgeon","Brutality"],"picked":"Impervious","floor":33.0},{"not_picked":["Ghostly Armor+1","Spot Weakness"],"picked":"Body Slam+1","floor":35.0},{"not_picked":["True Grit","Offering"],"picked":"Dropkick+1","floor":36.0},{"not_picked":["Limit Break","Fire Breathing"],"picked":"Whirlwind+1","floor":37.0},{"not_picked":["Shrug It Off","Sword Boomerang"],"picked":"Rage","floor":38.0},{"not_picked":["Inflame+1","Heavy Blade"],"picked":"Sever Soul+1","floor":38.0},{"not_picked":["True Grit","Searing Blow"],"picked":"Power Through","floor":38.0},{"not_picked":["Reckless Charge","Sword Boomerang+1"],"picked":"Flex+1","floor":38.0},{"not_picked":["Burning Pact","Twin Strike"],"picked":"Second Wind+1","floor":38.0},{"not_picked":["Searing Blow+1","Armaments"],"picked":"Perfected Strike+1","floor":39.0},{"not_picked":["Perfected Strike","Flex+1"],"picked":"Feed","floor":41.0},{"not_picked":["Flex+1","Pommel Strike"],"picked":"Perfected Strike+1","floor":44.0},{"not_picked":["Iron Wave","Heavy Blade"],"picked":"Entrench+1","floor":45}],"player_experience":149772,"relics_obtained":[{"floor":7.0,"key":"War Paint"},{"floor":8.0,"key":"Ancient Tea Set"},{"floor":9.0,"key":"Toy Ornithopter"},{"floor":26.0,"key":"Whetstone"},{"floor":34.0,"key":"infinitespire:Satchel"},{"floor":34.0,"key":"Self Forming Clay"},{"floor":34.0,"key":"FossilizedHelix"},{"floor":43.0,"key":"Nunchaku"},{"floor":47,"key":"Strawberry"}],"event_choices":[{"damage_healed":0.0,"max_hp_gain":0.0,"max_hp_loss":0.0,"gold_gain":175.0,"event_name":"Liars Game","player_choice":"AGREE","floor":5.0,"gold_loss":0.0,"damage_taken":0.0,"cards_obtained":["Doubt"]},{"damage_healed":22.0,"max_hp_gain":0.0,"max_hp_loss":0.0,"gold_gain":0.0,"event_name":"Mushrooms","player_choice":"Healed and dodged fight","floor":13.0,"gold_loss":0.0,"damage_taken":0.0,"cards_obtained":["Parasite"]},{"damage_healed":0.0,"max_hp_gain":5.0,"max_hp_loss":0.0,"gold_gain":0.0,"event_name":"Forgotten Altar","player_choice":"Shed Blood","floor":19.0,"gold_loss":0.0,"damage_taken":22.0},{"damage_healed":0.0,"max_hp_gain":0.0,"max_hp_loss":0.0,"gold_gain":0.0,"event_name":"N\u0027loth","player_choice":"Traded Relic","floor":24.0,"relics_lost":["War Paint"],"gold_loss":0.0,"damage_taken":0.0,"relics_obtained":["Nloth\u0027s Gift"]},{"damage_healed":0.0,"max_hp_gain":0.0,"max_hp_loss":0.0,"gold_gain":90.0,"event_name":"Knowing Skull","player_choice":"GOLD CARD POTION ","floor":31.0,"potions_obtained":["champ:CounterPotion"],"gold_loss":0.0,"damage_taken":24.0,"cards_obtained":["Mind Blast"]},{"damage_healed":0,"gold_gain":0,"player_choice":"Ignored","damage_taken":0,"max_hp_gain":0,"max_hp_loss":0,"event_name":"Tomb of Lord Red Mask","floor":46,"gold_loss":0}],"is_beta":false,"boss_relics":[{"not_picked":["Runic Dome","Snecko Eye"],"picked":"Mark of Pain"},{"not_picked":["Black Star","Tiny House"],"picked":"Calling Bell"}],"items_purged_floors":[],"is_endless":false,"potions_floor_spawned":[2,14,18,20,30,35,37,39,45],"ascension_level":0}}