{"host":"Black","time":1612574460,"event":{"mods":["Act Like it!","Always Whale","AlwaysNeverKeys","Aspiration","BaseMod","Beta Mode","BetterRewards","Colored Map","Colored Powertips","Custom Start","DeckTracker","Downfall","FetchMod","Highlight Path","Hubris","Minty Spire (QoL Compilation)","MoreRelics","Quick Restart","Random Character Button","Shop Mod","StSLib","SuperFastMode","Unceasing Turn Reminder","everything is the same but u backflip on backflip"],"gold_per_floor":[99,117,117,42,61,46,46,46,75,25,25,125,75,90,106,204,204,154,167,184,195,395,395,422,172,73,23,83,70,122,179,233,328,328,278,278,418,431,16,84,123,155,17,29,41,3,34,77,104,116,128,168,0,0,0,0],"floor_reached":57,"language":"ENG","playtime":4484,"items_purged":["Slimebound:Strike_Slimebound","Slimebound:Strike_Slimebound"],"score":1510,"play_id":"a4bd562a-8679-400e-925d-f48e6fe827a0","local_time":"20210206022100","is_ascension_mode":false,"campfire_choices":[{"data":"Trip","floor":1.0,"key":"SMITH"},{"data":"Slimebound:Split","floor":10.0,"key":"SMITH"},{"floor":13.0,"key":"REST"},{"floor":18.0,"key":"RECALL"},{"floor":25.0,"key":"REST"},{"floor":27.0,"key":"REST"},{"floor":35.0,"key":"REST"},{"floor":43.0,"key":"REST"},{"floor":46.0,"key":"REST"},{"floor":54.0,"key":"REST"}],"circlet_count":0,"master_deck":["Slimebound:Tackle","Slimebound:Defend_Slimebound","Slimebound:Defend_Slimebound","Slimebound:Defend_Slimebound","Slimebound:Defend_Slimebound","Slimebound:Split+1","Slimebound:CorrosiveSpit","Trip+1","Slimebound:SplitBruiser","Slimebound:GoopSpray","Slimebound:SlimeTap","Slimebound:HauntingLick+1","Injury","Slimebound:LivingWall+1","Slimebound:Replication+1","Slimebound:ItLooksTasty+1","Slimebound:ComboTackle+1","Slimebound:LevelUp+1","Slimebound:Schlurp+1","Slimebound:LeechingTouch+1","Slimebound:Gluttony+1","Slimebound:RejuvenatingLick+1","Panache","Slimebound:Prepare+1","Slimebound:HauntingLick+1","Slimebound:LeechEnergy+1","Slimebound:SlimeBrawl+1","Slimebound:MassFeed+1","expansioncontent:Chronoboost","expansioncontent:HyperBeam+1","Slimebound:Schlurp+1","Slimebound:SplitAcid+1","Panache","Slimebound:LeechEnergy+1","Slimebound:SplitLeeching+1","Slimebound:LeechEnergy+1","Slimebound:Darklings+1","Slimebound:FormOfPuddle+1","Slimebound:LevelUp+1","Slimebound:Dissolve+1"],"relics":["Slimebound:AbsorbEndCombat","downfall:ShatteredFragment","Slimebound:GreedOozeRelic","Toxic Egg 2","aspiration:DSix","Molten Egg 2","Fusion Hammer","downfall:KnowingSkull","downfall:HeartBlessingBlue","downfall:HeartBlessingRed","Frozen Eye","Sozu","aspiration:Nostalgia","Ring of the Snake","MawBank","Juzu Bracelet","downfall:HeartBlessingGreen","StoneCalendar","Blue Candle"],"acts_visited":["Exordium","TheCity","TheBeyond","TheEnding"],"potions_floor_usage":[56],"damage_taken":[{"damage":0.0,"enemies":"2 Louse","floor":2.0,"turns":3.0},{"damage":14.0,"enemies":"Jaw Worm","floor":5.0,"turns":2.0},{"damage":3.0,"enemies":"downfall:FleeingMerchant","floor":6.0,"turns":4.0},{"damage":12.0,"enemies":"Lagavulin","floor":9.0,"turns":5.0},{"damage":0.0,"enemies":"Small Slimes","floor":14.0,"turns":2.0},{"damage":4.0,"enemies":"3 Louse","floor":15.0,"turns":2.0},{"damage":12.0,"enemies":"WA_ARCHETYPE_RETAIN","floor":16.0,"turns":5.0},{"damage":0.0,"enemies":"Chosen","floor":19.0,"turns":3.0},{"damage":2.0,"enemies":"Spheric Guardian","floor":20.0,"turns":4.0},{"damage":9.0,"enemies":"Centurion and Healer","floor":21.0,"turns":3.0},{"damage":14.0,"enemies":"Centurion and Healer","floor":22.0,"turns":4.0},{"damage":6.0,"enemies":"downfall:FleeingMerchant","floor":26.0,"turns":4.0},{"damage":4.0,"enemies":"Snake Plant","floor":28.0,"turns":2.0},{"damage":6.0,"enemies":"downfall:FleeingMerchant","floor":29.0,"turns":2.0},{"damage":11.0,"enemies":"Sentry and Sphere","floor":30.0,"turns":4.0},{"damage":8.0,"enemies":"Cultist and Chosen","floor":31.0,"turns":3.0},{"damage":6.0,"enemies":"3 Cultists","floor":32.0,"turns":3.0},{"damage":31.0,"enemies":"IC_MUSHROOM_ARCHETYPE","floor":33.0,"turns":4.0},{"damage":10.0,"enemies":"IC_MUSHROOM_ARCHETYPE","floor":37.0,"turns":3.0},{"damage":0.0,"enemies":"3 Shapes","floor":38.0,"turns":1.0},{"damage":28.0,"enemies":"Nemesis","floor":40.0,"turns":5.0},{"damage":1.0,"enemies":"Orb Walker","floor":42.0,"turns":2.0},{"damage":16.0,"enemies":"Jaw Worm Horde","floor":47.0,"turns":2.0},{"damage":1.0,"enemies":"Reptomancer","floor":48.0,"turns":4.0},{"damage":1.0,"enemies":"Transient","floor":49.0,"turns":5.0},{"damage":47.0,"enemies":"DF_ARCHETYPE_ORBS","floor":50.0,"turns":5.0},{"damage":54.0,"enemies":"downfall:CharBossMerchant","floor":52.0,"turns":6.0},{"damage":64,"enemies":"downfall:NeowBoss","floor":55,"turns":9},{"damage":42,"enemies":"downfall:NeowBossFinal","floor":56,"turns":8}],"seed_played":"-4457188254394392340","potions_obtained":[{"floor":5.0,"key":"SpeedPotion"},{"floor":9.0,"key":"CultistPotion"},{"floor":19.0,"key":"hexamod:SoulburnPotion"},{"floor":21.0,"key":"SneckoOil"},{"floor":28.0,"key":"Dexterity Potion"}],"is_trial":false,"path_per_floor":["R","M","?","?","M","$","T","?","E","R","?","?","R","M","M","B",null,"R","M","M","M","?","?","T","R","$","R","M","$","M","M","M","B",null,"R","?","?","M","$","E","T","M","R","?","?","R","M","E","M","B",null,"E","$","R","B","B",null],"character_chosen":"SLIMEBOUND","items_purchased":["Slimebound:LeechingTouch+1","Panache","Frozen Eye","Slimebound:Prepare+1","aspiration:Nostalgia","Panache","Slimebound:LeechEnergy+1","Slimebound:SplitLeeching+1","Slimebound:Dissolve+1"],"campfire_rested":7,"item_purchase_floors":[26,29,29,29,39,39,39,39,53],"current_hp_per_floor":[65,65,47,47,35,38,38,38,28,28,28,28,47,49,51,47,65,65,69,69,72,70,64,64,91,88,91,93,95,94,96,98,75,103,103,93,91,91,91,75,75,84,111,111,111,111,96,103,110,65,111,58,58,91,35,5],"gold":0,"neow_bonus":"RANDOM_COLORLESS","is_daily":false,"chose_seed":false,"campfire_upgraded":2,"win_rate":0.0,"timestamp":1612574460,"path_taken":["R","M","?","?","M","$","T","?","E","R","?","?","R","?","M","BOSS","R","M","M","M","?","?","T","R","$","R","M","$","M","?","M","BOSS","R","?","?","?","$","E","T","M","R","?","?","R","M","E","M","BOSS","E","$","R","BOSS","BOSS"],"items_purchased_type":["Card","Card","Relic","Card","Relic","Card","Card","Card","Card"],"build_version":"2020-12-22","purchased_purges":2,"victory":true,"max_hp_per_floor":[65,65,65,65,65,65,65,65,65,65,65,65,65,65,65,65,65,65,69,69,77,81,81,81,91,91,91,95,95,99,103,103,103,103,103,103,103,103,103,107,107,111,111,111,111,111,111,111,111,111,111,111,111,111,111,115],"card_choices":[{"not_picked":["hubris:Insight","Madness"],"picked":"Trip","floor":0.0},{"not_picked":["Slimebound:SlimeSpikes","Slimebound:ForwardTackle"],"picked":"Slimebound:SplitBruiser","floor":2.0},{"not_picked":["Slimebound:SplitMire","Slimebound:ComboTackle"],"picked":"Slimebound:GoopSpray","floor":5.0},{"not_picked":["Slimebound:AcidTongue","Slimebound:Nibble"],"picked":"Slimebound:SlimeTap","floor":6.0},{"not_picked":["Slimebound:LivingWall+1","Slimebound:Equalize"],"picked":"Slimebound:HauntingLick+1","floor":9.0},{"not_picked":["Slimebound:SplitMire+1","Slimebound:SamplingLick+1"],"picked":"Slimebound:LivingWall+1","floor":14.0},{"not_picked":["Slimebound:SlimeBrawl+1","Slimebound:GrowthPunch+1"],"picked":"Slimebound:Replication+1","floor":15.0},{"not_picked":["Slimebound:Overexert","Slimebound:Teamwork+1"],"picked":"Slimebound:MassFeed+1","floor":16.0},{"not_picked":["Slimebound:HauntingLick+1","Slimebound:LevelUp"],"picked":"Slimebound:ItLooksTasty+1","floor":19.0},{"not_picked":["Slimebound:Nibble+1","Slimebound:SplitAcid+1"],"picked":"Slimebound:ComboTackle+1","floor":20.0},{"not_picked":["Slimebound:LeechEnergy+1","Slimebound:OozeBath+1"],"picked":"Slimebound:LevelUp+1","floor":21.0},{"not_picked":["Slimebound:RejuvenatingLick+1","Slimebound:GoopTackle+1"],"picked":"Slimebound:Schlurp+1","floor":26.0},{"not_picked":["Slimebound:RollThrough+1","Slimebound:AcidTongue"],"picked":"Slimebound:Gluttony+1","floor":28.0},{"not_picked":["Slimebound:FormOfPuddle+1","Slimebound:DisruptingSlam+1"],"picked":"Slimebound:RejuvenatingLick+1","floor":29.0},{"not_picked":["Slimebound:SplitMire+1","Slimebound:ItLooksTasty+1"],"picked":"Slimebound:HauntingLick+1","floor":30.0},{"not_picked":["Slimebound:ForwardTackle+1","Slimebound:Nibble+1"],"picked":"Slimebound:LeechEnergy+1","floor":31.0},{"not_picked":["Slimebound:SpikyOuterGoop","Slimebound:SlimeSpikes+1"],"picked":"Slimebound:SlimeBrawl+1","floor":32.0},{"not_picked":["Slimebound:OozeBath+1","Slimebound:SlimeSlap+1"],"picked":"Slimebound:MassFeed+1","floor":33.0},{"not_picked":["expansioncontent:AwakenDeath","expansioncontent:PolyBeam"],"picked":"expansioncontent:Chronoboost","floor":36.0},{"not_picked":["expansioncontent:InvincibleStrength","expansioncontent:Chronoboost"],"picked":"expansioncontent:HyperBeam","floor":36.0},{"not_picked":["expansioncontent:HyperBeam","expansioncontent:PolyBeam"],"picked":"expansioncontent:InvincibleStrength","floor":36.0},{"not_picked":["Slimebound:FormOfPuddle+1","Slimebound:Repurpose+1"],"picked":"Slimebound:Schlurp+1","floor":37.0},{"not_picked":["Slimebound:FlameTackle+1","Slimebound:FinishingTackle+1"],"picked":"Slimebound:SplitAcid+1","floor":38.0},{"not_picked":["Slimebound:Chomp+1","Slimebound:RainOfGoop+1","Slimebound:Equalize+1"],"picked":"SKIP","floor":40.0},{"not_picked":["Slimebound:Prepare+1","Slimebound:ComboTackle+1"],"picked":"Slimebound:LeechEnergy+1","floor":42.0},{"not_picked":["Slimebound:PressTheAttack+1","Slimebound:SplitAcid+1"],"picked":"Slimebound:FormOfPuddle+1","floor":47.0},{"not_picked":["Slimebound:SlimeBarrage+1","Slimebound:DuplicatedForm"],"picked":"Slimebound:LevelUp+1","floor":48.0},{"not_picked":["Slimebound:SplitLeeching+1","Slimebound:Prepare+1","Slimebound:SpikyOuterGoop"],"picked":"SKIP","floor":49.0},{"not_picked":["Slimebound:GoopTackle+1","Slimebound:PressTheAttack+1","Slimebound:SplitAcid+1"],"picked":"SKIP","floor":52.0}],"player_experience":476537,"relics_obtained":[{"floor":7.0,"key":"Toxic Egg 2"},{"floor":9.0,"key":"aspiration:DSix"},{"floor":40.0,"key":"MawBank"},{"floor":41.0,"key":"Juzu Bracelet"},{"floor":48.0,"key":"StoneCalendar"},{"floor":52.0,"key":"Blue Candle"}],"event_choices":[{"cards_removed":["Slimebound:Strike_Slimebound"],"damage_healed":0.0,"max_hp_gain":0.0,"max_hp_loss":0.0,"gold_gain":0.0,"event_name":"The Cleric","player_choice":"Card Removal","floor":8.0,"gold_loss":0.0,"damage_taken":0.0},{"cards_removed":["expansioncontent:InvincibleStrength"],"damage_healed":0.0,"max_hp_gain":0.0,"max_hp_loss":0.0,"gold_gain":0.0,"event_name":"Falling","player_choice":"Removed Power","floor":45.0,"gold_loss":0.0,"damage_taken":0.0}],"is_beta":true,"boss_relics":[{"not_picked":["hubris:ScarierMask","Coffee Dripper"],"picked":"Fusion Hammer"},{"not_picked":["hubris:Stopwatch","hubris:Backtick"],"picked":"Sozu"}],"items_purged_floors":[26,53],"is_endless":false,"potions_floor_spawned":[5,9,19,21,28,37,47,48,49],"ascension_level":0}}