{"host":"630px4nyj50z5id8","time":1612586875,"event":{"mods":["BaseMod","Better Note","Colored Powertips","Good Game Mod","Minty Spire (QoL Compilation)","Quick Restart","Rare Cards Sparkle","Relic Filter Mod","Replay The Spire","StSLib","Waifu the Spire"],"gold_per_floor":[11,31,44,58,58,86,103,122,122,153,153,179,192,208,208,208,208],"floor_reached":16,"language":"ZHS","playtime":747,"items_purged":[],"score":170,"play_id":"1fb3b6a8-11b7-4409-a19a-b99afa1626f2","local_time":"20210206124755","is_ascension_mode":true,"campfire_choices":[{"data":"Bludgeon","floor":11,"key":"SMITH"},{"floor":15,"key":"DIG"}],"circlet_count":0,"master_deck":["Strike_R","Strike_R","Strike_R","Strike_R","Defend_R","Defend_R","Defend_R","Defend_R","Bash","Bludgeon+1","Flex","Shrug It Off","Massacre","Dual Wield","Intimidate","Spot Weakness","Demon Form","Armaments","Second Wind","Battle Trance"],"relics":["Burning Blood","REME:ComplimentaryCards","Another Sword","Replay:Bottled Steam","Molten Egg 2","Unceasing Top","Shovel","Replay:Bottled Flurry"],"acts_visited":["Exordium"],"potions_floor_usage":[6,13,16,16],"damage_taken":[{"damage":8,"enemies":"2 Louse","floor":1,"turns":2},{"damage":0,"enemies":"Cultist","floor":2,"turns":2},{"damage":0,"enemies":"Jaw Worm","floor":3,"turns":2},{"damage":18,"enemies":"Lots of Slimes","floor":4,"turns":5},{"damage":15,"enemies":"Gremlin Nob","floor":6,"turns":4},{"damage":11,"enemies":"Looter","floor":7,"turns":2},{"damage":7,"enemies":"Blue Slaver","floor":8,"turns":3},{"damage":15,"enemies":"3 Sentries","floor":10,"turns":4},{"damage":20,"enemies":"Lagavulin","floor":12,"turns":4},{"damage":0,"enemies":"3 Louse","floor":13,"turns":1},{"damage":11,"enemies":"Looter","floor":14,"turns":3},{"damage":53,"enemies":"Fading Forest","floor":16,"turns":10}],"seed_played":"-7548082475384900464","potions_obtained":[{"floor":2,"key":"HeartOfIron"},{"floor":7,"key":"HeartOfIron"},{"floor":10,"key":"Elixir"},{"floor":12,"key":"SteroidPotion"},{"floor":13,"key":"Elixir"}],"is_trial":false,"path_per_floor":["M","M","M","M","?","E","M","M","T","E","R","E","M","M","R","B"],"character_chosen":"IRONCLAD","items_purchased":[],"campfire_rested":0,"item_purchase_floors":[],"current_hp_per_floor":[70,76,80,68,68,59,54,53,53,44,44,30,36,31,31,0,0],"gold":208,"neow_bonus":"ONE_RARE_RELIC","is_daily":false,"chose_seed":false,"campfire_upgraded":1,"win_rate":0.0,"timestamp":1612586875,"path_taken":["M","M","M","M","?","E","M","M","T","E","R","E","M","M","R","BOSS"],"items_purchased_type":[],"build_version":"2020-12-22","purchased_purges":0,"victory":false,"max_hp_per_floor":[80,80,80,80,80,80,80,80,80,80,80,80,80,80,80,80,80],"card_choices":[{"not_picked":["Body Slam","Heavy Blade"],"picked":"Flex","floor":1},{"not_picked":["Blood for Blood","Headbutt"],"picked":"Shrug It Off","floor":2},{"not_picked":["Wild Strike","Juggernaut","Perfected Strike"],"picked":"SKIP","floor":3},{"not_picked":["Headbutt","Replay:Undeath\u0027s Touch"],"picked":"Massacre","floor":4},{"not_picked":["Iron Wave","Bloodletting"],"picked":"Dual Wield","floor":6},{"not_picked":["Dark Embrace","Flame Barrier"],"picked":"Intimidate","floor":7},{"not_picked":["Life Link","Abandon"],"picked":"Spot Weakness","floor":8},{"not_picked":["Inflame","Thunderclap+1"],"picked":"Demon Form","floor":10},{"not_picked":["Carnage+1","Rampage+1"],"picked":"Armaments","floor":12},{"not_picked":["Disarm","Twin Strike+1"],"picked":"Second Wind","floor":13},{"not_picked":["Second Wind","Burning Pact"],"picked":"Battle Trance","floor":14}],"player_experience":390603,"relics_obtained":[{"floor":6,"key":"Replay:Bottled Steam"},{"floor":9,"key":"Molten Egg 2"},{"floor":10,"key":"Unceasing Top"},{"floor":12,"key":"Shovel"},{"floor":15,"key":"Replay:Bottled Flurry"}],"event_choices":[{"cards_removed":["Strike_R"],"damage_healed":0,"gold_gain":0,"player_choice":"Offered Basic","damage_taken":0,"max_hp_gain":0,"max_hp_loss":0,"event_name":"Bonfire Elementals","floor":5,"gold_loss":0}],"is_beta":false,"boss_relics":[],"items_purged_floors":[],"is_endless":false,"potions_floor_spawned":[2,7,10,12,13],"killed_by":"Fading Forest","ascension_level":7}}