{"host":"yq7vhdvcv08g2502","time":1612591874,"event":{"mods":["100% Spire Juice","BaseMod","Colored Powertips","Custom Start","Minty Spire (QoL Compilation)","Quick Restart","StSLib"],"gold_per_floor":[117,52,52,65,80,80,98,98,98,98,52,62,36,36,36,131,131,151,31,44,57,84,84,84,103,103,103,118,118,118,133,133,236,46,56,56,67,81,93,93,93,93,166,166,216,228,14,14,14],"floor_reached":48,"language":"ENG","playtime":2699,"items_purged":["Writhe"],"score":447,"play_id":"d20cda0d-1f31-4c14-aa24-8b5c4db67c76","local_time":"20210206061114","is_ascension_mode":false,"campfire_choices":[{"data":"Moonworks:EvilSpyWorkPreparation","floor":6,"key":"SMITH"},{"floor":8,"key":"REST"},{"floor":10,"key":"REST"},{"data":"Moonworks:MetallicMonocoque","floor":15,"key":"SMITH"},{"floor":24,"key":"REST"},{"data":"Moonworks:EvilSpyWorkPreparation","floor":27,"key":"SMITH"},{"data":"Moonworks:UnpaidWork","floor":30,"key":"SMITH"},{"floor":32,"key":"REST"},{"data":"Moonworks:StarBlastingFuse","floor":40,"key":"SMITH"},{"data":"Moonworks:WeAreWaruda","floor":42,"key":"SMITH"},{"floor":44,"key":"REST"}],"circlet_count":0,"master_deck":["Moonworks:Strike","Moonworks:Strike","Moonworks:Defend","Moonworks:Defend","Moonworks:Defend","Moonworks:Defend+1","Moonworks:Ambush","Moonworks:LongDistanceShot","Moonworks:WeAreWaruda+1","Moonworks:EvilSpyWorkPreparation+1","Moonworks:ScrambledEve","Moonworks:FinalSurgery","Moonworks:MetallicMonocoque+1","Moonworks:EvilSpyWorkPreparation+1","Moonworks:LulusLuckyEgg","Moonworks:EvilSpyWorkPreparation","Moonworks:PlushieMaster","Moonworks:StiffCrystal","Moonworks:SakisCookie+1","Moonworks:NicePresent","Moonworks:UnpaidWork+1","Moonworks:ImmovableObject","Moonworks:StarBlastingFuse+1","Moonworks:SakisCookie+1","Moonworks:ExtendedPhotonRifle+1","Moonworks:CompletionReward+1","Parasite","Moonworks:JonathanRush+1","Moonworks:Gamble+1"],"relics":["Moonworks:BrokenBomb","Moonworks:Homemark","Meat on the Bone","Runic Pyramid","Bag of Marbles","Molten Egg 2","Tiny House","The Courier","Shovel","Membership Card"],"acts_visited":["Exordium","TheCity","TheBeyond"],"potions_floor_usage":[16,28,31,33,38,39,46,47,48],"damage_taken":[{"damage":5,"enemies":"Jaw Worm","floor":1,"turns":4},{"damage":10,"enemies":"Small Slimes","floor":4,"turns":3},{"damage":0,"enemies":"Cultist","floor":5,"turns":3},{"damage":35,"enemies":"Gremlin Gang","floor":7,"turns":5},{"damage":4,"enemies":"3 Louse","floor":12,"turns":3},{"damage":17,"enemies":"Hexaghost","floor":16,"turns":8},{"damage":31,"enemies":"2 Thieves","floor":18,"turns":4},{"damage":20,"enemies":"Shell Parasite","floor":20,"turns":5},{"damage":22,"enemies":"Centurion and Healer","floor":21,"turns":7},{"damage":25,"enemies":"Snecko","floor":25,"turns":5},{"damage":7,"enemies":"Cultist and Chosen","floor":28,"turns":4},{"damage":15,"enemies":"Snake Plant","floor":31,"turns":3},{"damage":44,"enemies":"Collector","floor":33,"turns":12},{"damage":24,"enemies":"3 Darklings","floor":35,"turns":5},{"damage":17,"enemies":"3 Shapes","floor":37,"turns":6},{"damage":22,"enemies":"Maw","floor":38,"turns":7},{"damage":0,"enemies":"Transient","floor":39,"turns":1},{"damage":27,"enemies":"Mind Bloom Boss Battle","floor":45,"turns":8},{"damage":20,"enemies":"Writhing Mass","floor":46,"turns":7},{"damage":44,"enemies":"Reptomancer","floor":48,"turns":3}],"seed_played":"-6987872979150952168","potions_obtained":[{"floor":1,"key":"FearPotion"},{"floor":16,"key":"ColorlessPotion"},{"floor":20,"key":"FearPotion"},{"floor":31,"key":"Swift Potion"},{"floor":33,"key":"PowerPotion"},{"floor":34,"key":"AttackPotion"},{"floor":38,"key":"BlessingOfTheForge"},{"floor":45,"key":"SkillPotion"},{"floor":46,"key":"Fruit Juice"}],"is_trial":false,"path_per_floor":["M","?","?","M","M","R","M","R","T","R","$","M","$","?","R","B",null,"M","$","M","M","T","?","R","M","T","R","M","?","R","M","R","B",null,"M","?","M","M","M","R","?","R","T","R","?","M","$","E"],"character_chosen":"THE_STARBREAKER","items_purchased":["Moonworks:EvilSpyWorkPreparation","Moonworks:EvilSpyWorkPreparation","Membership Card","Moonworks:Gamble+1"],"campfire_rested":5,"item_purchase_floors":[11,13,47,47],"current_hp_per_floor":[55,55,55,45,45,45,10,28,28,46,46,42,42,42,42,37,60,41,41,33,23,23,23,41,31,31,31,39,39,39,39,57,28,65,41,57,43,39,42,42,42,42,42,61,38,36,41,0,0],"gold":14,"neow_bonus":"ONE_RANDOM_RARE_CARD","is_daily":false,"chose_seed":false,"campfire_upgraded":6,"win_rate":0.0,"timestamp":1612591874,"path_taken":["M","?","?","?","M","R","?","R","T","R","$","M","$","?","R","BOSS","M","$","?","M","?","?","R","M","T","R","?","?","R","M","R","BOSS","M","?","M","M","M","R","?","R","T","R","?","M","$","E"],"items_purchased_type":["Card","Card","Relic","Card"],"build_version":"2020-12-22","purchased_purges":1,"victory":false,"max_hp_per_floor":[60,60,60,60,60,60,60,60,60,60,60,60,60,60,60,60,60,60,60,60,60,60,60,60,60,60,60,60,60,60,60,60,60,65,65,65,65,65,65,65,65,65,65,65,65,65,70,70,70],"card_choices":[{"not_picked":["Moonworks:UnluckyCharm","Moonworks:BindingChains"],"picked":"Moonworks:EvilSpyWorkPreparation","floor":1},{"not_picked":["Moonworks:MixPhenomenon","Moonworks:IndiscriminateFireSupport"],"picked":"Moonworks:ScrambledEve","floor":4},{"not_picked":["Moonworks:ImOnFire","Moonworks:DeployBits"],"picked":"Moonworks:FinalSurgery","floor":5},{"not_picked":["Moonworks:Assault","Moonworks:IndiscriminateFireSupport"],"picked":"Moonworks:MetallicMonocoque","floor":7},{"not_picked":["Moonworks:ImOnFire","Moonworks:IndiscriminateFireSupport"],"picked":"Moonworks:LulusLuckyEgg","floor":12},{"not_picked":["Moonworks:SinkOrSwim","Moonworks:ReflectiveShell"],"picked":"Moonworks:PlushieMaster","floor":16},{"not_picked":["Moonworks:IndiscriminateFireSupport+1","Moonworks:BigMagnum","Moonworks:MiracleWalker"],"picked":"SKIP","floor":18},{"not_picked":["Moonworks:BackdoorTrade+1","Moonworks:CloudOfSeagulls+1"],"picked":"Moonworks:StiffCrystal","floor":20},{"not_picked":["Moonworks:ForcedRevival","Moonworks:BigMagnum"],"picked":"Moonworks:SakisCookie+1","floor":21},{"not_picked":["Moonworks:IndiscriminateFireSupport+1","Moonworks:ImOnFire"],"picked":"Moonworks:NicePresent","floor":25},{"not_picked":["Moonworks:BigMagnum+1","Moonworks:EvilSpyWorkPreparation"],"picked":"Moonworks:UnpaidWork","floor":28},{"not_picked":["Moonworks:Bloodlust","Moonworks:AwakeningOfTalent+1"],"picked":"Moonworks:ImmovableObject","floor":31},{"not_picked":["Moonworks:AccelHyper","Moonworks:ReflectiveShell"],"picked":"Moonworks:StarBlastingFuse","floor":33},{"not_picked":["Moonworks:Heat300Percent+1","Moonworks:BigMagnum","Moonworks:SweetBattle+1"],"picked":"SKIP","floor":35},{"not_picked":["Moonworks:Assault+1","Moonworks:LuckyCharm"],"picked":"Moonworks:SakisCookie+1","floor":37},{"not_picked":["Moonworks:CloudOfSeagulls+1","Moonworks:ImOnFire","Moonworks:BigMagnum"],"picked":"SKIP","floor":38},{"not_picked":["Moonworks:DeployBits+1","Moonworks:LulusLuckyEgg"],"picked":"Moonworks:ExtendedPhotonRifle+1","floor":39},{"not_picked":["Moonworks:MiracleWalker+1","Moonworks:NicePresent"],"picked":"Moonworks:CompletionReward+1","floor":45},{"not_picked":["Moonworks:Dinner","Moonworks:DeployBits"],"picked":"Moonworks:JonathanRush+1","floor":46}],"player_experience":129987,"relics_obtained":[{"floor":9,"key":"Meat on the Bone"},{"floor":22,"key":"Bag of Marbles"},{"floor":26,"key":"Molten Egg 2"},{"floor":43,"key":"The Courier"},{"floor":45,"key":"Shovel"}],"event_choices":[{"damage_healed":0,"gold_gain":175,"player_choice":"AGREE","damage_taken":0,"max_hp_gain":0,"max_hp_loss":0,"event_name":"Liars Game","floor":2,"gold_loss":0,"cards_obtained":["Doubt"]},{"cards_removed":["Doubt"],"damage_healed":0,"gold_gain":0,"player_choice":"Removed Curses","damage_taken":0,"max_hp_gain":0,"max_hp_loss":0,"event_name":"Fountain of Cleansing","floor":3,"gold_loss":0},{"cards_removed":["Moonworks:Strike"],"damage_healed":0,"gold_gain":0,"player_choice":"Purged","damage_taken":0,"max_hp_gain":0,"max_hp_loss":0,"event_name":"Purifier","floor":14,"gold_loss":0},{"cards_removed":["Moonworks:Strike"],"damage_healed":0,"gold_gain":0,"player_choice":"Offered Basic","damage_taken":0,"max_hp_gain":0,"max_hp_loss":0,"event_name":"Bonfire Elementals","floor":23,"gold_loss":0},{"damage_healed":0,"gold_gain":0,"player_choice":"Ignored","damage_taken":0,"max_hp_gain":0,"max_hp_loss":0,"event_name":"Vampires","floor":29,"gold_loss":0},{"damage_healed":16,"gold_gain":0,"player_choice":"Writhe","damage_taken":0,"max_hp_gain":0,"max_hp_loss":0,"event_name":"Winding Halls","floor":36,"gold_loss":0,"cards_obtained":["Writhe"]},{"damage_healed":0,"gold_gain":0,"player_choice":"Ignored","damage_taken":0,"max_hp_gain":0,"max_hp_loss":0,"event_name":"Tomb of Lord Red Mask","floor":41,"gold_loss":0},{"damage_healed":0,"gold_gain":0,"player_choice":"Fight","damage_taken":0,"max_hp_gain":0,"max_hp_loss":0,"event_name":"MindBloom","floor":45,"gold_loss":0}],"is_beta":false,"boss_relics":[{"not_picked":["Empty Cage","Coffee Dripper"],"picked":"Runic Pyramid"},{"not_picked":["Velvet Choker","Pandora\u0027s Box"],"picked":"Tiny House"}],"items_purged_floors":[47],"is_endless":false,"potions_floor_spawned":[1,16,20,31,33,38,45,46],"killed_by":"Reptomancer","ascension_level":0}}