{"host":"q8ewzd1tf4mqkgtb","time":1612602400,"event":{"mods":["Ascension Unlocker","BaseMod","Colored Map","Faster Ascension Climbing","Hermit","Minty Spire (QoL Compilation)","Relic Stats","StSLib","UnlockEverythingMod"],"gold_per_floor":[111,111,131,145,145,172,172,184,235,235,71,117,170,224,224,324,324,344,388,156,218,256,287,287,354,404,474,512,512,578,578,578,728,728,772,814,850,153,237,301,301,332,386,427,427,62,80,133,133,183,183,183,20,55,55],"floor_reached":56,"language":"ENG","playtime":16971,"items_purged":["hermit:CalledShot","hermit:Spite","Doubt"],"score":2053,"play_id":"cdd9e95c-c506-40be-af8c-d957d3640871","local_time":"20210206030640","is_ascension_mode":true,"campfire_choices":[{"data":"hermit:HighCaliber","floor":7.0,"key":"SMITH"},{"data":"hermit:Covet","floor":10.0,"key":"SMITH"},{"data":"HandOfGreed","floor":15.0,"key":"SMITH"},{"data":"hermit:CursedWeapon","floor":24.0,"key":"SMITH"},{"data":"hermit:EyeOfTheStorm","floor":29.0,"key":"SMITH"},{"data":"hermit:DeadOrAlive","floor":32,"key":"SMITH"},{"data":"hermit:FatalDesire","floor":41,"key":"SMITH"},{"floor":45,"key":"RECALL"},{"data":"hermit:Magnum","floor":49,"key":"SMITH"},{"floor":52,"key":"REST"}],"circlet_count":0,"master_deck":["AscendersBane","hermit:Covet+1","CurseOfTheBell","hermit:HighCaliber+1","hermit:EyeOfTheStorm+1","hermit:GoldenBullet","hermit:Determination","HandOfGreed+1","hermit:Coalescence+1","hermit:Midnight+1","hermit:FromBeyond+1","hermit:DeadOrAlive+1","hermit:CursedWeapon+1","hermit:Horror+1","hermit:Reprieve+1","hermit:Magnum+1","hermit:Dissolve+1","hermit:Feint+1","hermit:Covet+1","hermit:Misfire","hermit:Midnight+1","hermit:BodyArmor+1","hermit:FatalDesire+1","hermit:Manifest+1","hermit:LuckOfTheDraw+1","hermit:Determination+1","hermit:TakeCover+1","hermit:Adapt+1","Master of Strategy+1"],"relics":["Calling Bell","Nunchaku","Meat on the Bone","CaptainsWheel","hermit:Spyglass","Regal Pillow","Lantern","Toxic Egg 2","hermit:RyeStalk","Pandora\u0027s Box","DollysMirror","White Beast Statue","Prayer Wheel","Pen Nib","hermit:Horseshoe","Cursed Key","Frozen Eye","Pocketwatch","Frozen Egg 2","Blood Vial","Shuriken","Centennial Puzzle"],"acts_visited":["TheCity","TheBeyond","TheEnding"],"potions_floor_usage":[33,38,42,50,55,55],"damage_taken":[{"damage":2.0,"enemies":"Jaw Worm","floor":1.0,"turns":4.0},{"damage":0.0,"enemies":"Small Slimes","floor":3.0,"turns":3.0},{"damage":0.0,"enemies":"Cultist","floor":4.0,"turns":3.0},{"damage":13.0,"enemies":"Gremlin Nob","floor":6.0,"turns":4.0},{"damage":0.0,"enemies":"2 Fungi Beasts","floor":8.0,"turns":3.0},{"damage":15.0,"enemies":"Lagavulin","floor":12.0,"turns":5.0},{"damage":3.0,"enemies":"3 Louse","floor":13.0,"turns":5.0},{"damage":9.0,"enemies":"Gremlin Nob","floor":14.0,"turns":4.0},{"damage":28.0,"enemies":"Slime Boss","floor":16.0,"turns":8.0},{"damage":22.0,"enemies":"3 Byrds","floor":18.0,"turns":6.0},{"damage":14.0,"enemies":"Chosen","floor":19.0,"turns":3.0},{"damage":34.0,"enemies":"Shelled Parasite and Fungi","floor":21.0,"turns":7.0},{"damage":11.0,"enemies":"Sentry and Sphere","floor":22.0,"turns":4.0},{"damage":5.0,"enemies":"Book of Stabbing","floor":23.0,"turns":6.0},{"damage":28.0,"enemies":"Gremlin Leader","floor":25.0,"turns":7.0},{"damage":22.0,"enemies":"Slavers","floor":27.0,"turns":4.0},{"damage":14.0,"enemies":"Snake Plant","floor":28.0,"turns":2.0},{"damage":8.0,"enemies":"Shelled Parasite and Fungi","floor":30.0,"turns":4.0},{"damage":6,"enemies":"Champ","floor":33,"turns":9},{"damage":2,"enemies":"3 Darklings","floor":35,"turns":5},{"damage":12,"enemies":"Orb Walker","floor":36,"turns":2},{"damage":4,"enemies":"Spire Growth","floor":37,"turns":3},{"damage":11,"enemies":"Sphere and 2 Shapes","floor":39,"turns":6},{"damage":2,"enemies":"Giant Head","floor":40,"turns":8},{"damage":88,"enemies":"Nemesis","floor":42,"turns":11},{"damage":30,"enemies":"3 Darklings","floor":44,"turns":25},{"damage":42,"enemies":"Transient","floor":47,"turns":5},{"damage":2,"enemies":"Jaw Worm Horde","floor":48,"turns":3},{"damage":60,"enemies":"Awakened One","floor":50,"turns":10},{"damage":15,"enemies":"Shield and Spear","floor":54,"turns":5},{"damage":29,"enemies":"The Heart","floor":55,"turns":11}],"seed_played":"5885296448589054668","potions_obtained":[{"floor":3.0,"key":"GamblersBrew"},{"floor":4.0,"key":"AttackPotion"},{"floor":6.0,"key":"Weak Potion"},{"floor":16.0,"key":"Fruit Juice"},{"floor":21.0,"key":"Regen Potion"},{"floor":22.0,"key":"DuplicationPotion"},{"floor":25.0,"key":"Explosive Potion"},{"floor":27.0,"key":"CultistPotion"},{"floor":28.0,"key":"EssenceOfSteel"},{"floor":30.0,"key":"hermit:Tonic"},{"floor":33,"key":"Fire Potion"},{"floor":35,"key":"EntropicBrew"},{"floor":36,"key":"FairyPotion"},{"floor":42,"key":"Fruit Juice"},{"floor":44,"key":"EssenceOfSteel"},{"floor":54,"key":"PowerPotion"}],"is_trial":false,"path_per_floor":["M","?","M","M","?","E","R","M","T","R","$","E","M","E","R","B",null,"M","M","$","M","M","E","R","E","T","E","M","R","M","?","R","B",null,"M","M","M","$","M","E","R","E","T","M","R","$","M","M","R","B",null,"R","$","E","B",null],"character_chosen":"HERMIT","items_purchased":["HandOfGreed","DollysMirror","Fruit Juice","Frozen Eye","Pocketwatch","SteroidPotion","Shuriken","Master of Strategy+1"],"campfire_rested":1,"item_purchase_floors":[11,20,38,38,38,38,46,53],"current_hp_per_floor":[62,57,57,57,57,44,44,44,44,44,44,41,38,41,41,25,60,38,40,40,26,44,43,43,35,35,33,39,39,47,47,47,49,69,71,59,55,60,57,59,59,41,41,86,86,86,48,56,56,22,70,86,86,83,76],"gold":55,"neow_bonus":"BOSS_RELIC","is_daily":false,"chose_seed":false,"campfire_upgraded":8,"win_rate":0.0,"timestamp":1612602400,"path_taken":["M","?","M","M","?","E","R","M","T","R","$","E","M","E","R","BOSS","M","M","$","M","?","E","R","E","T","E","M","R","M","?","R","BOSS","M","M","M","$","M","E","R","E","T","M","R","$","M","M","R","BOSS","R","$","E","BOSS"],"items_purchased_type":["Card","Relic","Potion","Relic","Relic","Potion","Relic","Card"],"build_version":"2020-12-22","purchased_purges":3,"victory":true,"max_hp_per_floor":[71,71,71,71,71,71,71,71,71,71,71,71,71,71,71,71,71,71,71,71,71,76,76,76,76,76,76,76,76,76,76,76,76,76,76,76,76,81,81,81,81,86,86,86,86,86,86,86,86,86,86,86,86,86,86],"relic_stats":{"Regal Pillow":0,"counters":[31,185],"Pen Nib":[13],"Cursed Key":1,"Blood Vial":8,"Nunchaku":[26],"Centennial Puzzle":[3],"Shuriken":[5],"Pandora\u0027s Box":["hermit:CalledShot","hermit:CursedWeapon","hermit:Horror","hermit:Reprieve","hermit:Magnum","hermit:Spite","hermit:Dissolve"],"Prayer Wheel":9,"obtain_stats":[{"Regal Pillow":6,"Lantern":9,"Pen Nib":26,"Frozen Egg 2":40,"Cursed Key":34,"White Beast Statue":23,"Calling Bell":0,"Blood Vial":42,"hermit:RyeStalk":14,"Frozen Eye":38,"Nunchaku":0,"CaptainsWheel":0,"Centennial Puzzle":54,"DollysMirror":20,"Shuriken":46,"Pandora\u0027s Box":17,"Prayer Wheel":25,"Toxic Egg 2":12,"hermit:Horseshoe":27,"hermit:Momento":0,"hermit:Spyglass":2,"Meat on the Bone":0,"Pocketwatch":38},{"Regal Pillow":4,"Lantern":5,"Pen Nib":15,"Frozen Egg 2":24,"Cursed Key":19,"White Beast Statue":14,"Calling Bell":0,"Blood Vial":25,"hermit:RyeStalk":8,"Frozen Eye":22,"Nunchaku":0,"CaptainsWheel":0,"Centennial Puzzle":30,"DollysMirror":11,"Shuriken":26,"Pandora\u0027s Box":9,"Prayer Wheel":15,"Toxic Egg 2":6,"hermit:Horseshoe":16,"hermit:Momento":0,"hermit:Spyglass":1,"Meat on the Bone":0,"Pocketwatch":22},{"Regal Pillow":14,"Lantern":17,"Pen Nib":72,"Frozen Egg 2":115,"Cursed Key":91,"White Beast Statue":65,"Calling Bell":0,"Blood Vial":126,"hermit:RyeStalk":31,"Frozen Eye":101,"Nunchaku":0,"CaptainsWheel":0,"Centennial Puzzle":174,"DollysMirror":48,"Shuriken":151,"Pandora\u0027s Box":39,"Prayer Wheel":72,"Toxic Egg 2":22,"hermit:Horseshoe":76,"hermit:Momento":0,"hermit:Spyglass":4,"Meat on the Bone":0,"Pocketwatch":101}],"Meat on the Bone":144,"Pocketwatch":[43]},"card_choices":[{"not_picked":["hermit:Snipe","hermit:LoneWolf"],"picked":"hermit:HighCaliber","floor":1.0},{"not_picked":["hermit:WideOpen","hermit:ShadowCloak","hermit:CalledShot"],"picked":"SKIP","floor":3.0},{"not_picked":["hermit:WideOpen","hermit:SprayPray"],"picked":"hermit:EyeOfTheStorm","floor":4.0},{"not_picked":["hermit:SprayPray","hermit:LoneWolf"],"picked":"hermit:GoldenBullet","floor":6.0},{"not_picked":["hermit:Desperado","hermit:Snipe"],"picked":"hermit:Determination","floor":8.0},{"not_picked":["hermit:LoneWolf+1","hermit:ItchyTrigger"],"picked":"hermit:Coalescence+1","floor":12.0},{"not_picked":["hermit:Roulette","hermit:HighCaliber"],"picked":"hermit:Midnight+1","floor":13.0},{"not_picked":["hermit:Snipe+1","hermit:Grudge"],"picked":"hermit:FromBeyond+1","floor":14.0},{"not_picked":["hermit:Purgatory","hermit:Adapt"],"picked":"hermit:DeadOrAlive","floor":16.0},{"not_picked":["hermit:NoHoldsBarred","hermit:TakeAim","hermit:CalledShot"],"picked":"SKIP","floor":18.0},{"not_picked":["hermit:Midnight+1","hermit:CalledShot"],"picked":"hermit:Feint+1","floor":19.0},{"not_picked":["hermit:Quickdraw","hermit:Malice+1","hermit:HeroicBravado+1"],"picked":"SKIP","floor":21.0},{"not_picked":["hermit:Enervate","hermit:HighCaliber"],"picked":"hermit:Misfire","floor":22.0},{"not_picked":["hermit:WideOpen","hermit:BigShot"],"picked":"hermit:Midnight+1","floor":23.0},{"not_picked":["hermit:LowProfile+1","hermit:Headshot","hermit:Coalescence+1"],"picked":"SKIP","floor":25.0},{"not_picked":["hermit:Purgatory","hermit:Glare+1"],"picked":"hermit:BodyArmor+1","floor":27.0},{"not_picked":["hermit:BodyArmor+1","hermit:Roulette","hermit:Quickdraw"],"picked":"SKIP","floor":28.0},{"not_picked":["hermit:Coalescence+1","hermit:Feint+1","hermit:TrackingShot"],"picked":"SKIP","floor":28.0},{"not_picked":["hermit:Brawl","hermit:Coalescence+1","hermit:Gestalt+1"],"picked":"SKIP","floor":30.0},{"not_picked":["hermit:Desperado","hermit:Adapt","hermit:GoldenBullet"],"picked":"SKIP","floor":30.0},{"not_picked":["hermit:FromBeyond+1","hermit:Reprieve+1"],"picked":"hermit:FatalDesire","floor":33},{"not_picked":["hermit:Spite","hermit:SprayPray","hermit:HighCaliber"],"picked":"SKIP","floor":35},{"not_picked":["hermit:Ricochet","hermit:Horror+1","hermit:Snipe+1"],"picked":"SKIP","floor":35},{"not_picked":["hermit:Snipe+1","hermit:WideOpen"],"picked":"hermit:Manifest+1","floor":36},{"not_picked":["hermit:Feint+1","hermit:Shortfuse","hermit:WideOpen"],"picked":"SKIP","floor":36},{"not_picked":["hermit:GoldenBullet+1","hermit:TakeAim"],"picked":"hermit:LuckOfTheDraw+1","floor":37},{"not_picked":["hermit:Dive+1","hermit:GoldenBullet+1","hermit:LowProfile+1"],"picked":"SKIP","floor":37},{"not_picked":["hermit:CalledShot","hermit:Ricochet+1","hermit:PistolWhip"],"picked":"SKIP","floor":39},{"not_picked":["hermit:Shortfuse+1","hermit:Grudge+1","hermit:Purgatory"],"picked":"SKIP","floor":39},{"not_picked":["hermit:FullyLoaded+1","hermit:Malice"],"picked":"hermit:Determination+1","floor":40},{"not_picked":["hermit:FullyLoaded+1","hermit:TakeCover+1","hermit:Vantage+1"],"picked":"SKIP","floor":42},{"not_picked":["hermit:FullyLoaded+1","hermit:Vantage+1"],"picked":"hermit:TakeCover+1","floor":42},{"not_picked":["hermit:CalledShot","hermit:WideOpen","hermit:TakeCover+1"],"picked":"SKIP","floor":44},{"not_picked":["hermit:CursedWeapon+1","hermit:Dive+1","hermit:ItchyTrigger"],"picked":"SKIP","floor":44},{"not_picked":["hermit:Misfire+1","hermit:Feint+1","hermit:EternalForm+1"],"picked":"SKIP","floor":47},{"not_picked":["hermit:BodyArmor+1","hermit:Vantage+1","hermit:Misfire"],"picked":"SKIP","floor":47},{"not_picked":["hermit:Ricochet","hermit:Desperado+1","hermit:Manifest+1"],"picked":"SKIP","floor":48},{"not_picked":["hermit:Ricochet","hermit:Adapt+1","hermit:Vantage+1"],"picked":"SKIP","floor":48},{"not_picked":["hermit:Ricochet","hermit:Vantage+1"],"picked":"hermit:Adapt+1","floor":48},{"not_picked":["hermit:Ricochet","hermit:Desperado+1","hermit:Manifest+1"],"picked":"SKIP","floor":48},{"not_picked":["hermit:WideOpen","hermit:Midnight+1","hermit:Enervate"],"picked":"SKIP","floor":54}],"player_experience":544282,"relics_obtained":[{"floor":0.0,"key":"Nunchaku"},{"floor":0.0,"key":"Meat on the Bone"},{"floor":0.0,"key":"CaptainsWheel"},{"floor":6.0,"key":"Regal Pillow"},{"floor":9.0,"key":"Lantern"},{"floor":12.0,"key":"Toxic Egg 2"},{"floor":14.0,"key":"hermit:RyeStalk"},{"floor":23.0,"key":"White Beast Statue"},{"floor":25.0,"key":"Prayer Wheel"},{"floor":26.0,"key":"Pen Nib"},{"floor":27.0,"key":"hermit:Horseshoe"},{"floor":40,"key":"Frozen Egg 2"},{"floor":42,"key":"Blood Vial"},{"floor":54,"key":"Centennial Puzzle"}],"event_choices":[{"damage_healed":0.0,"max_hp_gain":0.0,"max_hp_loss":0.0,"gold_gain":0.0,"event_name":"Scrap Ooze","player_choice":"Success","floor":2.0,"gold_loss":0.0,"damage_taken":5.0,"relics_obtained":["hermit:Spyglass"]},{"cards_removed":["hermit:Strike_Hermit"],"damage_healed":0.0,"max_hp_gain":0.0,"max_hp_loss":0.0,"gold_gain":0.0,"event_name":"Purifier","player_choice":"Purged","floor":5.0,"gold_loss":0.0,"damage_taken":0.0},{"cards_removed":["hermit:Snapshot"],"damage_healed":0,"gold_gain":0,"player_choice":"Elegance","damage_taken":0,"max_hp_gain":0,"max_hp_loss":0,"event_name":"Back to Basics","floor":31,"gold_loss":0}],"is_beta":false,"boss_relics":[{"not_picked":["Coffee Dripper","Runic Pyramid"],"picked":"Pandora\u0027s Box"},{"not_picked":["Velvet Choker","hermit:BartenderGlass"],"picked":"Cursed Key"}],"items_purged_floors":[20,38,46],"is_endless":false,"potions_floor_spawned":[3,4,6,12,16,21,22,25,27,28,30,33,35,36,37,39,40,42,44,47,48,54],"ascension_level":15}}