{"host":"e1r14iqujvrv6qpf","time":1612579818,"event":{"mods":["AchievementEnabler","Act Like it!","Aspiration","BaseMod","BetterRewards","Colored Map","Colored Powertips","Conspire","Downfall","Friendly Minions","Gensokyo","Googly Eyes","Hallownest","Highlight Path","Hubris","KinomotoSakuraMod(木之本樱)","Koishi","KomeijiMod","LagranYue(拉格朗・月)","Lobotomy","Marisa（F雨　魔理沙）","Minty Spire (QoL Compilation)","Quick Restart","Reimu（博丽灵梦）","Remilia（蕾米莉亚）","Replay The Spire","Shop Mod","StSLib","The Administrix","The Animator","The Bug Knight","The Construct","The Cursed","The Servant 0.9.4","Waifu the Spire","WarShipGirlsR/战舰少女R mod","Youmu（魂魄妖梦）","Yuyuko"],"gold_per_floor":[118,118,118,141,161,192,207,234,234,250,250,267,267,278,278,377,377,393,95,95,110,125,150,170,204,204,204,204,222,248,266,266,362,362,380,380,140,157,175,175,204,204,204,220,220,220,31,31,42,54,54,54],"floor_reached":53,"language":"ZHS","playtime":5740,"items_purged":["HollowMod:NailStrikeStart"],"score":741,"play_id":"76ee67f8-301f-4df5-9a86-9f144b00db49","local_time":"20210206105018","is_ascension_mode":false,"campfire_choices":[{"data":"HollowMod:TaintedHusks","floor":11.0,"key":"SMITH"},{"data":"HollowMod:MantisMark","floor":15.0,"key":"SMITH"},{"data":"HollowMod:FocusHealStart","floor":27.0,"key":"SMITH"},{"floor":32.0,"key":"REST"},{"data":"HollowMod:QuirrelsAssistance","floor":40,"key":"SMITH"},{"floor":48,"key":"REST"},{"data":"HollowMod:HornetsHelp","floor":51,"key":"SMITH"}],"circlet_count":0,"master_deck":["HollowMod:NailStrikeStart","HollowMod:QuickDashStart","HollowMod:QuickDashStart+1","HollowMod:QuickDashStart","HollowMod:FocusHealStart+1","HollowMod:PogoStrike+1","HollowMod:MantisMark+1","HollowMod:InfectedCysts","HollowMod:MantisMark+1","HollowMod:TaintedHusks+1","HollowMod:QuirrelsAssistance+1","HollowMod:ChannelNail","HollowMod:HornetsHelp+1","RitualDagger+1","HollowMod:CloakDash","HollowMod:PerfectDash","HollowMod:NewGlowingWomb+1","HollowMod:Hiveblood","HollowMod:DoubleDash+1","Wraith","HollowMod:MothsMistake","HollowMod:MantisMark+1","HollowMod:FallenFury+1","Specialist","HollowMod:MantisMark+1","HollowMod:FastStrike"],"relics":["HollowMod:VesselMask","LagranYue:RandomDrawCardRelic","The Courier","RuthlessExorcism:ReiMu","Eternal Feather","Sozu","Blood Vial","Bag of Preparation","Replay:Wax Seal","hubris:DeckOfHolding","Centennial Puzzle","Gremlin Food","Cursed Key","HandDrill","Omamori","HollowMod:PaleOreRelic","Boot","LagranYue:NewUniverseRelic"],"acts_visited":["Exordium","TheCity","TheBeyond"],"potions_floor_usage":[],"damage_taken":[{"damage":3.0,"enemies":"Small Slimes","floor":1.0,"turns":4.0},{"damage":0.0,"enemies":"2 Louse","floor":5.0,"turns":3.0},{"damage":19.0,"enemies":"3 Sentries","floor":6.0,"turns":7.0},{"damage":0.0,"enemies":"Cultist","floor":7.0,"turns":5.0},{"damage":19.0,"enemies":"Replay:BlueRogue","floor":8.0,"turns":5.0},{"damage":11.0,"enemies":"Looter","floor":10.0,"turns":2.0},{"damage":0.0,"enemies":"Lots of Slimes","floor":12.0,"turns":1.0},{"damage":10.0,"enemies":"Exordium Wildlife","floor":14.0,"turns":3.0},{"damage":52.0,"enemies":"The Guardian","floor":16.0,"turns":7.0},{"damage":5.0,"enemies":"Shell Parasite","floor":18.0,"turns":4.0},{"damage":6.0,"enemies":"3 Byrds","floor":21.0,"turns":3.0},{"damage":16.0,"enemies":"Shelled Parasite and Fungi","floor":22.0,"turns":5.0},{"damage":24.0,"enemies":"Book of Stabbing","floor":23.0,"turns":5.0},{"damage":0.0,"enemies":"Snake Plant","floor":24.0,"turns":3.0},{"damage":18.0,"enemies":"conspire:SneckoGhost","floor":25.0,"turns":6.0},{"damage":8.0,"enemies":"conspire:HollyBat","floor":29.0,"turns":5.0},{"damage":12.0,"enemies":"Centurion and Healer","floor":31.0,"turns":4.0},{"damage":81.0,"enemies":"Champ","floor":33.0,"turns":13.0},{"damage":12.0,"enemies":"Orb Walker","floor":35.0,"turns":3.0},{"damage":14,"enemies":"3 Shapes","floor":38,"turns":4},{"damage":40,"enemies":"Spire Growth","floor":39,"turns":4},{"damage":22,"enemies":"R_Hoarder","floor":41,"turns":7},{"damage":66,"enemies":"HollowMod:SlobberingHusk","floor":44,"turns":7},{"damage":4,"enemies":"Jaw Worm Horde","floor":49,"turns":2},{"damage":3,"enemies":"3 Darklings","floor":50,"turns":4},{"damage":77,"enemies":"Time Eater","floor":52,"turns":8}],"seed_played":"-6686722237479413386","potions_obtained":[{"floor":5.0,"key":"BlessingOfTheForge"},{"floor":6.0,"key":"LiquidMemories"},{"floor":14.0,"key":"Fruit Juice"}],"is_trial":false,"path_per_floor":["M","?","?","T","M","E","M","E","T","M","R","M","?","M","R","B",null,"M","$","?","M","M","E","M","E","T","R","?","M","T","M","R","B",null,"M","?","$","M","M","R","E","PTL","PTL","M","T","?","$","R","M","M","R","B",null],"character_chosen":"THE_BUGKNIGHT","items_purchased":["Blood Vial","Bag of Preparation","HandDrill","Omamori","LagranYue:NewUniverseRelic","Specialist"],"campfire_rested":2,"item_purchase_floors":[19,19,37,37,47,47],"current_hp_per_floor":[68,68,54,54,60,53,59,46,46,35,41,41,41,37,43,6,73,68,68,62,58,50,34,36,26,26,35,35,39,39,39,69,1,73,61,61,61,59,39,51,51,51,51,11,11,11,11,44,48,62,73,16],"gold":54,"neow_bonus":"REMOVE_TWO","is_daily":false,"chose_seed":false,"campfire_upgraded":5,"win_rate":0.0,"timestamp":1612579818,"path_taken":["M","?","?","?","M","E","M","E","T","M","R","?","?","M","R","BOSS","M","?","?","M","M","E","M","E","T","R","?","M","?","M","R","BOSS","M","?","$","M","M","R","E","PTL","PTL","M","T","?","$","R","?","M","R","BOSS"],"items_purchased_type":["Relic","Relic","Relic","Relic","Relic","Card"],"build_version":"2020-12-22","purchased_purges":1,"victory":true,"max_hp_per_floor":[68,68,68,68,68,68,68,68,68,68,68,68,68,68,68,73,73,73,73,73,73,73,73,73,73,73,73,73,73,73,73,73,73,73,73,73,73,73,73,73,73,73,73,73,73,73,73,73,73,73,73,73],"card_choices":[{"not_picked":["HollowMod:GoodIntentions","HollowMod:SharpenedShadows"],"picked":"HollowMod:MantisMark","floor":1.0},{"not_picked":["HollowMod:DreamGate","HollowMod:CrystalDash"],"picked":"HollowMod:InfectedCysts","floor":5.0},{"not_picked":["HollowMod:ShapeofUnn","HollowMod:NewJinnsSoul"],"picked":"HollowMod:MantisMark","floor":6.0},{"not_picked":["HollowMod:MawleksShell","HollowMod:SiblingsSouls"],"picked":"HollowMod:TaintedHusks","floor":7.0},{"not_picked":["HollowMod:HowlingWraiths","HollowMod:SoulStrike"],"picked":"HollowMod:QuirrelsAssistance","floor":8.0},{"not_picked":["HollowMod:QuirrelsAssistance","HollowMod:SoulVessel","HollowMod:DescendingDark"],"picked":"SKIP","floor":10.0},{"not_picked":["HollowMod:HowlingWraiths","HollowMod:SiblingsShadow","HollowMod:ElderbugsWisdom"],"picked":"SKIP","floor":12.0},{"not_picked":["HollowMod:CornifersMapStart","HollowMod:NewJinnsSoul"],"picked":"HollowMod:ChannelNail","floor":14.0},{"not_picked":["HollowMod:Hiveblood","HollowMod:theNailsmith"],"picked":"HollowMod:HornetsHelp","floor":16.0},{"not_picked":["HollowMod:NewLittleFool+1","HollowMod:TaintedHusks","HollowMod:HowlingWraiths"],"picked":"SKIP","floor":18.0},{"not_picked":["HollowMod:InfectedCysts","HollowMod:PerfectDash"],"picked":"HollowMod:CloakDash","floor":21.0},{"not_picked":["HollowMod:SoulSplash","HollowMod:SiblingsShadow"],"picked":"HollowMod:PerfectDash","floor":22.0},{"not_picked":["HollowMod:DescendingDark","HollowMod:TaintedHusks"],"picked":"HollowMod:NewGlowingWomb+1","floor":23.0},{"not_picked":["HollowMod:Grubsong","HollowMod:ElderbugsWisdom","HollowMod:VengefulSpirit"],"picked":"SKIP","floor":24.0},{"not_picked":["HollowMod:InfectedCysts+1","HollowMod:DoubleDash","HollowMod:DashSlash"],"picked":"SKIP","floor":25.0},{"not_picked":["HollowMod:WraithStrike","HollowMod:DesolateDive","HollowMod:DoubleDash"],"picked":"SKIP","floor":29.0},{"not_picked":["HollowMod:WraithStrike","HollowMod:DesolateDive","HollowMod:DoubleDash"],"picked":"SKIP","floor":29.0},{"not_picked":["HollowMod:SharpenedShadows+1","HollowMod:WraithStrike","HollowMod:RecoilStrike"],"picked":"SKIP","floor":31.0},{"not_picked":["HollowMod:VoidDash","HollowMod:AwokenDreamNail"],"picked":"HollowMod:Hiveblood","floor":33.0},{"not_picked":["HollowMod:CornifersMapStart","HollowMod:GoodIntentions"],"picked":"HollowMod:DoubleDash+1","floor":35.0},{"not_picked":["HollowMod:SharpenedShadows+1","HollowMod:NewJinnsSoul"],"picked":"HollowMod:MothsMistake","floor":38},{"not_picked":["HollowMod:DoubleDash","HollowMod:DesolateDive+1","HollowMod:ShapeofUnn"],"picked":"SKIP","floor":39},{"not_picked":["HollowMod:LifebloodCocoon+1","HollowMod:NewLittleFool"],"picked":"HollowMod:MantisMark+1","floor":41},{"not_picked":["HollowMod:SharpenedShadows","HollowMod:CycloneSlash"],"picked":"HollowMod:FallenFury+1","floor":44},{"not_picked":["HollowMod:NewLittleFool","HollowMod:LifebloodCocoon"],"picked":"HollowMod:MantisMark+1","floor":49},{"not_picked":["HollowMod:GoodIntentions","HollowMod:HeavyBlow"],"picked":"HollowMod:FastStrike","floor":50}],"player_experience":269829,"relics_obtained":[{"floor":6.0,"key":"The Courier"},{"floor":8.0,"key":"RuthlessExorcism:ReiMu"},{"floor":9.0,"key":"Eternal Feather"},{"floor":23.0,"key":"Replay:Wax Seal"},{"floor":25.0,"key":"hubris:DeckOfHolding"},{"floor":26.0,"key":"Centennial Puzzle"},{"floor":30.0,"key":"Gremlin Food"},{"floor":41,"key":"HollowMod:PaleOreRelic"},{"floor":45,"key":"Boot"}],"event_choices":[{"damage_healed":0.0,"max_hp_gain":0.0,"max_hp_loss":0.0,"gold_gain":0.0,"event_name":"Shining Light","player_choice":"Entered Light","floor":3.0,"gold_loss":0.0,"damage_taken":14.0,"cards_upgraded":["HollowMod:PogoStrike","HollowMod:QuickDashStart"]},{"cards_removed":["HollowMod:NailStrikeStart"],"damage_healed":0.0,"max_hp_gain":0.0,"max_hp_loss":0.0,"gold_gain":0.0,"event_name":"Purifier","player_choice":"Purged","floor":13.0,"gold_loss":0.0,"damage_taken":0.0},{"damage_healed":0.0,"max_hp_gain":0.0,"max_hp_loss":0.0,"gold_gain":0.0,"event_name":"Nest","player_choice":"Joined the Cult","floor":20.0,"gold_loss":0.0,"damage_taken":6.0,"cards_obtained":["RitualDagger"]},{"damage_healed":0,"gold_gain":0,"player_choice":"Ignored","damage_taken":0,"max_hp_gain":0,"max_hp_loss":0,"event_name":"OrinTheCat","floor":36,"gold_loss":0},{"damage_healed":0,"gold_gain":0,"player_choice":"Ignored","damage_taken":0,"max_hp_gain":0,"max_hp_loss":0,"event_name":"SecretPortal","floor":46,"gold_loss":0}],"is_beta":false,"boss_relics":[{"not_picked":["Runic Dome","hubris:GrandSneckoEye"],"picked":"Sozu"},{"not_picked":["Replay:Grab Bag","construct:ClawGrip"],"picked":"Cursed Key"}],"items_purged_floors":[19],"is_endless":false,"potions_floor_spawned":[5,6,14,18,21,31,33,38,44],"ascension_level":0}}