{"host":"0o4jkshs65tojivq","time":1612582104,"event":{"mods":["AchievementEnabler","BaseMod","Minty Spire (QoL Compilation)","Quick Restart","Relic Stats","Slay the Relics Exporter","StSLib"],"gold_per_floor":[118,118,15,35,51,51,82,98,124,124,157,157,176,176,176,176,176],"floor_reached":16,"language":"ENG","playtime":1253,"items_purged":["Strike_B"],"score":215,"play_id":"42550e2b-9d98-450a-9e2f-865847ee74fd","local_time":"20210205192824","is_ascension_mode":true,"campfire_choices":[{"data":"Conserve Battery","floor":6,"key":"SMITH"},{"floor":10,"key":"REST"},{"data":"Skim","floor":15,"key":"SMITH"}],"circlet_count":0,"master_deck":["AscendersBane","Strike_B","Strike_B","Defend_B","Defend_B","Defend_B","Defend_B","Zap","Dualcast","Gash","Conserve Battery+1","Rip and Tear","Sweeping Beam","Skim","Sweeping Beam","Gash","Skim+1"],"relics":["Cracked Core","Calipers","MealTicket","Dream Catcher","Centennial Puzzle","Bag of Marbles"],"acts_visited":["Exordium"],"potions_floor_usage":[7,11,16,16],"damage_taken":[{"damage":14,"enemies":"Jaw Worm","floor":1,"turns":4},{"damage":6,"enemies":"2 Louse","floor":4,"turns":3},{"damage":1,"enemies":"Small Slimes","floor":5,"turns":3},{"damage":32,"enemies":"Lagavulin","floor":7,"turns":4},{"damage":6,"enemies":"Blue Slaver","floor":8,"turns":4},{"damage":10,"enemies":"3 Sentries","floor":11,"turns":5},{"damage":0,"enemies":"Large Slime","floor":13,"turns":3},{"damage":34,"enemies":"Hexaghost","floor":16,"turns":9}],"seed_played":"-1306449551544857325","potions_obtained":[{"floor":4,"key":"GamblersBrew"},{"floor":5,"key":"ColorlessPotion"},{"floor":7,"key":"AttackPotion"},{"floor":13,"key":"SkillPotion"}],"is_trial":false,"path_per_floor":["M","?","$","M","M","R","E","M","T","R","E","?","M","?","R","B"],"character_chosen":"DEFECT","items_purchased":["Conserve Battery"],"campfire_rested":1,"item_purchase_floors":[3],"current_hp_per_floor":[50,39,54,48,47,47,15,9,9,28,18,11,11,32,32,0,0],"gold":176,"neow_bonus":"ONE_RARE_RELIC","is_daily":false,"chose_seed":false,"campfire_upgraded":2,"win_rate":0.0,"timestamp":1612582104,"path_taken":["M","?","$","M","M","R","E","M","T","R","E","?","M","?","R","BOSS"],"items_purchased_type":["Card"],"build_version":"2020-12-22","purchased_purges":1,"victory":false,"max_hp_per_floor":[64,64,64,64,64,64,64,64,64,64,64,64,64,64,64,64,64],"relic_stats":{"Dream Catcher":1,"Centennial Puzzle":[6],"counters":[8,35],"MealTicket":15,"obtain_stats":[{"Dream Catcher":7,"Centennial Puzzle":9,"Calipers":0,"MealTicket":2,"Bag of Marbles":11,"Cracked Core":0},{"Dream Catcher":4,"Centennial Puzzle":5,"Calipers":0,"MealTicket":1,"Bag of Marbles":6,"Cracked Core":0},{"Dream Catcher":14,"Centennial Puzzle":18,"Calipers":0,"MealTicket":4,"Bag of Marbles":23,"Cracked Core":0}]},"card_choices":[{"not_picked":["Rebound","Stack"],"picked":"Gash","floor":1},{"not_picked":["Leap","Cold Snap"],"picked":"Rip and Tear","floor":4},{"not_picked":["Ball Lightning","Turbo"],"picked":"Sweeping Beam","floor":5},{"not_picked":["Go for the Eyes","Coolheaded"],"picked":"Skim","floor":7},{"not_picked":["Redo","Go for the Eyes"],"picked":"Sweeping Beam","floor":8},{"not_picked":["Ball Lightning","Hyperbeam"],"picked":"Gash","floor":10},{"not_picked":["Force Field","Tempest"],"picked":"Skim","floor":11},{"not_picked":["Undo","Redo","Ball Lightning"],"picked":"SKIP","floor":13}],"player_experience":1080614,"relics_obtained":[{"floor":7,"key":"Dream Catcher"},{"floor":9,"key":"Centennial Puzzle"},{"floor":11,"key":"Bag of Marbles"}],"event_choices":[{"damage_healed":0,"gold_gain":0,"player_choice":"Success","damage_taken":11,"relics_obtained":["MealTicket"],"max_hp_gain":0,"max_hp_loss":0,"event_name":"Scrap Ooze","floor":2,"gold_loss":0},{"cards_removed":["Strike_B"],"damage_healed":0,"gold_gain":0,"player_choice":"Card Removal","damage_taken":7,"max_hp_gain":0,"max_hp_loss":0,"event_name":"Golden Wing","floor":12,"gold_loss":0},{"damage_healed":21,"gold_gain":0,"player_choice":"Banana","damage_taken":0,"max_hp_gain":0,"max_hp_loss":0,"event_name":"Big Fish","floor":14,"gold_loss":0}],"is_beta":false,"boss_relics":[],"items_purged_floors":[3],"is_endless":false,"potions_floor_spawned":[4,5,7,13],"killed_by":"Hexaghost","ascension_level":19}}