{"host":"cijwx898anu8dehj","time":1612648818,"event":{"mods":["AchievementEnabler","AlwaysNeverKeys","BaseMod","Colored Map","Colored Powertips","Highlight Path","Minty Spire (QoL Compilation)","Rare Cards Sparkle","Relic Stats","Slay-I"],"gold_per_floor":[128,151,177,189,201,248,260,301,313,325,337,364,376,420,432,544,556,587,599,811,835,867,910,922,966,1003,1015,1038,1066,1078,1102,1114,1227,1239,1266,1328,1391,759,770,785,41,52,77,77,77,77,95,130,130,130],"floor_reached":51,"language":"ENG","playtime":4416,"items_purged":[],"score":1381,"play_id":"36a1846c-bdff-436f-8226-d008ebd141b4","local_time":"20210206200018","is_ascension_mode":true,"campfire_choices":[{"data":"Ragnarok","floor":7.0,"key":"SMITH"},{"data":"ForeignInfluence","floor":11.0,"key":"SMITH"},{"data":"Vigilance","floor":13.0,"key":"SMITH"},{"data":"FlurryOfBlows","floor":15.0,"key":"SMITH"},{"data":"Brilliance","floor":24.0,"key":"SMITH"},{"data":"CutThroughFate","floor":27.0,"key":"SMITH"},{"data":"Prostrate","floor":32.0,"key":"SMITH"},{"floor":46,"key":"DIG"},{"floor":49,"key":"DIG"}],"circlet_count":0,"master_deck":["AscendersBane","Eruption+1","Vigilance+1","EmptyFist","ForeignInfluence+1","Fasting2+1","Ragnarok+1","EmptyBody","FlurryOfBlows+1","Brilliance+1","Consecrate+1","Ghostly","Ghostly","Ghostly","Ghostly","Ghostly","CutThroughFate+1","Weave+1","EmptyFist+1","MentalFortress","Perseverance+1","Necronomicurse","Prostrate+1","Vault","Worship","EmptyBody","Devotion","Vengeance","Nirvana","Perseverance","FlurryOfBlows","Vengeance","CutThroughFate+1","Halt","Halt+1","Panacea","Trip","Wallop+1","Wish"],"relics":["PureWater","MawBank","Blue Candle","Eternal Feather","Matryoshka","Turnip","Runic Pyramid","Blood Vial","Mummified Hand","Orichalcum","Nunchaku","Necronomicon","Pandora\u0027s Box","Shovel","Dead Branch","Torii","ClockworkSouvenir","Oddly Smooth Stone","Gambling Chip","Ice Cream","Medical Kit","Art of War","Bronze Scales","Meat on the Bone","Akabeko","Whetstone"],"acts_visited":["Exordium","TheCity","TheBeyond"],"potions_floor_usage":[33,37,50],"damage_taken":[{"damage":8.0,"enemies":"Small Slimes","floor":1.0,"turns":6.0},{"damage":0.0,"enemies":"2 Louse","floor":2.0,"turns":2.0},{"damage":0.0,"enemies":"Cultist","floor":3.0,"turns":4.0},{"damage":0.0,"enemies":"Gremlin Nob","floor":6.0,"turns":2.0},{"damage":25.0,"enemies":"Lagavulin","floor":8.0,"turns":6.0},{"damage":0.0,"enemies":"2 Fungi Beasts","floor":12.0,"turns":3.0},{"damage":0.0,"enemies":"3 Sentries","floor":14.0,"turns":3.0},{"damage":54.0,"enemies":"The Guardian","floor":16.0,"turns":14.0},{"damage":0.0,"enemies":"Spheric Guardian","floor":18.0,"turns":1.0},{"damage":0.0,"enemies":"Chosen","floor":21.0,"turns":5.0},{"damage":1.0,"enemies":"Centurion and Healer","floor":22.0,"turns":3.0},{"damage":21.0,"enemies":"Slavers","floor":23.0,"turns":4.0},{"damage":13.0,"enemies":"Gremlin Leader","floor":25.0,"turns":4.0},{"damage":0.0,"enemies":"Cultist and Chosen","floor":28.0,"turns":7.0},{"damage":0.0,"enemies":"Snecko","floor":29.0,"turns":4.0},{"damage":0.0,"enemies":"Sentry and Sphere","floor":31.0,"turns":4.0},{"damage":28,"enemies":"Champ","floor":33,"turns":13},{"damage":0,"enemies":"3 Shapes","floor":35,"turns":4},{"damage":0,"enemies":"Mind Bloom Boss Battle","floor":36,"turns":5},{"damage":0,"enemies":"2 Orb Walkers","floor":37,"turns":5},{"damage":0,"enemies":"Orb Walker","floor":39,"turns":4},{"damage":0,"enemies":"Jaw Worm Horde","floor":40,"turns":7},{"damage":0,"enemies":"Writhing Mass","floor":42,"turns":2},{"damage":2,"enemies":"4 Shapes","floor":47,"turns":4},{"damage":0,"enemies":"Reptomancer","floor":48,"turns":4},{"damage":0,"enemies":"Time Eater","floor":50,"turns":8}],"seed_played":"7665844134664550652","potions_obtained":[{"floor":1.0,"key":"ColorlessPotion"},{"floor":2.0,"key":"Ancient Potion"},{"floor":16.0,"key":"Weak Potion"},{"floor":18.0,"key":"Dexterity Potion"},{"floor":21.0,"key":"ColorlessPotion"},{"floor":22.0,"key":"Swift Potion"},{"floor":23.0,"key":"ColorlessPotion"},{"floor":31.0,"key":"SpeedPotion"},{"floor":33,"key":"DuplicationPotion"},{"floor":35,"key":"Energy Potion"},{"floor":36,"key":"SteroidPotion"}],"is_trial":false,"path_per_floor":["M","M","M","?","?","E","R","E","T","$","R","M","R","E","R","B",null,"M","?","?","M","M","E","R","E","T","R","M","M","?","M","R","B",null,"M","?","?","$","M","M","$","M","T","?","?","R","M","E","R","B",null],"character_chosen":"WATCHER","items_purchased":["Torii","ClockworkSouvenir","Oddly Smooth Stone","ColorlessPotion","Gambling Chip","Ice Cream","Medical Kit"],"campfire_rested":0,"item_purchase_floors":[38,38,38,38,41,41,41],"current_hp_per_floor":[57,57,57,57,57,57,57,32,32,32,41,41,50,50,59,5,55,55,36,36,36,35,14,29,18,18,33,35,36,20,22,36,8,29,31,33,35,35,36,36,36,36,36,31,31,36,34,36,36,36],"gold":130,"neow_bonus":"RANDOM_COMMON_RELIC","is_daily":false,"chose_seed":false,"campfire_upgraded":7,"win_rate":0.0,"timestamp":1612648818,"path_taken":["M","M","M","?","?","E","R","E","T","$","R","M","R","E","R","BOSS","M","?","?","M","?","E","R","E","T","R","M","M","?","M","R","BOSS","M","?","?","$","M","M","$","M","T","?","?","R","M","E","R","BOSS"],"items_purchased_type":["Relic","Relic","Relic","Potion","Relic","Relic","Relic"],"build_version":"2020-12-22","purchased_purges":0,"victory":true,"max_hp_per_floor":[72,72,72,72,72,72,72,72,72,72,72,72,72,72,72,72,72,72,36,36,36,36,36,36,36,36,36,36,36,36,36,36,36,36,36,36,36,36,36,36,36,36,36,36,36,36,36,36,36,36],"relic_stats":{"Torii":0,"counters":[26,128],"Blue Candle":[0],"Dead Branch":[45],"Eternal Feather":76,"Whetstone":["Weave","EmptyFist"],"Orichalcum":[132],"MawBank":456,"Medical Kit":[0],"Blood Vial":16,"Nunchaku":[18],"Shovel":2,"Mummified Hand":[31],"Gambling Chip":[2],"Bronze Scales":[45],"Pandora\u0027s Box":["Worship","EmptyBody","Devotion","Vengeance","Nirvana","Perseverance","FlurryOfBlows","Vengeance"],"Turnip":[9],"Necronomicon":[16],"Art of War":[3],"obtain_stats":[{"Ice Cream":41,"Torii":38,"Whetstone":49,"ClockworkSouvenir":38,"Blood Vial":23,"Nunchaku":26,"Matryoshka":9,"Shovel":36,"Mummified Hand":25,"Gambling Chip":41,"Necronomicon":30,"Runic Pyramid":17,"Blue Candle":6,"Dead Branch":37,"Oddly Smooth Stone":38,"Eternal Feather":8,"Orichalcum":26,"MawBank":0,"Medical Kit":41,"Akabeko":48,"Bronze Scales":43,"Pandora\u0027s Box":34,"Turnip":14,"Art of War":43,"PureWater":0,"Meat on the Bone":46},{"Ice Cream":22,"Torii":20,"Whetstone":25,"ClockworkSouvenir":20,"Blood Vial":12,"Nunchaku":13,"Matryoshka":5,"Shovel":19,"Mummified Hand":13,"Gambling Chip":22,"Necronomicon":15,"Runic Pyramid":8,"Blue Candle":4,"Dead Branch":20,"Oddly Smooth Stone":20,"Eternal Feather":5,"Orichalcum":13,"MawBank":0,"Medical Kit":22,"Akabeko":25,"Bronze Scales":23,"Pandora\u0027s Box":17,"Turnip":7,"Art of War":23,"PureWater":0,"Meat on the Bone":23},{"Ice Cream":110,"Torii":99,"Whetstone":120,"ClockworkSouvenir":99,"Blood Vial":53,"Nunchaku":57,"Matryoshka":20,"Shovel":94,"Mummified Hand":57,"Gambling Chip":110,"Necronomicon":68,"Runic Pyramid":40,"Blue Candle":14,"Dead Branch":99,"Oddly Smooth Stone":99,"Eternal Feather":20,"Orichalcum":57,"MawBank":0,"Medical Kit":110,"Akabeko":120,"Bronze Scales":112,"Pandora\u0027s Box":85,"Turnip":26,"Art of War":112,"PureWater":0,"Meat on the Bone":112}],"Meat on the Bone":0},"card_choices":[{"not_picked":["Indignation","Consecrate"],"picked":"EmptyFist","floor":1.0},{"not_picked":["ClearTheMind","Prostrate"],"picked":"ForeignInfluence","floor":2.0},{"not_picked":["Crescendo","ReachHeaven"],"picked":"Fasting2","floor":3.0},{"not_picked":["ThirdEye","Fasting2"],"picked":"Ragnarok","floor":6.0},{"not_picked":["Perseverance","WaveOfTheHand","Omniscience"],"picked":"SKIP","floor":8.0},{"not_picked":["Nirvana","FlyingSleeves"],"picked":"EmptyBody","floor":12.0},{"not_picked":["WaveOfTheHand","Weave"],"picked":"FlurryOfBlows","floor":14.0},{"not_picked":["Wish","DeusExMachina"],"picked":"Brilliance","floor":16.0},{"not_picked":["SashWhip","FlurryOfBlows"],"picked":"Consecrate+1","floor":18.0},{"not_picked":["Crescendo+1","Prostrate"],"picked":"CutThroughFate","floor":21.0},{"not_picked":["SashWhip","MentalFortress"],"picked":"Weave","floor":22.0},{"not_picked":["Consecrate","ClearTheMind"],"picked":"EmptyFist","floor":23.0},{"not_picked":["Collect","EmptyBody"],"picked":"MentalFortress","floor":25.0},{"not_picked":["DeceiveReality","SashWhip","Study+1"],"picked":"SKIP","floor":28.0},{"not_picked":["JustLucky+1","FollowUp"],"picked":"Perseverance+1","floor":29.0},{"not_picked":["DeceiveReality","Evaluate"],"picked":"Prostrate","floor":31.0},{"not_picked":["DevaForm","Judgement"],"picked":"Vault","floor":33},{"not_picked":["Pray","Protect"],"picked":"CutThroughFate+1","floor":35},{"not_picked":["BattleHymn","PathToVictory+1"],"picked":"Halt","floor":36},{"not_picked":["Protect","Evaluate+1"],"picked":"Halt+1","floor":37},{"not_picked":["Protect","Consecrate+1","ClearTheMind"],"picked":"SKIP","floor":39},{"not_picked":["Sanctity","BowlingBash","FlyingSleeves+1"],"picked":"SKIP","floor":40},{"not_picked":["CarveReality+1","EmptyFist","Fasting2+1"],"picked":"SKIP","floor":42},{"not_picked":["Panache","Mind Blast"],"picked":"Panacea","floor":44},{"not_picked":["Secret Weapon","Mind Blast"],"picked":"Trip","floor":44},{"not_picked":["CarveReality","ClearTheMind"],"picked":"Wallop+1","floor":47},{"not_picked":["Wireheading+1","EmptyBody+1"],"picked":"Wish","floor":48}],"player_experience":1103038,"relics_obtained":[{"floor":6.0,"key":"Blue Candle"},{"floor":8.0,"key":"Eternal Feather"},{"floor":9.0,"key":"Matryoshka"},{"floor":14.0,"key":"Turnip"},{"floor":23.0,"key":"Blood Vial"},{"floor":25.0,"key":"Mummified Hand"},{"floor":26.0,"key":"Orichalcum"},{"floor":26.0,"key":"Nunchaku"},{"floor":30.0,"key":"Necronomicon"},{"floor":36,"key":"Shovel"},{"floor":37,"key":"Dead Branch"},{"floor":43,"key":"Art of War"},{"floor":43,"key":"Bronze Scales"},{"floor":46,"key":"Meat on the Bone"},{"floor":48,"key":"Akabeko"},{"floor":49,"key":"Whetstone"}],"event_choices":[{"damage_healed":0.0,"max_hp_gain":0.0,"max_hp_loss":0.0,"gold_gain":0.0,"event_name":"Living Wall","player_choice":"Grow","floor":4.0,"gold_loss":0.0,"damage_taken":0.0,"cards_upgraded":["Eruption"]},{"damage_healed":0.0,"max_hp_gain":0.0,"max_hp_loss":0.0,"gold_gain":0.0,"event_name":"Golden Idol","player_choice":"Ignored","floor":5.0,"gold_loss":0.0,"damage_taken":0.0},{"damage_healed":0.0,"max_hp_gain":0.0,"max_hp_loss":36.0,"gold_gain":0.0,"event_name":"Ghosts","player_choice":"Became a Ghost","floor":19.0,"gold_loss":0.0,"damage_taken":0.0,"cards_obtained":["Ghostly","Ghostly","Ghostly","Ghostly","Ghostly"]},{"damage_healed":0.0,"max_hp_gain":0.0,"max_hp_loss":0.0,"gold_gain":200.0,"event_name":"Wheel of Change","player_choice":"Gold","floor":20.0,"gold_loss":0.0,"damage_taken":0.0},{"damage_healed":0.0,"max_hp_gain":0.0,"max_hp_loss":0.0,"gold_gain":0.0,"event_name":"Cursed Tome","player_choice":"Obtained Book","floor":30.0,"gold_loss":0.0,"damage_taken":16.0},{"damage_healed":0,"gold_gain":0,"player_choice":"Fight","damage_taken":0,"max_hp_gain":0,"max_hp_loss":0,"event_name":"MindBloom","floor":36,"gold_loss":0},{"damage_healed":0,"gold_gain":0,"player_choice":"Fight","damage_taken":0,"max_hp_gain":0,"max_hp_loss":0,"event_name":"Mysterious Sphere","floor":37,"gold_loss":0},{"damage_healed":0,"gold_gain":0,"player_choice":"Memory 2","damage_taken":5,"max_hp_gain":0,"max_hp_loss":0,"event_name":"SensoryStone","floor":44,"gold_loss":0},{"damage_healed":0,"gold_gain":0,"player_choice":"Forge","damage_taken":0,"max_hp_gain":0,"max_hp_loss":0,"event_name":"Accursed Blacksmith","floor":45,"gold_loss":0,"cards_upgraded":["Fasting2"]}],"is_beta":false,"boss_relics":[{"not_picked":["Busted Crown","SacredBark"],"picked":"Runic Pyramid"},{"not_picked":["Tiny House","HolyWater"],"picked":"Pandora\u0027s Box"}],"items_purged_floors":[],"is_endless":false,"potions_floor_spawned":[1,2,16,18,21,22,23,31,33,35,36,40],"ascension_level":11}}