{"host":"lly094a91h6n5nv5","time":1612600017,"event":{"mods":["AchievementEnabler","BaseMod","Block Reminder","Colored Map","Minty Spire (QoL Compilation)"],"gold_per_floor":[111,186,201,218,33,33,53,72,72,72,84,111,131,151,151,250,250,270,270,270,318,249,284,284,11,11,43,43,75,75,75,75,176,176,191,201,218,234,61,61,90,90,116,37,37,55,55,55,55,55],"floor_reached":51,"language":"ENG","playtime":2282,"items_purged":["Strike_B+1","Strike_B+1"],"score":1060,"play_id":"5d8cbf32-59e0-4d7d-beee-2087360ceb6b","local_time":"20210206022657","is_ascension_mode":true,"campfire_choices":[{"data":"Defragment","floor":6.0,"key":"SMITH"},{"data":"Defragment","floor":10.0,"key":"SMITH"},{"data":"Darkness","floor":15.0,"key":"SMITH"},{"floor":24,"key":"REST"},{"data":"Buffer","floor":30,"key":"SMITH"},{"data":"Loop","floor":32,"key":"SMITH"},{"data":"Loop","floor":40,"key":"SMITH"},{"data":"Seek","floor":42,"key":"SMITH"},{"data":"Defragment","floor":45,"key":"SMITH"},{"data":"Dualcast","floor":47,"key":"SMITH"},{"data":"Hologram","floor":49,"key":"SMITH"}],"circlet_count":0,"master_deck":["Defend_B+1","Defend_B+1","Defend_B+1","Defend_B+1","Dualcast+1","Undo","Defragment+1","Doom and Gloom","Darkness+1","Conserve Battery","Self Repair","Defragment+1","Loop+1","Hologram+1","Buffer+1","Doom and Gloom","Conserve Battery","Glacier","Turbo","FTL","Reinforced Body","Seek+1","Chill+1","Hologram+1","Loop+1","BootSequence+1","Defragment+1"],"relics":["Cracked Core","Bottled Lightning","Symbiotic Virus","Sozu","Enchiridion","Nunchaku","Bottled Tornado","Lee\u0027s Waffle","Singing Bowl","Regal Pillow","Molten Egg 2","Velvet Choker","Smiling Mask","Bronze Scales"],"acts_visited":["Exordium","TheCity","TheBeyond"],"potions_floor_usage":[16],"damage_taken":[{"damage":3.0,"enemies":"2 Louse","floor":1.0,"turns":2.0},{"damage":0.0,"enemies":"Cultist","floor":3.0,"turns":3.0},{"damage":2.0,"enemies":"Jaw Worm","floor":4.0,"turns":4.0},{"damage":7.0,"enemies":"Blue Slaver","floor":7.0,"turns":5.0},{"damage":10.0,"enemies":"Looter","floor":8.0,"turns":4.0},{"damage":15.0,"enemies":"Large Slime","floor":11.0,"turns":4.0},{"damage":36.0,"enemies":"Gremlin Nob","floor":12.0,"turns":4.0},{"damage":15.0,"enemies":"Lots of Slimes","floor":13.0,"turns":3.0},{"damage":7.0,"enemies":"Looter","floor":14.0,"turns":4.0},{"damage":3,"enemies":"Slime Boss","floor":16,"turns":5},{"damage":13,"enemies":"2 Thieves","floor":18,"turns":3},{"damage":41,"enemies":"Slavers","floor":23,"turns":3},{"damage":42,"enemies":"Book of Stabbing","floor":27,"turns":6},{"damage":21,"enemies":"Gremlin Leader","floor":29,"turns":5},{"damage":0,"enemies":"Champ","floor":33,"turns":9},{"damage":0,"enemies":"Orb Walker","floor":35,"turns":3},{"damage":0,"enemies":"3 Shapes","floor":36,"turns":3},{"damage":0,"enemies":"Maw","floor":37,"turns":6},{"damage":0,"enemies":"Transient","floor":38,"turns":5},{"damage":3,"enemies":"Nemesis","floor":41,"turns":9},{"damage":10,"enemies":"Jaw Worm Horde","floor":46,"turns":4},{"damage":54,"enemies":"Time Eater","floor":50,"turns":8}],"seed_played":"-94078901373162443","potions_obtained":[{"floor":4.0,"key":"Swift Potion"},{"floor":8.0,"key":"FearPotion"},{"floor":12.0,"key":"AttackPotion"}],"is_trial":false,"path_per_floor":["M","?","M","M","$","R","M","M","T","R","M","E","M","M","R","B",null,"M","?","?","T","$","E","R","$","T","E","?","E","R","$","R","B",null,"M","M","M","M","$","R","E","R","T","$","R","M","R","?","R","B",null],"character_chosen":"DEFECT","items_purchased":["Darkness","Conserve Battery","Self Repair","Doom and Gloom","Lee\u0027s Waffle","Conserve Battery","Loop","Defragment"],"campfire_rested":1,"item_purchase_floors":[5,5,5,22,25,25,39,44],"current_hp_per_floor":[72,64,64,62,62,62,62,59,59,59,51,22,14,14,14,18,66,60,60,44,44,44,10,34,89,89,54,54,40,40,40,40,47,79,86,89,91,93,93,93,93,93,93,93,93,92,92,92,92,45],"gold":55,"neow_bonus":"TEN_PERCENT_HP_BONUS","is_daily":false,"chose_seed":false,"campfire_upgraded":10,"win_rate":0.0,"timestamp":1612600017,"path_taken":["M","?","M","M","$","R","?","?","T","R","?","E","M","M","R","BOSS","M","?","?","?","?","E","R","$","T","E","?","E","R","?","R","BOSS","M","M","M","M","?","R","E","R","T","$","R","M","R","?","R","BOSS"],"items_purchased_type":["Card","Card","Card","Card","Relic","Card","Card","Card"],"build_version":"2020-12-22","purchased_purges":2,"victory":true,"max_hp_per_floor":[82,82,82,82,82,82,82,82,82,82,82,82,82,82,82,82,82,82,82,82,82,82,82,82,89,89,89,89,89,89,89,89,89,89,89,89,91,93,93,93,93,93,93,93,93,95,95,95,95,95],"card_choices":[{"not_picked":["Steam","Rebound"],"picked":"Undo","floor":1.0},{"not_picked":["Skim","Reinforced Body"],"picked":"Defragment","floor":3.0},{"not_picked":["Rebound","Gash"],"picked":"Doom and Gloom","floor":4.0},{"not_picked":["Buffer","Beam Cell"],"picked":"Defragment","floor":7.0},{"not_picked":["Steam","Storm","Sweeping Beam"],"picked":"SKIP","floor":8.0},{"not_picked":["Melter","Gash","Storm"],"picked":"SKIP","floor":11.0},{"not_picked":["Streamline","Self Repair"],"picked":"Loop","floor":12.0},{"not_picked":["Go for the Eyes","Turbo"],"picked":"Hologram","floor":13.0},{"not_picked":["Rebound","Go for the Eyes","Rainbow"],"picked":"SKIP","floor":14.0},{"not_picked":["Reboot","Multi-Cast"],"picked":"Buffer","floor":16},{"not_picked":["Compile Driver","Beam Cell","Sunder"],"picked":"SKIP","floor":18},{"not_picked":["Cold Snap+1","Aggregate+1","Doom and Gloom"],"picked":"SKIP","floor":23},{"not_picked":["Conserve Battery+1","Ball Lightning"],"picked":"Glacier","floor":27},{"not_picked":["Auto Shields","Rip and Tear+1"],"picked":"Reinforced Body","floor":29},{"not_picked":["Hyperbeam+1","Rainbow"],"picked":"Seek","floor":33},{"not_picked":["Rebound+1","Ball Lightning+1"],"picked":"Chill+1","floor":35},{"not_picked":["Ball Lightning+1","FTL+1"],"picked":"Hologram+1","floor":36},{"not_picked":["Blizzard+1","Conserve Battery+1","Hologram"],"picked":"Singing Bowl","floor":37},{"not_picked":["Streamline+1","Hello World","Blizzard+1"],"picked":"Singing Bowl","floor":38},{"not_picked":["Beam Cell+1","Barrage+1"],"picked":"BootSequence+1","floor":41},{"not_picked":["Ball Lightning+1","Steam","Beam Cell+1"],"picked":"Singing Bowl","floor":46}],"player_experience":156616,"relics_obtained":[{"floor":9.0,"key":"Bottled Lightning"},{"floor":12.0,"key":"Symbiotic Virus"},{"floor":20,"key":"Enchiridion"},{"floor":21,"key":"Nunchaku"},{"floor":23,"key":"Bottled Tornado"},{"floor":26,"key":"Singing Bowl"},{"floor":27,"key":"Regal Pillow"},{"floor":29,"key":"Molten Egg 2"},{"floor":41,"key":"Smiling Mask"},{"floor":43,"key":"Bronze Scales"}],"event_choices":[{"damage_healed":0.0,"max_hp_gain":0.0,"max_hp_loss":0.0,"gold_gain":75.0,"event_name":"FaceTrader","player_choice":"Touch","floor":2.0,"gold_loss":0.0,"damage_taken":8.0},{"damage_healed":0,"gold_gain":0,"player_choice":"Simplicity","damage_taken":0,"max_hp_gain":0,"max_hp_loss":0,"event_name":"Back to Basics","floor":19,"gold_loss":0,"cards_upgraded":["Strike_B","Strike_B","Strike_B","Strike_B","Defend_B","Defend_B","Defend_B","Defend_B"]},{"damage_healed":0,"gold_gain":0,"player_choice":"Obtained Book","damage_taken":16,"max_hp_gain":0,"max_hp_loss":0,"event_name":"Cursed Tome","floor":20,"gold_loss":0},{"damage_healed":0,"gold_gain":0,"cards_transformed":["Strike_B","Strike_B"],"player_choice":"Became Test Subject","damage_taken":0,"max_hp_gain":0,"max_hp_loss":0,"event_name":"Drug Dealer","floor":28,"gold_loss":0,"cards_obtained":["Turbo","FTL"]},{"cards_removed":["Zap"],"damage_healed":0,"gold_gain":0,"player_choice":"Removed Skill","damage_taken":0,"max_hp_gain":0,"max_hp_loss":0,"event_name":"Falling","floor":48,"gold_loss":0}],"is_beta":false,"boss_relics":[{"not_picked":["Empty Cage","Coffee Dripper"],"picked":"Sozu"},{"not_picked":["Tiny House","SacredBark"],"picked":"Velvet Choker"}],"items_purged_floors":[25,39],"is_endless":false,"potions_floor_spawned":[4,8,12,27,29,33,35,38,46],"ascension_level":6}}