{"host":"oopoa2qluour3scl","time":1612652159,"event":{"mods":["2.2 Compatiblity","AchievementEnabler","AlwaysNeverKeys","BaseMod","Better Match","Better Note","Better Sensory Stone","Better Third Choice","Better Vampires","BetterRewards","Colored Powertips","Communication Mod","Minty Spire (QoL Compilation)","Practice Mode","Random Character Button","Relic Stats","StSLib","SuperFastMode","Swap Starting Deck Mod"],"gold_per_floor":[110,120,138,152,163,163,227,227,281,281,242,417,433,433,433],"floor_reached":14,"language":"ENG","playtime":506,"items_purged":[],"score":82,"play_id":"36da133b-232f-4543-ba05-5ca5d77036f4","local_time":"20210206235559","is_ascension_mode":false,"campfire_choices":[{"floor":6,"key":"REST"},{"data":"Blade Dance","floor":8,"key":"SMITH"}],"circlet_count":0,"master_deck":["Strike_G","Strike_G","Strike_G","Strike_G","Defend_G","Defend_G","Defend_G","Defend_G","Defend_G","Survivor","Neutralize","Deflect","Acrobatics","Caltrops","Sucker Punch","Backflip","Blade Dance+1","Doubt","Doppelganger"],"relics":["Ring of the Snake","Shuriken","Tiny Chest","Regal Pillow","betterThird:SlimedRelic"],"acts_visited":["Exordium"],"potions_floor_usage":[7,7],"damage_taken":[{"damage":9,"enemies":"Cultist","floor":1,"turns":4},{"damage":1,"enemies":"Jaw Worm","floor":2,"turns":6},{"damage":1,"enemies":"Small Slimes","floor":3,"turns":5},{"damage":34,"enemies":"Exordium Wildlife","floor":4,"turns":9},{"damage":6,"enemies":"2 Fungi Beasts","floor":5,"turns":5},{"damage":12,"enemies":"3 Sentries","floor":7,"turns":11},{"damage":10,"enemies":"Lots of Slimes","floor":13,"turns":4},{"damage":7,"enemies":"Gremlin Nob","floor":14,"turns":2}],"seed_played":"2202675695105738507","potions_obtained":[{"floor":2,"key":"EssenceOfSteel"},{"floor":4,"key":"ColorlessPotion"}],"is_trial":false,"path_per_floor":["M","M","M","M","M","R","?","R","T","T","?","?","M","E"],"character_chosen":"THE_SILENT","items_purchased":[],"campfire_rested":1,"item_purchase_floors":[],"current_hp_per_floor":[61,60,59,25,19,40,28,28,28,28,17,17,7,0,0],"gold":433,"neow_bonus":"REMOVE_CARD","is_daily":false,"chose_seed":false,"campfire_upgraded":1,"win_rate":0.0,"timestamp":1612652159,"path_taken":["M","?","M","?","M","R","?","R","T","?","?","?","M","E"],"items_purchased_type":[],"build_version":"2020-12-22","purchased_purges":0,"victory":false,"max_hp_per_floor":[70,70,70,70,70,70,70,70,70,70,70,70,70,70,70],"relic_stats":{"Regal Pillow":0,"counters":[136,533],"Shuriken":[6],"Tiny Chest":0,"obtain_stats":[{"Gremlin Horn":40,"CeramicFish":48,"Vajra":28,"Whetstone":26,"Bottled Tornado":43,"Sling":20,"Sozu":0,"Centennial Puzzle":13,"Lizard Tail":10,"HornCleat":30,"Sundial":7,"Strawberry":25,"Philosopher\u0027s Stone":17,"Fusion Hammer":17,"Toxic Egg 2":0,"Girya":37,"Pear":26,"Astrolabe":17,"Dead Branch":30,"Eternal Feather":8,"Letter Opener":24,"War Paint":40,"Question Card":38,"Cables":0,"Bottled Flame":10,"Shuriken":38,"Bronze Scales":0,"Bird Faced Urn":9,"Snecko Eye":17,"Molten Egg 2":26,"Black Star":17,"StrikeDummy":6,"Pocketwatch":6,"Regal Pillow":0,"Lantern":6,"Singing Bowl":25,"Snake Skull":0,"Bag of Preparation":4,"Juzu Bracelet":10,"Ancient Tea Set":43,"Nunchaku":53,"Dream Catcher":27,"Mummified Hand":0,"Pantograph":0,"Gambling Chip":40,"Tiny Chest":9,"WingedGreaves":0,"Red Mask":21,"Cracked Core":0,"Ring of the Snake":0,"Potion Belt":44,"Lee\u0027s Waffle":12,"NeowsBlessing":0,"Golden Idol":0,"The Courier":9,"betterThird:NestCultRelic":27,"Omamori":46,"Frozen Egg 2":23,"Orichalcum":0,"GoldenEye":8,"White Beast Statue":28,"DataDisk":40,"Ornamental Fan":46,"betterThird:SlimedRelic":4,"Orrery":0,"Ectoplasm":0,"Coffee Dripper":34,"Bottled Lightning":54,"Toy Ornithopter":23},{"Gremlin Horn":124,"CeramicFish":30,"Vajra":20,"Whetstone":4,"Bottled Tornado":28,"Sling":43,"Sozu":0,"Centennial Puzzle":52,"Lizard Tail":82,"HornCleat":21,"Sundial":65,"Strawberry":76,"Philosopher\u0027s Stone":113,"Fusion Hammer":70,"Toxic Egg 2":105,"Girya":25,"Pear":76,"Astrolabe":85,"Dead Branch":91,"Eternal Feather":81,"Letter Opener":45,"War Paint":97,"Question Card":25,"Cables":0,"Bottled Flame":39,"Shuriken":25,"Bronze Scales":0,"Bird Faced Urn":9,"Snecko Eye":42,"Molten Egg 2":19,"Black Star":54,"StrikeDummy":37,"Pocketwatch":9,"Regal Pillow":33,"Lantern":109,"Singing Bowl":19,"Snake Skull":46,"Bag of Preparation":48,"Juzu Bracelet":66,"Ancient Tea Set":98,"Nunchaku":31,"Dream Catcher":77,"Mummified Hand":0,"Pantograph":0,"Gambling Chip":124,"Tiny Chest":134,"WingedGreaves":46,"Red Mask":73,"Cracked Core":0,"Ring of the Snake":0,"Potion Belt":99,"Lee\u0027s Waffle":67,"NeowsBlessing":61,"Golden Idol":0,"The Courier":50,"betterThird:NestCultRelic":118,"Omamori":126,"Frozen Egg 2":17,"Orichalcum":46,"GoldenEye":38,"White Beast Statue":119,"DataDisk":27,"Ornamental Fan":101,"betterThird:SlimedRelic":107,"Orrery":46,"Ectoplasm":78,"Coffee Dripper":23,"Bottled Lightning":32,"Toy Ornithopter":3},{"Gremlin Horn":473,"CeramicFish":94,"Vajra":64,"Whetstone":18,"Bottled Tornado":90,"Sling":156,"Sozu":0,"Centennial Puzzle":191,"Lizard Tail":312,"HornCleat":66,"Sundial":230,"Strawberry":283,"Philosopher\u0027s Stone":442,"Fusion Hammer":257,"Toxic Egg 2":417,"Girya":81,"Pear":283,"Astrolabe":329,"Dead Branch":355,"Eternal Feather":304,"Letter Opener":167,"War Paint":380,"Question Card":81,"Cables":0,"Bottled Flame":133,"Shuriken":81,"Bronze Scales":0,"Bird Faced Urn":31,"Snecko Eye":150,"Molten Egg 2":61,"Black Star":200,"StrikeDummy":121,"Pocketwatch":31,"Regal Pillow":102,"Lantern":429,"Singing Bowl":61,"Snake Skull":169,"Bag of Preparation":176,"Juzu Bracelet":234,"Ancient Tea Set":384,"Nunchaku":96,"Dream Catcher":287,"Mummified Hand":0,"Pantograph":0,"Gambling Chip":473,"Tiny Chest":527,"WingedGreaves":169,"Red Mask":270,"Cracked Core":0,"Ring of the Snake":0,"Potion Belt":388,"Lee\u0027s Waffle":239,"NeowsBlessing":219,"Golden Idol":0,"The Courier":182,"betterThird:NestCultRelic":454,"Omamori":478,"Frozen Egg 2":54,"Orichalcum":169,"GoldenEye":124,"White Beast Statue":456,"DataDisk":86,"Ornamental Fan":396,"betterThird:SlimedRelic":422,"Orrery":169,"Ectoplasm":289,"Coffee Dripper":73,"Bottled Lightning":99,"Toy Ornithopter":14}],"Ring of the Snake":[62]},"card_choices":[{"not_picked":["Bane","Dagger Throw"],"picked":"Deflect","floor":1},{"not_picked":["Dodge and Roll","Backstab"],"picked":"Acrobatics","floor":2},{"not_picked":["Accuracy","Poisoned Stab"],"picked":"Caltrops","floor":3},{"not_picked":["Bane","Outmaneuver"],"picked":"Sucker Punch","floor":4},{"not_picked":["Slice","Deflect"],"picked":"Backflip","floor":5},{"not_picked":["Cloak And Dagger","Poisoned Stab"],"picked":"Blade Dance","floor":7},{"not_picked":["Blur","Outmaneuver"],"picked":"Doppelganger","floor":13}],"player_experience":467291,"relics_obtained":[{"floor":9,"key":"Tiny Chest"},{"floor":10,"key":"Regal Pillow"}],"event_choices":[{"damage_healed":0,"gold_gain":0,"player_choice":"Searched \u00272\u0027 times","damage_taken":0,"relics_obtained":["Shuriken"],"max_hp_gain":0,"max_hp_loss":0,"event_name":"Dead Adventurer","floor":7,"gold_loss":0},{"damage_healed":0,"gold_gain":0,"player_choice":"Slimed","damage_taken":11,"max_hp_gain":0,"max_hp_loss":0,"event_name":"betterThird:BetterGoop","floor":11,"gold_loss":39},{"damage_healed":0,"gold_gain":175,"player_choice":"AGREE","damage_taken":242,"max_hp_gain":0,"max_hp_loss":0,"event_name":"betterThird:BetterSerpent","floor":12,"gold_loss":0}],"is_beta":false,"boss_relics":[],"items_purged_floors":[],"is_endless":false,"potions_floor_spawned":[2,4],"killed_by":"Gremlin Nob","ascension_level":0}}