{"host":"l5zfpd2l2htson6l","time":1612608621,"event":{"mods":["AchievementEnabler","BaseMod","Colored Map","Colored Powertips","Minty Spire (QoL Compilation)","Permanent Neow","Quick Restart","Rare Cards Sparkle","Relic Stats","SuperFastMode"],"gold_per_floor":[119,132,152,165,175,175,210,224,224,224,249,249,148,162,162,162,162],"floor_reached":16,"language":"ENG","playtime":569,"items_purged":[],"score":228,"play_id":"b0f5f87d-eea5-4a62-83e3-1853bb6ce42f","local_time":"20210206025021","is_ascension_mode":true,"campfire_choices":[{"data":"Blood for Blood","floor":6,"key":"SMITH"},{"floor":10,"key":"REST"},{"floor":15,"key":"REST"}],"circlet_count":0,"master_deck":["AscendersBane","Strike_R","Strike_R","Strike_R","Strike_R","Strike_R+1","Defend_R","Defend_R","Defend_R","Defend_R","Bash","Decay","Offering","Power Through","Blood for Blood+1","Cleave","Dropkick+1","Battle Trance","Demon Form"],"relics":["Burning Blood","Anchor","Molten Egg 2","Happy Flower","Smiling Mask"],"acts_visited":["Exordium"],"potions_floor_usage":[11,12],"damage_taken":[{"damage":19,"enemies":"Jaw Worm","floor":1,"turns":4},{"damage":6,"enemies":"2 Louse","floor":2,"turns":3},{"damage":6,"enemies":"Cultist","floor":3,"turns":2},{"damage":11,"enemies":"Blue Slaver","floor":4,"turns":5},{"damage":14,"enemies":"Large Slime","floor":5,"turns":5},{"damage":25,"enemies":"3 Sentries","floor":7,"turns":7},{"damage":17,"enemies":"2 Fungi Beasts","floor":8,"turns":3},{"damage":15,"enemies":"Lagavulin","floor":11,"turns":4},{"damage":0,"enemies":"Looter","floor":14,"turns":4},{"damage":46,"enemies":"Hexaghost","floor":16,"turns":7}],"seed_played":"-4800918442868823622","potions_obtained":[{"floor":1,"key":"PowerPotion"},{"floor":3,"key":"BloodPotion"}],"is_trial":false,"path_per_floor":["M","M","M","M","M","R","E","M","T","R","E","?","?","M","R","B"],"character_chosen":"IRONCLAD","items_purchased":[],"campfire_rested":2,"item_purchase_floors":[],"current_hp_per_floor":[55,55,55,50,42,42,23,12,12,34,25,17,17,23,45,0,0],"gold":162,"neow_bonus":"THREE_RARE_CARDS","is_daily":false,"chose_seed":false,"campfire_upgraded":1,"win_rate":0.0,"timestamp":1612608621,"path_taken":["M","M","M","M","M","R","E","M","T","R","E","?","?","M","R","BOSS"],"items_purchased_type":[],"build_version":"2020-12-22","purchased_purges":0,"victory":false,"max_hp_per_floor":[75,75,75,75,75,75,75,75,75,75,75,75,75,75,75,75,75],"relic_stats":{"Happy Flower":[3],"counters":[10,44],"Smiling Mask":0,"obtain_stats":[{"Anchor":7,"Happy Flower":11,"Molten Egg 2":9,"Smiling Mask":13,"Burning Blood":0},{"Anchor":6,"Happy Flower":8,"Molten Egg 2":7,"Smiling Mask":8,"Burning Blood":0},{"Anchor":26,"Happy Flower":33,"Molten Egg 2":29,"Smiling Mask":33,"Burning Blood":0}],"Burning Blood":54},"card_choices":[{"not_picked":["Barricade","Double Tap"],"picked":"Offering","floor":0},{"not_picked":["Sword Boomerang","Bloodletting"],"picked":"Power Through","floor":1},{"not_picked":["Rage","Clothesline"],"picked":"Blood for Blood","floor":2},{"not_picked":["Wild Strike","Thunderclap"],"picked":"Cleave","floor":3},{"not_picked":["Thunderclap","Headbutt"],"picked":"Dropkick","floor":4},{"not_picked":["Sever Soul","Headbutt","Sword Boomerang"],"picked":"SKIP","floor":5},{"not_picked":["Perfected Strike","Brutality"],"picked":"Battle Trance","floor":7},{"not_picked":["Wild Strike","Pommel Strike","Sever Soul"],"picked":"SKIP","floor":8},{"not_picked":["Inflame","Havoc"],"picked":"Demon Form","floor":11},{"not_picked":["Warcry","Sentinel","Body Slam+1"],"picked":"SKIP","floor":14}],"player_experience":919666,"relics_obtained":[{"floor":7,"key":"Anchor"},{"floor":9,"key":"Molten Egg 2"},{"floor":11,"key":"Happy Flower"}],"event_choices":[{"damage_healed":0,"gold_gain":0,"player_choice":"Entered Light","damage_taken":23,"max_hp_gain":0,"max_hp_loss":0,"event_name":"Shining Light","floor":12,"gold_loss":0,"cards_upgraded":["Dropkick","Strike_R"]},{"damage_healed":0,"gold_gain":0,"player_choice":"Paid Gold","damage_taken":0,"relics_obtained":["Smiling Mask"],"max_hp_gain":0,"max_hp_loss":0,"event_name":"WeMeetAgain","floor":13,"gold_loss":101}],"is_beta":false,"boss_relics":[],"items_purged_floors":[],"is_endless":false,"potions_floor_spawned":[1,3,5,8],"killed_by":"Hexaghost","ascension_level":20}}