{"host":"sc0o2qwpf9j16a4i","time":1612641186,"event":{"mods":["AchievementEnabler","BaseMod","BetterRewards","Block Reminder","Colored Map","Colored Powertips","Custom Start","Highlight Path","Minty Spire (QoL Compilation)","Relic Stats"],"gold_per_floor":[111,111,127,13,31,65,90,116,141,141,92,125,152,178,190,299,311,338,350,43,43,71,71,106,106,154,186,213,63,63,94,94,196,196,206,223,28,28,41,66,101,111,111,44,44,72,106,139,139,139],"floor_reached":51,"language":"ENG","playtime":1709,"items_purged":["Pain"],"score":1321,"play_id":"c00d4635-2d28-4f74-a670-ba5d143be87f","local_time":"20210206215306","daily_mods":["Draft","Flight","DeadlyEvents"],"is_ascension_mode":false,"campfire_choices":[{"data":"Worship","floor":10,"key":"SMITH"},{"data":"Omniscience","floor":15,"key":"SMITH"},{"data":"Ragnarok","floor":23,"key":"SMITH"},{"data":"TalkToTheHand","floor":32,"key":"SMITH"},{"data":"Ragnarok","floor":45,"key":"SMITH"},{"data":"Meditate","floor":49,"key":"SMITH"}],"circlet_count":0,"master_deck":["Conclude","FollowUp","FlyingSleeves","CrushJoints","Wireheading","Prostrate","Prostrate","Evaluate","DeceiveReality","DeceiveReality","Worship+1","ReachHeaven","CutThroughFate","Evaluate","CrushJoints","Omniscience+1","Protect","Consecrate","Worship","Prostrate","Ragnarok+1","Meditate+1","Prostrate+1","Nirvana","TalkToTheHand+1","Wireheading+1","Ragnarok+1","Meditate+1","WreathOfFlame+1","Apotheosis+1","SashWhip+1","Wallop+1","BattleHymn+1","DeceiveReality","Protect+1"],"relics":["PureWater","Damaru","Orichalcum","Potion Belt","Bag of Marbles","Eternal Feather","Strawberry","MawBank","Philosopher\u0027s Stone","WarpedTongs","Blue Candle","Nunchaku","Pantograph","Bag of Preparation","Blood Vial","Shuriken","White Beast Statue","Pen Nib","Black Star","Ancient Tea Set","Incense Burner","Question Card","Dream Catcher","Toy Ornithopter","Yang","Centennial Puzzle","MealTicket","Boot","Pear","Regal Pillow"],"acts_visited":["Exordium","TheCity","TheBeyond"],"potions_floor_usage":[12,13,13,28,31,39,39,40,41,46,47,48],"damage_taken":[{"damage":0,"enemies":"Jaw Worm","floor":1,"turns":3},{"damage":0,"enemies":"Cultist","floor":3,"turns":3},{"damage":0,"enemies":"2 Louse","floor":5,"turns":3},{"damage":2,"enemies":"Gremlin Nob","floor":6,"turns":4},{"damage":0,"enemies":"Lagavulin","floor":7,"turns":3},{"damage":0,"enemies":"Gremlin Nob","floor":12,"turns":2},{"damage":0,"enemies":"3 Sentries","floor":13,"turns":3},{"damage":2,"enemies":"Lagavulin","floor":14,"turns":5},{"damage":5,"enemies":"The Guardian","floor":16,"turns":7},{"damage":2,"enemies":"Chosen","floor":18,"turns":2},{"damage":12,"enemies":"Slavers","floor":22,"turns":2},{"damage":0,"enemies":"Gremlin Leader","floor":24,"turns":2},{"damage":13,"enemies":"Book of Stabbing","floor":27,"turns":4},{"damage":0,"enemies":"Gremlin Leader","floor":28,"turns":2},{"damage":0,"enemies":"Book of Stabbing","floor":31,"turns":3},{"damage":4,"enemies":"Automaton","floor":33,"turns":5},{"damage":0,"enemies":"3 Darklings","floor":35,"turns":2},{"damage":0,"enemies":"Orb Walker","floor":36,"turns":2},{"damage":0,"enemies":"Spire Growth","floor":39,"turns":3},{"damage":26,"enemies":"Nemesis","floor":40,"turns":5},{"damage":20,"enemies":"Reptomancer","floor":41,"turns":3},{"damage":0,"enemies":"4 Shapes","floor":42,"turns":5},{"damage":0,"enemies":"Nemesis","floor":46,"turns":3},{"damage":0,"enemies":"Reptomancer","floor":47,"turns":4},{"damage":0,"enemies":"Giant Head","floor":48,"turns":5},{"damage":1,"enemies":"Time Eater","floor":50,"turns":6}],"seed_played":"-8134013576301879054","potions_obtained":[{"floor":1,"key":"SmokeBomb"},{"floor":6,"key":"DistilledChaos"},{"floor":12,"key":"Strength Potion"},{"floor":22,"key":"PowerPotion"},{"floor":27,"key":"BlessingOfTheForge"},{"floor":28,"key":"Ancient Potion"},{"floor":31,"key":"Ancient Potion"},{"floor":33,"key":"Fire Potion"},{"floor":35,"key":"SkillPotion"},{"floor":36,"key":"Strength Potion"},{"floor":39,"key":"PowerPotion"},{"floor":40,"key":"CultistPotion"},{"floor":41,"key":"Energy Potion"},{"floor":42,"key":"Energy Potion"},{"floor":46,"key":"PowerPotion"},{"floor":47,"key":"EssenceOfSteel"},{"floor":48,"key":"Ancient Potion"}],"is_trial":true,"path_per_floor":["M","?","M","$","M","E","E","T","T","R","$","E","E","E","R","B",null,"M","?","$","$","E","R","E","?","T","E","E","$","T","E","R","B",null,"M","M","$","?","M","E","E","M","T","$","R","E","E","E","R","B",null],"character_chosen":"WATCHER","items_purchased":["Omniscience","Protect","Strength Potion","Blue Candle","Meditate","TalkToTheHand","Apotheosis","DeceiveReality"],"campfire_rested":0,"item_purchase_floors":[4,4,11,20,20,29,37,44],"current_hp_per_floor":[72,72,72,72,72,70,70,70,70,70,70,70,77,75,79,74,79,77,77,77,77,65,77,77,62,62,49,51,51,51,53,68,80,84,84,84,84,84,84,58,40,42,42,42,60,67,74,91,94,93],"gold":139,"neow_bonus":"","is_daily":false,"chose_seed":false,"campfire_upgraded":6,"win_rate":0.0,"timestamp":1612641186,"path_taken":["M","?","?","?","M","E","?","?","T","R","$","E","E","E","R","BOSS","M","?","$","$","?","R","E","?","T","E","?","$","?","E","R","BOSS","M","M","$","?","M","E","?","?","T","?","R","?","E","E","R","BOSS"],"items_purchased_type":["Card","Card","Potion","Relic","Card","Card","Card","Card"],"build_version":"2020-12-22","purchased_purges":1,"victory":true,"max_hp_per_floor":[72,72,72,72,72,72,72,72,72,72,72,72,79,79,79,79,79,79,79,79,79,79,79,79,84,84,84,84,84,84,84,84,84,84,84,84,84,84,84,84,84,84,84,84,84,84,84,94,94,94],"relic_stats":{"Regal Pillow":0,"counters":[26,91],"Blue Candle":[0],"Eternal Feather":52,"Yang":[31],"Pen Nib":[8],"Bag of Preparation":[28],"Orichalcum":[12],"MawBank":72,"Question Card":4,"Boot":[0],"WarpedTongs":[50],"Blood Vial":16,"Nunchaku":[9],"Dream Catcher":0,"Centennial Puzzle":[3],"Shuriken":[11],"Pantograph":14,"MealTicket":0,"Black Star":5,"obtain_stats":[{"Regal Pillow":48,"Yang":46,"Bag of Preparation":26,"Incense Burner":40,"Ancient Tea Set":40,"Boot":47,"Blood Vial":27,"Nunchaku":22,"Dream Catcher":41,"Centennial Puzzle":46,"Strawberry":13,"Pantograph":24,"Philosopher\u0027s Stone":17,"MealTicket":47,"Potion Belt":8,"Pear":48,"Blue Candle":20,"Damaru":6,"Eternal Feather":12,"Pen Nib":31,"Orichalcum":7,"MawBank":14,"Question Card":41,"White Beast Statue":30,"WarpedTongs":19,"Shuriken":28,"Bag of Marbles":9,"Black Star":34,"PureWater":0,"Toy Ornithopter":43},{"Regal Pillow":25,"Yang":23,"Bag of Preparation":12,"Incense Burner":20,"Ancient Tea Set":20,"Boot":24,"Blood Vial":13,"Nunchaku":11,"Dream Catcher":21,"Centennial Puzzle":23,"Strawberry":7,"Pantograph":12,"Philosopher\u0027s Stone":9,"MealTicket":24,"Potion Belt":5,"Pear":25,"Blue Candle":10,"Damaru":4,"Eternal Feather":6,"Pen Nib":15,"Orichalcum":5,"MawBank":8,"Question Card":21,"White Beast Statue":14,"WarpedTongs":10,"Shuriken":14,"Bag of Marbles":5,"Black Star":16,"PureWater":0,"Toy Ornithopter":22},{"Regal Pillow":85,"Yang":76,"Bag of Preparation":39,"Incense Burner":65,"Ancient Tea Set":65,"Boot":80,"Blood Vial":43,"Nunchaku":37,"Dream Catcher":68,"Centennial Puzzle":76,"Strawberry":21,"Pantograph":39,"Philosopher\u0027s Stone":33,"MealTicket":80,"Potion Belt":16,"Pear":85,"Blue Candle":35,"Damaru":13,"Eternal Feather":18,"Pen Nib":48,"Orichalcum":16,"MawBank":26,"Question Card":68,"White Beast Statue":45,"WarpedTongs":35,"Shuriken":45,"Bag of Marbles":16,"Black Star":53,"PureWater":0,"Toy Ornithopter":73}],"Toy Ornithopter":15},"card_choices":[{"not_picked":["Prostrate","EmptyBody"],"picked":"Conclude","floor":0},{"not_picked":["Consecrate","Collect"],"picked":"FollowUp","floor":0},{"not_picked":["EmptyBody","Vengeance"],"picked":"FlyingSleeves","floor":0},{"not_picked":["Consecrate","BowlingBash"],"picked":"CrushJoints","floor":0},{"not_picked":["FlyingSleeves","Halt"],"picked":"Wireheading","floor":0},{"not_picked":["CrushJoints","Vengeance"],"picked":"Prostrate","floor":0},{"not_picked":["Protect","BattleHymn"],"picked":"Prostrate","floor":0},{"not_picked":["FollowUp","Indignation"],"picked":"Evaluate","floor":0},{"not_picked":["EmptyBody","JustLucky"],"picked":"WindmillStrike","floor":0},{"not_picked":["FollowUp","LikeWater"],"picked":"DeceiveReality","floor":0},{"not_picked":["JustLucky","SignatureMove"],"picked":"DeceiveReality","floor":0},{"not_picked":["Study","Wireheading"],"picked":"Worship","floor":0},{"not_picked":["Halt","FlurryOfBlows"],"picked":"ReachHeaven","floor":0},{"not_picked":["FlyingSleeves","ClearTheMind"],"picked":"CutThroughFate","floor":0},{"not_picked":["CarveReality","SignatureMove"],"picked":"Evaluate","floor":0},{"not_picked":["Indignation","ForeignInfluence"],"picked":"CrushJoints","floor":1},{"not_picked":["Collect","WheelKick","Fasting2"],"picked":"SKIP","floor":3},{"not_picked":["Crescendo","Evaluate","FlyingSleeves"],"picked":"SKIP","floor":5},{"not_picked":["BowlingBash","Blasphemy"],"picked":"Consecrate","floor":6},{"not_picked":["EmptyBody","Swivel","Evaluate"],"picked":"SKIP","floor":7},{"not_picked":["BowlingBash","Judgement","SignatureMove"],"picked":"SKIP","floor":12},{"not_picked":["SandsOfTime","ClearTheMind"],"picked":"Worship","floor":13},{"not_picked":["JustLucky","Evaluate"],"picked":"Prostrate","floor":14},{"not_picked":["Judgement","LessonLearned"],"picked":"Ragnarok","floor":16},{"not_picked":["Worship","FlyingSleeves","JustLucky"],"picked":"SKIP","floor":18},{"not_picked":["FlyingSleeves","Tantrum"],"picked":"Prostrate+1","floor":22},{"not_picked":["CrushJoints","FlyingSleeves","Pray"],"picked":"SKIP","floor":24},{"not_picked":["Indignation+1","ClearTheMind","FlyingSleeves+1"],"picked":"SKIP","floor":27},{"not_picked":["ClearTheMind+1","JustLucky+1"],"picked":"Nirvana","floor":28},{"not_picked":["DeusExMachina","LikeWater"],"picked":"Wireheading+1","floor":31},{"not_picked":["Brilliance","Blasphemy"],"picked":"Ragnarok","floor":33},{"not_picked":["Evaluate+1","LikeWater+1"],"picked":"Meditate+1","floor":35},{"not_picked":["Crescendo","PathToVictory+1"],"picked":"WreathOfFlame+1","floor":36},{"not_picked":["Crescendo","MentalFortress","Study"],"picked":"SKIP","floor":39},{"not_picked":["PathToVictory","WreathOfFlame"],"picked":"SashWhip+1","floor":40},{"not_picked":["Adaptation","Blasphemy"],"picked":"Wallop+1","floor":41},{"not_picked":["Pray+1","BowlingBash","JustLucky"],"picked":"BattleHymn+1","floor":42},{"not_picked":["Tantrum+1","EmptyMind+1","SashWhip+1"],"picked":"Protect+1","floor":46},{"not_picked":["InnerPeace","Crescendo","Prostrate","Halt"],"picked":"SKIP","floor":47},{"not_picked":["SashWhip+1","MentalFortress+1","JustLucky","Indignation"],"picked":"SKIP","floor":48}],"player_experience":1245728,"relics_obtained":[{"floor":6,"key":"Damaru"},{"floor":7,"key":"Orichalcum"},{"floor":8,"key":"Potion Belt"},{"floor":9,"key":"Bag of Marbles"},{"floor":12,"key":"Eternal Feather"},{"floor":13,"key":"Strawberry"},{"floor":14,"key":"MawBank"},{"floor":22,"key":"Nunchaku"},{"floor":24,"key":"Pantograph"},{"floor":26,"key":"Bag of Preparation"},{"floor":27,"key":"Blood Vial"},{"floor":28,"key":"Shuriken"},{"floor":30,"key":"White Beast Statue"},{"floor":31,"key":"Pen Nib"},{"floor":40,"key":"Ancient Tea Set"},{"floor":40,"key":"Incense Burner"},{"floor":41,"key":"Question Card"},{"floor":41,"key":"Dream Catcher"},{"floor":43,"key":"Toy Ornithopter"},{"floor":46,"key":"Yang"},{"floor":46,"key":"Centennial Puzzle"},{"floor":47,"key":"MealTicket"},{"floor":47,"key":"Boot"},{"floor":48,"key":"Pear"},{"floor":48,"key":"Regal Pillow"}],"event_choices":[{"cards_removed":["WindmillStrike"],"damage_healed":0,"gold_gain":0,"player_choice":"Offered Uncommon","damage_taken":0,"max_hp_gain":0,"max_hp_loss":0,"event_name":"Bonfire Elementals","floor":2,"gold_loss":0},{"damage_healed":0,"gold_gain":0,"player_choice":"Rummage","damage_taken":0,"relics_obtained":["WarpedTongs"],"max_hp_gain":0,"max_hp_loss":0,"event_name":"Accursed Blacksmith","floor":19,"gold_loss":0,"cards_obtained":["Pain"]},{"damage_healed":0,"gold_gain":0,"player_choice":"Shed Blood","damage_taken":20,"max_hp_gain":5,"max_hp_loss":0,"event_name":"Forgotten Altar","floor":25,"gold_loss":0},{"damage_healed":0,"gold_gain":0,"player_choice":"Upgraded","damage_taken":0,"max_hp_gain":0,"max_hp_loss":0,"event_name":"Upgrade Shrine","floor":38,"gold_loss":0,"cards_upgraded":["Apotheosis"]}],"is_beta":false,"boss_relics":[{"not_picked":["Tiny House","VioletLotus"],"picked":"Philosopher\u0027s Stone"},{"not_picked":["Runic Pyramid","Runic Dome"],"picked":"Black Star"}],"items_purged_floors":[29],"is_endless":false,"potions_floor_spawned":[1,6,12,22,27,28,31,33,35,36,39,40,41,42,46,47,48],"ascension_level":0}}