{"host":"flk9eme3n59cnu2c","time":1612571899,"event":{"mods":["A Penny For Your Troubles","AchievementEnabler","BaseMod","Better-Laid Plans","Block Reminder","Colored Map","Googly Eyes","Minty Spire (QoL Compilation)","RNG Fix","Rare Cards Sparkle","Relic Stats","Reorder Act Four","Slay-I","StSLib","Weighted Paths"],"gold_per_floor":[116,130,130,141,159,159,159],"floor_reached":6,"language":"ENG","playtime":221,"items_purged":[],"score":74,"play_id":"c2d26e0c-577e-419a-92eb-7512c333cb10","local_time":"20210205183819","is_ascension_mode":true,"campfire_choices":[],"circlet_count":0,"master_deck":["AscendersBane","Strike_G","Strike_G","Strike_G","Strike_G","Strike_G","Defend_G","Defend_G","Defend_G","Defend_G","Defend_G","Survivor","Neutralize","PiercingWail","Setup","Poisoned Stab","Dash"],"relics":["Ring of the Snake","NeowsBlessing","Strawberry"],"acts_visited":["Exordium"],"potions_floor_usage":[6],"damage_taken":[{"damage":0,"enemies":"Jaw Worm","floor":1,"turns":1},{"damage":0,"enemies":"Small Slimes","floor":2,"turns":1},{"damage":0,"enemies":"Cultist","floor":4,"turns":1},{"damage":4,"enemies":"Blue Slaver","floor":5,"turns":5},{"damage":57,"enemies":"Lagavulin","floor":6,"turns":11}],"seed_played":"7112349946644458870","potions_obtained":[{"floor":1,"key":"Energy Potion"},{"floor":4,"key":"Swift Potion"}],"is_trial":false,"path_per_floor":["M","M","?","M","M","E"],"character_chosen":"THE_SILENT","items_purchased":[],"campfire_rested":0,"item_purchase_floors":[],"current_hp_per_floor":[59,59,61,61,57,0,0],"gold":159,"neow_bonus":"THREE_ENEMY_KILL","is_daily":false,"chose_seed":false,"campfire_upgraded":0,"win_rate":0.0,"timestamp":1612571899,"path_taken":["M","M","?","M","M","E"],"items_purchased_type":[],"build_version":"2020-12-22","purchased_purges":0,"victory":false,"max_hp_per_floor":[66,66,73,73,73,73,73],"relic_stats":{"counters":[5,19],"obtain_stats":[{"NeowsBlessing":0,"Strawberry":3,"Ring of the Snake":0},{"NeowsBlessing":0,"Strawberry":2,"Ring of the Snake":0},{"NeowsBlessing":0,"Strawberry":2,"Ring of the Snake":0}],"Ring of the Snake":[10]},"card_choices":[{"not_picked":["Sucker Punch","Dodge and Roll"],"picked":"PiercingWail","floor":1},{"not_picked":["Heel Hook","Blur"],"picked":"Setup","floor":2},{"not_picked":["Sucker Punch","Quick Slash"],"picked":"Poisoned Stab","floor":4},{"not_picked":["Predator","Dodge and Roll"],"picked":"Dash","floor":5}],"player_experience":920917,"relics_obtained":[],"event_choices":[{"damage_healed":0,"gold_gain":0,"player_choice":"Success","damage_taken":5,"relics_obtained":["Strawberry"],"max_hp_gain":0,"max_hp_loss":0,"event_name":"Scrap Ooze","floor":3,"gold_loss":0}],"is_beta":false,"boss_relics":[],"items_purged_floors":[],"is_endless":false,"potions_floor_spawned":[1,4],"killed_by":"Lagavulin","ascension_level":19}}