{"host":"1c17lcvl7acx821p","time":1612605236,"event":{"mods":["AchievementEnabler","BaseMod","Bestiary","Colored Map","Minty Spire (QoL Compilation)","Quick Restart","Relic Sorter","StSLib","ojb\u0027s Better Paths Mod","ojb\u0027s Info Mod"],"gold_per_floor":[117,134,152,302,312,339,11,11,11,36,36,59,134,150,150,150,241,241,261,261,281,281,295,309,53,69,118,118,149,64,97,97,97,97,196,196,219,219,219,20,20,20,60,60,60,60,103,103,103,436,436,436,436],"floor_reached":52,"language":"ENG","playtime":2416,"items_purged":["Doubt"],"score":1176,"play_id":"4fd1af0a-8552-4ea5-8774-ad3a46af7d10","local_time":"20210206115356","is_ascension_mode":true,"campfire_choices":[{"floor":8.0,"key":"REST"},{"floor":15.0,"key":"REST"},{"data":"Infinite Blades","floor":16.0,"key":"SMITH"},{"data":"Footwork","floor":34.0,"key":"SMITH"},{"data":"Night Terror","floor":42.0,"key":"SMITH"},{"data":"Tactician","floor":44.0,"key":"SMITH"},{"floor":51.0,"key":"RECALL"}],"circlet_count":0,"master_deck":["AscendersBane","Strike_G","Strike_G","Defend_G","Defend_G","Defend_G","Defend_G","Survivor","Neutralize","Dagger Throw","Finisher","Backstab","Crippling Poison","Terror","Backflip","Deflect","Infinite Blades+1","Leg Sweep","Adrenaline","Burst+1","Bane+1","Setup+1","PiercingWail","Blade Dance","Glass Knife","Footwork+1","Blade Dance","Deflect+1","Prepared+1","Dodge and Roll","Night Terror+1","Tactician+1","Finesse","Swift Strike","PanicButton","Acrobatics","Dark Shackles","Armaments"],"relics":["WristBlade","Bottled Lightning","Juzu Bracelet","InkBottle","Astrolabe","MutagenicStrength","ClockworkSouvenir","Boot","Regal Pillow","Tiny Chest","Bag of Preparation","Tingsha","Snecko Eye","Centennial Puzzle","PrismaticShard","Anchor","Ginger","Strawberry","Blood Vial"],"acts_visited":["Exordium","TheCity","TheBeyond"],"potions_floor_usage":[],"damage_taken":[{"damage":0.0,"enemies":"2 Louse","floor":1.0,"turns":4.0},{"damage":0.0,"enemies":"Small Slimes","floor":2.0,"turns":3.0},{"damage":9.0,"enemies":"Cultist","floor":3.0,"turns":5.0},{"damage":0.0,"enemies":"2 Fungi Beasts","floor":5.0,"turns":3.0},{"damage":32.0,"enemies":"Lagavulin","floor":6.0,"turns":8.0},{"damage":2.0,"enemies":"3 Sentries","floor":10.0,"turns":7.0},{"damage":3.0,"enemies":"Large Slime","floor":12.0,"turns":4.0},{"damage":19.0,"enemies":"Exordium Wildlife","floor":14.0,"turns":4.0},{"damage":10.0,"enemies":"Slime Boss","floor":17.0,"turns":10.0},{"damage":2.0,"enemies":"Shell Parasite","floor":19.0,"turns":4.0},{"damage":0.0,"enemies":"Spheric Guardian","floor":21.0,"turns":3.0},{"damage":0.0,"enemies":"Shelled Parasite and Fungi","floor":23.0,"turns":3.0},{"damage":14.0,"enemies":"Centurion and Healer","floor":24.0,"turns":6.0},{"damage":0.0,"enemies":"Chosen and Byrds","floor":26.0,"turns":4.0},{"damage":11.0,"enemies":"Slavers","floor":29.0,"turns":3.0},{"damage":0.0,"enemies":"Book of Stabbing","floor":31.0,"turns":1.0},{"damage":0.0,"enemies":"Champ","floor":35.0,"turns":6.0},{"damage":0.0,"enemies":"3 Shapes","floor":37.0,"turns":5.0},{"damage":21.0,"enemies":"Nemesis","floor":43.0,"turns":5.0},{"damage":17.0,"enemies":"Giant Head","floor":47.0,"turns":6.0},{"damage":28,"enemies":"Awakened One","floor":52,"turns":4}],"seed_played":"6802804697477360519","potions_obtained":[{"floor":2.0,"key":"CunningPotion"},{"floor":3.0,"key":"CultistPotion"},{"floor":17.0,"key":"FearPotion"},{"floor":21.0,"key":"DistilledChaos"},{"floor":23.0,"key":"DuplicationPotion"},{"floor":29.0,"key":"LiquidMemories"},{"floor":31.0,"key":"Fire Potion"},{"floor":35.0,"key":"Swift Potion"}],"is_trial":false,"path_per_floor":["M","M","M","?","M","E","$","R","T","E","?","M","?","M","R","R","B",null,"M","?","M","?","M","M","$","M","T","T","E","?","E","?","?","R","B",null,"M","T","?","$","$","R","E","R","T","$","E","T","?","?","R","B"],"character_chosen":"THE_SILENT","items_purchased":["Backflip","Juzu Bracelet","Fire Potion","Footwork","Blade Dance","ClockworkSouvenir","PrismaticShard","Acrobatics"],"campfire_rested":2,"item_purchase_floors":[7,7,7,25,25,25,40,40],"current_hp_per_floor":[59,59,50,50,50,18,18,37,37,35,35,32,21,2,20,20,10,48,46,46,46,46,46,32,32,32,32,32,21,21,21,60,60,60,60,60,60,60,50,50,50,50,29,29,29,29,19,19,19,19,19,0,0],"gold":436,"neow_bonus":"BOSS_RELIC","is_daily":false,"chose_seed":false,"campfire_upgraded":4,"win_rate":0.0,"timestamp":1612605236,"path_taken":["M","M","M","?","M","E","$","R","T","E","?","M","?","M","R","R","BOSS","M","?","M","?","M","M","$","M","T","T","E","?","E","?","?","R","BOSS","M","?","?","$","?","R","E","R","T","?","E","?","?","?","R","BOSS"],"items_purchased_type":["Card","Relic","Potion","Card","Card","Relic","Relic","Card"],"build_version":"2020-12-22","purchased_purges":1,"victory":false,"max_hp_per_floor":[66,66,66,66,66,66,66,66,66,66,60,60,60,60,60,60,60,60,60,60,60,60,60,60,60,60,60,60,60,60,60,60,60,60,60,60,60,60,60,60,60,60,60,60,60,60,67,67,67,67,67,67,67],"card_choices":[{"not_picked":["Underhanded Strike","Sucker Punch"],"picked":"Dagger Throw","floor":1.0},{"not_picked":["Sucker Punch","Bane"],"picked":"Finisher","floor":2.0},{"not_picked":["Crippling Poison","Flying Knee"],"picked":"Backstab","floor":3.0},{"not_picked":["Prepared","Bane"],"picked":"Crippling Poison","floor":5.0},{"not_picked":["Bane","Crippling Poison"],"picked":"Terror","floor":6.0},{"not_picked":["Predator","Concentrate"],"picked":"Deflect","floor":10.0},{"not_picked":["Cloak And Dagger","Dagger Spray"],"picked":"Infinite Blades","floor":12.0},{"not_picked":["Flechettes","Well Laid Plans"],"picked":"Leg Sweep","floor":14.0},{"not_picked":["Phantasmal Killer","Tools of the Trade"],"picked":"Adrenaline","floor":17.0},{"not_picked":["Underhanded Strike","Dagger Throw"],"picked":"PiercingWail","floor":19.0},{"not_picked":["Setup","Bane","Quick Slash"],"picked":"SKIP","floor":21.0},{"not_picked":["Concentrate","Acrobatics"],"picked":"Endless Agony","floor":23.0},{"not_picked":["Bouncing Flask","Acrobatics"],"picked":"Glass Knife","floor":24.0},{"not_picked":["Prepared","Bouncing Flask"],"picked":"Deflect+1","floor":26.0},{"not_picked":["Deflect","Dagger Spray"],"picked":"Prepared+1","floor":29.0},{"not_picked":["Dagger Spray","Quick Slash+1"],"picked":"Dodge and Roll","floor":31.0},{"not_picked":["Unload","Die Die Die"],"picked":"Night Terror","floor":35.0},{"not_picked":["Crippling Poison","Terror"],"picked":"Tactician","floor":37.0},{"not_picked":["PanicButton","Mind Blast"],"picked":"Finesse","floor":39.0},{"not_picked":["Purity","The Bomb"],"picked":"Swift Strike","floor":39.0},{"not_picked":["Jack Of All Trades","Bandage Up"],"picked":"PanicButton","floor":39.0},{"not_picked":["Doppelganger","True Grit"],"picked":"Dark Shackles","floor":43.0},{"not_picked":["Thunderclap","Sadistic Nature"],"picked":"Armaments","floor":47.0}],"player_experience":290581,"relics_obtained":[{"floor":6.0,"key":"Bottled Lightning"},{"floor":10.0,"key":"InkBottle"},{"floor":27.0,"key":"Boot"},{"floor":28.0,"key":"Regal Pillow"},{"floor":29.0,"key":"Tiny Chest"},{"floor":31.0,"key":"Tingsha"},{"floor":38.0,"key":"Centennial Puzzle"},{"floor":43.0,"key":"Anchor"},{"floor":45.0,"key":"Ginger"},{"floor":47.0,"key":"Strawberry"},{"floor":48.0,"key":"Blood Vial"}],"event_choices":[{"damage_healed":0.0,"max_hp_gain":0.0,"max_hp_loss":0.0,"gold_gain":150.0,"event_name":"Liars Game","player_choice":"AGREE","floor":4.0,"gold_loss":0.0,"damage_taken":0.0,"cards_obtained":["Doubt"]},{"damage_healed":0.0,"max_hp_gain":0.0,"max_hp_loss":6.0,"gold_gain":0.0,"event_name":"Golden Idol","player_choice":"Lose Max HP","floor":11.0,"gold_loss":0.0,"damage_taken":0.0,"relics_obtained":["Golden Idol"]},{"damage_healed":0.0,"max_hp_gain":0.0,"max_hp_loss":0.0,"gold_gain":75.0,"event_name":"World of Goop","player_choice":"Gather Gold","floor":13.0,"gold_loss":0.0,"damage_taken":11.0},{"damage_healed":0.0,"max_hp_gain":0.0,"max_hp_loss":0.0,"gold_gain":0.0,"event_name":"Drug Dealer","player_choice":"Inject Mutagens","floor":20.0,"gold_loss":0.0,"damage_taken":0.0,"relics_obtained":["MutagenicStrength"]},{"damage_healed":0.0,"max_hp_gain":0.0,"max_hp_loss":0.0,"gold_gain":0.0,"event_name":"The Library","player_choice":"Read","floor":22.0,"gold_loss":0.0,"damage_taken":0.0,"cards_obtained":["Blade Dance"]},{"damage_healed":0.0,"max_hp_gain":0.0,"max_hp_loss":0.0,"gold_gain":0.0,"event_name":"Addict","player_choice":"Obtained Relic","floor":30.0,"gold_loss":85.0,"damage_taken":0.0,"relics_obtained":["Bag of Preparation"]},{"cards_removed":["Endless Agony"],"damage_healed":39.0,"max_hp_gain":0.0,"max_hp_loss":0.0,"gold_gain":0.0,"event_name":"Bonfire Elementals","player_choice":"Offered Uncommon","floor":32.0,"gold_loss":0.0,"damage_taken":0.0},{"damage_healed":0.0,"max_hp_gain":0.0,"max_hp_loss":0.0,"gold_gain":0.0,"event_name":"Vampires","player_choice":"Ignored","floor":33.0,"gold_loss":0.0,"damage_taken":0.0},{"damage_healed":0.0,"max_hp_gain":0.0,"max_hp_loss":0.0,"gold_gain":0.0,"event_name":"SensoryStone","player_choice":"Memory 3","floor":39.0,"gold_loss":0.0,"damage_taken":10.0},{"cards_removed":["Strike_G"],"damage_healed":0.0,"max_hp_gain":0.0,"max_hp_loss":0.0,"gold_gain":0.0,"event_name":"Falling","player_choice":"Removed Attack","floor":49.0,"gold_loss":0.0,"damage_taken":0.0},{"damage_healed":0.0,"max_hp_gain":0.0,"max_hp_loss":0.0,"gold_gain":333.0,"event_name":"The Moai Head","player_choice":"Gave Idol","floor":50.0,"relics_lost":["Golden Idol"],"gold_loss":0.0,"damage_taken":0.0}],"is_beta":false,"boss_relics":[{"not_picked":["Empty Cage","Busted Crown"],"picked":"Astrolabe"},{"not_picked":["Sozu","Fusion Hammer"],"picked":"Snecko Eye"}],"items_purged_floors":[7],"is_endless":false,"potions_floor_spawned":[2,3,5,17,21,23,29,31,35,43],"killed_by":"Awakened One","ascension_level":15}}