{"host":"qmnyg5dk1o6rw6mz","time":1612582659,"event":{"mods":["2.2 Compatiblity","AchievementEnabler","Act Like it!","Aspiration","Astrologer","BaseMod","Better Altar","Better Match","Better Note","Better Sensory Stone","Better Skull","Better Third Choice","Better Vampires","Colored Map","Colored Powertips","Conspire","Defuse TimeMaze Blight","Disable Question Mark Monsters","Displayed Cursed Tome","Downfall","GifTheSpireLib","Hermit","Highlight Path","Hubris","Infinite Spire","Minty Spire (QoL Compilation)","Pale of the Ancients","Permanent Neow","Quick Restart","Relic Filter","Relic Sorter","Reliquary","Replay The Spire","Shop Mod","Spicy Shops","StSLib","Synergy Search","The Blue Laboratory","The Construct","The Disciple","Unceasing Turn Reminder","Wide Potions"],"gold_per_floor":[99,111,189,225,225,325,325,125,153,163,177,194,194,224,235,235,235,235],"floor_reached":16,"language":"ENG","playtime":758,"items_purged":[],"score":110,"play_id":"339a5a96-a201-407a-87c0-89858f37d42e","local_time":"20210206113739","is_ascension_mode":false,"campfire_choices":[{"floor":1.0,"key":"RECALL"},{"data":"hexamod:ExtraCrispy","floor":8,"key":"SMITH"},{"data":"hexamod:Again","floor":13,"key":"SMITH"}],"circlet_count":0,"master_deck":["hexamod:Strike","hexamod:Strike+1","hexamod:Strike+1","hexamod:Strike","hexamod:Defend","hexamod:Defend","hexamod:Defend","hexamod:Defend","hexamod:Sear","hexamod:Float+1","hexamod:ExtraCrispy+1","hexamod:BurningTouch","Voices","hexamod:ExtraCrispy","hexamod:Firestarter","hexamod:ThirdSeal","hexamod:Firestarter","hexamod:Again+1","hexamod:WildfireWeapon","hexamod:EmpoweredFlame"],"relics":["hexamod:SpiritBrand","infinitespire:FocusingShard","Mirror","ReplayTheSpireMod:Ring of Exchange","downfall:HeartBlessingRed","downfall:HeartBlessingBlue","Whetstone","aspiration:TomeofQuesting"],"acts_visited":["Exordium"],"potions_floor_usage":[11,14,15,16,16],"damage_taken":[{"damage":0.0,"enemies":"Cultist","floor":2.0,"turns":3.0},{"damage":6.0,"enemies":"conspire:MimicChest","floor":4.0,"turns":6.0},{"damage":16,"enemies":"Lagavulin","floor":9,"turns":6},{"damage":0,"enemies":"Small Slimes","floor":10,"turns":3},{"damage":0,"enemies":"2 Louse","floor":11,"turns":2},{"damage":15,"enemies":"Large Slime","floor":12,"turns":6},{"damage":34,"enemies":"3 Sentries","floor":14,"turns":9},{"damage":3,"enemies":"Lots of Slimes","floor":15,"turns":6},{"damage":22,"enemies":"WA_ARCHETYPE_RETAIN","floor":16,"turns":4}],"seed_played":"-6414543151257633045","potions_obtained":[{"floor":2.0,"key":"construct:ShiftPotion"},{"floor":9,"key":"hexamod:EctoCoolerPotion"},{"floor":10,"key":"Elixir"},{"floor":12,"key":"ColorlessPotion"},{"floor":14,"key":"GamblersBrew"}],"is_trial":false,"path_per_floor":["R","M","T","?","?","?","T","R","E","M","M","M","R","E","M","B"],"character_chosen":"THE_SPIRIT","items_purchased":[],"campfire_rested":0,"item_purchase_floors":[],"current_hp_per_floor":[70,70,70,64,64,64,64,74,58,58,58,43,43,9,6,0,0,0],"gold":235,"neow_bonus":"UPGRADE_CARD","is_daily":false,"chose_seed":false,"campfire_upgraded":2,"win_rate":0.0,"timestamp":1612582659,"path_taken":["R","M","?","?","?","?","T","R","E","M","M","M","R","E","M","BOSS"],"items_purchased_type":[],"build_version":"2020-12-22","purchased_purges":0,"victory":false,"max_hp_per_floor":[70,70,70,70,70,70,70,80,80,80,80,80,80,80,80,80,80,80],"card_choices":[{"not_picked":["hexamod:ShieldOfDarkness","hexamod:SpectersWail"],"picked":"hexamod:ExtraCrispy","floor":2.0},{"not_picked":["hexamod:NightmareStrike","hexamod:Again"],"picked":"hexamod:BurningTouch","floor":4.0},{"not_picked":["hexamod:BacktrackSmack","hexamod:ShieldOfDarkness"],"picked":"hexamod:ExtraCrispy","floor":9},{"not_picked":["hexamod:RainOfEmbers","hexamod:InspiringFlames"],"picked":"hexamod:Firestarter","floor":10},{"not_picked":["hexamod:Haunt","hexamod:PhantomCloak"],"picked":"hexamod:ThirdSeal","floor":11},{"not_picked":["hexamod:StepThrough","hexamod:RainOfEmbers"],"picked":"hexamod:Firestarter","floor":12},{"not_picked":["hexamod:FourthSeal","hexamod:SpectersWail"],"picked":"hexamod:Again","floor":12},{"not_picked":["hexamod:TurnItUp","hexamod:NightmareStrike"],"picked":"hexamod:WildfireWeapon","floor":14},{"not_picked":["hexamod:HauntingEcho","hexamod:SpectersWail"],"picked":"hexamod:EmpoweredFlame","floor":15}],"player_experience":172246,"relics_obtained":[{"floor":3.0,"key":"infinitespire:FocusingShard"},{"floor":4.0,"key":"Mirror"},{"floor":5.0,"key":"ReplayTheSpireMod:Ring of Exchange"},{"floor":9,"key":"Whetstone"},{"floor":14,"key":"aspiration:TomeofQuesting"}],"event_choices":[],"is_beta":false,"boss_relics":[],"items_purged_floors":[],"is_endless":false,"potions_floor_spawned":[2,9,10,12,14],"killed_by":"WA_ARCHETYPE_RETAIN","ascension_level":0}}