{"host":"630px4nyj50z5id8","time":1612607140,"event":{"mods":["BaseMod","Better Note","Colored Powertips","Good Game Mod","Minty Spire (QoL Compilation)","Quick Restart","Rare Cards Sparkle","Relic Filter Mod","Replay The Spire","StSLib","Waifu the Spire"],"gold_per_floor":[113,113,38,55,69,69,101,120,168,200,200,219,294,309,309,309,309],"floor_reached":16,"language":"ZHS","playtime":577,"items_purged":["Strike_R"],"score":157,"play_id":"13e3096f-770b-462b-9413-b65ecf9b5b52","local_time":"20210206182540","is_ascension_mode":true,"campfire_choices":[{"data":"True Grit","floor":6.0,"key":"SMITH"},{"data":"Feed","floor":11.0,"key":"SMITH"},{"data":"Replay:Undeath\u0027s Touch","floor":15,"key":"SMITH"}],"circlet_count":0,"master_deck":["Strike_R","Strike_R","Strike_R","Strike_R","Defend_R","Defend_R","Defend_R","Defend_R","Bash+1","Limit Break","Replay:Undeath\u0027s Touch+1","True Grit+1","Feed+1","Replay:Undeath\u0027s Touch","Impervious","Replay:Undeath\u0027s Touch","Shrug It Off"],"relics":["Burning Blood","REME:ComplimentaryCards","NeowsBlessing","White Beast Statue","Toy Ornithopter","Akabeko"],"acts_visited":["Exordium"],"potions_floor_usage":[],"damage_taken":[{"damage":0.0,"enemies":"Small Slimes","floor":1.0,"turns":1.0},{"damage":0.0,"enemies":"Jaw Worm","floor":4.0,"turns":1.0},{"damage":0.0,"enemies":"Cultist","floor":5.0,"turns":1.0},{"damage":48.0,"enemies":"Lagavulin","floor":7.0,"turns":7.0},{"damage":7.0,"enemies":"Red Slaver","floor":8.0,"turns":7.0},{"damage":32.0,"enemies":"3 Sentries","floor":10.0,"turns":11.0},{"damage":16,"enemies":"Gremlin Gang","floor":12,"turns":6},{"damage":7,"enemies":"Large Slime","floor":14,"turns":6},{"damage":13,"enemies":"The Guardian","floor":16,"turns":4}],"seed_played":"-5989420959099304577","potions_obtained":[{"floor":1.0,"key":"Swift Potion"},{"floor":4.0,"key":"Weak Potion"},{"floor":7.0,"key":"Swift Potion"},{"floor":8.0,"key":"Strength Potion"},{"floor":10.0,"key":"Dexterity Potion"},{"floor":12,"key":"Death Potion"},{"floor":14,"key":"SpeedPotion"}],"is_trial":false,"path_per_floor":["M","?","$","M","M","R","E","M","T","E","R","M","?","M","R","B"],"character_chosen":"IRONCLAD","items_purchased":[],"campfire_rested":0,"item_purchase_floors":[],"current_hp_per_floor":[78,78,78,80,80,80,38,40,40,27,27,21,10,13,13,0,0],"gold":309,"neow_bonus":"THREE_ENEMY_KILL","is_daily":false,"chose_seed":false,"campfire_upgraded":3,"win_rate":0.0,"timestamp":1612607140,"path_taken":["M","?","$","M","M","R","E","M","T","E","R","M","?","M","R","BOSS"],"items_purchased_type":[],"build_version":"2020-12-22","purchased_purges":1,"victory":false,"max_hp_per_floor":[80,80,80,80,80,80,80,83,83,86,86,90,90,94,94,94,94],"card_choices":[{"not_picked":["Thunderclap","Clash"],"picked":"Replay:Undeath\u0027s Touch","floor":1.0},{"not_picked":["Rampage","Wild Strike","Cleave"],"picked":"SKIP","floor":4.0},{"not_picked":["Thunderclap","Reckless Charge"],"picked":"True Grit","floor":5.0},{"not_picked":["Dual Wield","Body Slam"],"picked":"Feed","floor":7.0},{"not_picked":["ReplayTheSpireMod:Strike From Hell","Rampage"],"picked":"Replay:Undeath\u0027s Touch","floor":8.0},{"not_picked":["Wild Strike","Sword Boomerang"],"picked":"Impervious","floor":10.0},{"not_picked":["Sentinel","Ghostly Armor"],"picked":"Replay:Undeath\u0027s Touch","floor":12},{"not_picked":["Armaments","Sentinel"],"picked":"Shrug It Off","floor":14}],"player_experience":404660,"relics_obtained":[{"floor":7.0,"key":"White Beast Statue"},{"floor":9.0,"key":"Toy Ornithopter"},{"floor":10.0,"key":"Akabeko"}],"event_choices":[{"damage_healed":0,"gold_gain":75,"player_choice":"Gather Gold","damage_taken":11,"max_hp_gain":0,"max_hp_loss":0,"event_name":"World of Goop","floor":13,"gold_loss":0}],"is_beta":false,"boss_relics":[],"items_purged_floors":[3],"is_endless":false,"potions_floor_spawned":[1,4,7,8,10,12,14],"killed_by":"The Guardian","ascension_level":8}}