{"host":"vld99k9l4elccfy8","time":1612574868,"event":{"mods":["AchievementEnabler","BaseMod","Bestiary","Block Reminder","Colored Map","Colored Powertips","Custom Start","Highlight Path","Minty Spire (QoL Compilation)","Permanent Neow","Rare Cards Sparkle"],"gold_per_floor":[112,132,146,146,146,175,175,189,235,250,250,260,86,103,103,205,255,268,286,305,305,316,316,335,335,335,335,349,135,147,147,147,147,147],"floor_reached":33,"language":"ENG","playtime":6371,"items_purged":[],"score":278,"play_id":"b3e6b824-80c3-4512-886a-ade1bc5c9cbc","local_time":"20210205182748","is_ascension_mode":false,"campfire_choices":[{"floor":7,"key":"REST"},{"floor":15,"key":"REST"},{"floor":23,"key":"REST"},{"floor":25,"key":"REST"},{"floor":27,"key":"REST"},{"floor":32,"key":"REST"}],"circlet_count":0,"master_deck":["Strike_B","Strike_B","Strike_B","Strike_B","Defend_B","Defend_B","Defend_B","Defend_B","Zap","Dualcast","Capacitor","Storm","Genetic Algorithm","Reinforced Body","Electrodynamics","Zap","Bandage Up","Beam Cell","Biased Cognition+1","Chaos","Seeing Red","Buffer","Stack","CutThroughFate","Thunder Strike","FTL","Dodge and Roll","Wild Strike+1","Endless Agony+1","Necronomicurse","Sucker Punch+1","Collect","Power Through","Conserve Battery","Gash","Flex","Gash"],"relics":["Nuclear Battery","Cables","PrismaticShard","Tiny House","Necronomicon","Mummified Hand","Potion Belt"],"acts_visited":["Exordium","TheCity"],"potions_floor_usage":[28],"damage_taken":[{"damage":9.0,"enemies":"2 Louse","floor":1.0,"turns":3.0},{"damage":2.0,"enemies":"Small Slimes","floor":2.0,"turns":4.0},{"damage":4.0,"enemies":"Cultist","floor":3.0,"turns":5.0},{"damage":47,"enemies":"Gremlin Nob","floor":6,"turns":5},{"damage":7,"enemies":"Blue Slaver","floor":8,"turns":3},{"damage":0,"enemies":"Lots of Slimes","floor":10,"turns":3},{"damage":0,"enemies":"Large Slime","floor":12,"turns":4},{"damage":0,"enemies":"Red Slaver","floor":14,"turns":2},{"damage":48,"enemies":"Hexaghost","floor":16,"turns":11},{"damage":11,"enemies":"3 Byrds","floor":18,"turns":4},{"damage":8,"enemies":"Chosen","floor":19,"turns":6},{"damage":34,"enemies":"Snake Plant","floor":20,"turns":4},{"damage":5,"enemies":"Snecko","floor":22,"turns":5},{"damage":29,"enemies":"Shelled Parasite and Fungi","floor":24,"turns":6},{"damage":21,"enemies":"Centurion and Healer","floor":28,"turns":3},{"damage":18,"enemies":"Snecko","floor":30,"turns":6},{"damage":77,"enemies":"Automaton","floor":33,"turns":6}],"seed_played":"-5844307421372162338","potions_obtained":[{"floor":3.0,"key":"Dexterity Potion"},{"floor":8,"key":"FearPotion"},{"floor":10,"key":"AttackPotion"}],"is_trial":false,"path_per_floor":["M","M","M","?","?","E","R","M","T","M","?","M","$","M","R","B",null,"M","M","M","?","M","R","M","R","T","R","M","$","M","?","R","B"],"character_chosen":"DEFECT","items_purchased":["PrismaticShard","Stack","Potion Belt","Conserve Battery","Gash"],"campfire_rested":6,"item_purchase_floors":[13,13,29,29,29],"current_hp_per_floor":[66,64,60,60,60,17,39,36,36,40,40,44,44,44,66,22,80,69,65,35,19,14,38,13,37,37,61,44,44,30,30,54,0,0],"gold":147,"neow_bonus":"BOSS_RELIC","is_daily":false,"chose_seed":false,"campfire_upgraded":0,"win_rate":0.0,"timestamp":1612574868,"path_taken":["M","M","M","?","?","E","R","M","T","?","?","M","$","M","R","BOSS","M","?","M","?","M","R","M","R","T","R","M","$","M","?","R","BOSS"],"items_purchased_type":["Relic","Card","Relic","Card","Card"],"build_version":"2020-12-22","purchased_purges":0,"victory":false,"max_hp_per_floor":[75,75,75,75,75,75,75,75,75,75,75,75,75,75,75,75,80,80,80,80,80,80,80,80,80,80,80,80,80,80,80,80,80,80],"card_choices":[{"not_picked":["Steam","Rip and Tear"],"picked":"Capacitor","floor":1.0},{"not_picked":["Rebound","Go for the Eyes"],"picked":"Storm","floor":2.0},{"not_picked":["Storm","Stack"],"picked":"Genetic Algorithm","floor":3.0},{"not_picked":["Scrape","Sweeping Beam"],"picked":"Biased Cognition","floor":6},{"not_picked":["Capacitor","Heatsinks"],"picked":"Cold Snap","floor":8},{"not_picked":["Turbo","Heatsinks"],"picked":"Chaos","floor":10},{"not_picked":["Barrage","Force Field"],"picked":"Buffer","floor":12},{"not_picked":["Coolheaded","Skewer"],"picked":"CutThroughFate","floor":14},{"not_picked":["Chrysalis","Brilliance"],"picked":"Thunder Strike","floor":16},{"not_picked":["Metallicize","Burning Pact"],"picked":"FTL","floor":17},{"not_picked":["Halt","Cold Snap"],"picked":"Dodge and Roll","floor":18},{"not_picked":["Barrage","Secret Technique"],"picked":"Wild Strike+1","floor":19},{"not_picked":["Distraction","Redo"],"picked":"Endless Agony+1","floor":20},{"not_picked":["Choke","Consecrate"],"picked":"Sucker Punch+1","floor":22},{"not_picked":["CutThroughFate+1","Hemokinesis"],"picked":"Collect","floor":24},{"not_picked":["Protect","Sword Boomerang"],"picked":"Power Through","floor":28},{"not_picked":["Consecrate","Compile Driver"],"picked":"Flex","floor":30}],"player_experience":396794,"relics_obtained":[{"floor":6,"key":"Cables"},{"floor":21,"key":"Necronomicon"},{"floor":26,"key":"Mummified Hand"}],"event_choices":[{"damage_healed":0.0,"max_hp_gain":0.0,"max_hp_loss":0.0,"gold_gain":0.0,"event_name":"Shining Light","player_choice":"Ignored","floor":4.0,"gold_loss":0.0,"damage_taken":0.0},{"damage_healed":0,"gold_gain":0,"player_choice":"5 cards matched","damage_taken":0,"max_hp_gain":0,"max_hp_loss":0,"event_name":"Match and Keep!","floor":5,"gold_loss":0,"cards_obtained":["Reinforced Body","Electrodynamics","Zap","Bandage Up","Beam Cell"]},{"cards_removed":["Cold Snap"],"damage_healed":0,"gold_gain":0,"player_choice":"Took Card","damage_taken":0,"max_hp_gain":0,"max_hp_loss":0,"event_name":"NoteForYourself","floor":11,"gold_loss":0,"cards_obtained":["Seeing Red"]},{"damage_healed":0,"gold_gain":0,"player_choice":"Obtained Book","damage_taken":16,"max_hp_gain":0,"max_hp_loss":0,"event_name":"Cursed Tome","floor":21,"gold_loss":0},{"damage_healed":0,"gold_gain":0,"player_choice":"Copied","damage_taken":0,"max_hp_gain":0,"max_hp_loss":0,"event_name":"Duplicator","floor":31,"gold_loss":0,"cards_obtained":["Gash"]}],"is_beta":false,"boss_relics":[{"not_picked":["Snecko Eye","Runic Pyramid"],"picked":"Tiny House"}],"items_purged_floors":[],"is_endless":false,"potions_floor_spawned":[3,8,10,16,19,22,24],"killed_by":"Automaton","ascension_level":0}}