{"host":"81h68oe4mr04pk3r","time":1612601642,"event":{"mods":["Act Like it!","Aspiration","BaseMod","BetterRewards","Colored Map","Colored Powertips","Conspire","Downfall","Gensokyo","Hallownest","Hermit","Hubris","Infinite Spire","Jorbs\u0027s Wanderer Trilogy","Koishi","Lobotomy","LobotomyExtend","Marisa????????","Minty Spire (QoL Compilation)","Quick Restart","Reimu??????","Remilia??????","StSLib","The Bug Knight","The Construct","The Cursed","The Disciple","The Servant 0.9.4"],"gold_per_floor":[116,127,46,126,146,161,180,180,180,180,19,35,63,77,77,174,174,192,207,207,224,224,224],"floor_reached":22,"language":"ENG","playtime":1568,"items_purged":[],"score":190,"play_id":"b28c75bb-ba64-426b-8abe-8c8c0a9af18d","local_time":"20210206005402","is_ascension_mode":false,"campfire_choices":[{"data":"HollowMod:ChannelNail","floor":8,"key":"SMITH"},{"data":"HollowMod:PogoStrike","floor":10,"key":"SMITH"},{"data":"HollowMod:theNailsmith","floor":15,"key":"SMITH"}],"circlet_count":0,"master_deck":["HollowMod:NailStrikeStart","HollowMod:NailStrikeStart","HollowMod:NailStrikeStart","HollowMod:NailStrikeStart","HollowMod:QuickDashStart","HollowMod:QuickDashStart","HollowMod:QuickDashStart","HollowMod:QuickDashStart","HollowMod:FocusHealStart","HollowMod:PogoStrike+1","HollowMod:SiblingsSouls","HollowMod:CloakDash","HollowMod:BaldurShell","HollowMod:SoulStrike","HollowMod:LifebloodCocoon","HollowMod:ChannelNail+1","HollowMod:SoulSplash","HollowMod:theNailsmith+1","HollowMod:VengefulSpirit","HollowMod:HowlingWraiths","HollowMod:AwokenDreamNail","HollowMod:DescendingDark","HollowMod:ShadowDash","infinitespire:Oblivion","infinitespire:Gouge","HollowMod:WraithStrike+1"],"relics":["HollowMod:VesselMask","aspiration:Nostalgia","hermit:Momento","LetterFromLob","infinitespire:Lychee Nut","Unceasing Top","Incense Burner","conspire:SpecialSausage","Smiling Mask"],"acts_visited":["Gensokyo:Gensokyo","Gensokyo:Gensokyoer"],"potions_floor_usage":[16,16,16,19],"damage_taken":[{"damage":5,"enemies":"Gensokyo:2_Kodama","floor":1,"turns":4},{"damage":4,"enemies":"Gensokyo:3_Fairies","floor":2,"turns":3},{"damage":4,"enemies":"Gensokyo:Gryphon","floor":5,"turns":4},{"damage":0,"enemies":"Gensokyo:LivingMonolith","floor":6,"turns":3},{"damage":20,"enemies":"Gensokyo:Python_and_Kodama","floor":7,"turns":5},{"damage":13,"enemies":"Gensokyo:Gryphon_and_Rabbit","floor":12,"turns":4},{"damage":20,"enemies":"Gensokyo:Cirno","floor":13,"turns":6},{"damage":0,"enemies":"Gensokyo:LivingMonolith","floor":14,"turns":3},{"damage":43,"enemies":"Gensokyo:Yukari","floor":16,"turns":15},{"damage":10,"enemies":"Gensokyo:AngelMirror","floor":18,"turns":4},{"damage":36,"enemies":"Gensokyo:CosmicMonolith","floor":19,"turns":6},{"damage":18,"enemies":"Gensokyo:Wraith","floor":21,"turns":5},{"damage":19,"enemies":"Gensokyo:Mirror_and_Dog","floor":22,"turns":3}],"seed_played":"699358969896577340","potions_obtained":[{"floor":5,"key":"Dexterity Potion"},{"floor":13,"key":"Energy Potion"},{"floor":14,"key":"GamblersBrew"},{"floor":16,"key":"Block Potion"}],"is_trial":false,"path_per_floor":["M","M","$","?","M","M","M","R","T","R","COS","M","E","M","R","B",null,"M","M","AVR","M","M"],"character_chosen":"THE_BUGKNIGHT","items_purchased":["HollowMod:CloakDash","HollowMod:BaldurShell"],"campfire_rested":0,"item_purchase_floors":[3,3],"current_hp_per_floor":[72,68,68,68,70,70,55,55,55,55,55,46,38,43,43,12,56,49,19,19,7,0,0],"gold":224,"neow_bonus":"NOSTALGIA","is_daily":false,"chose_seed":false,"campfire_upgraded":3,"win_rate":0.0,"timestamp":1612601642,"path_taken":["M","M","$","?","M","M","M","R","T","R","COS","M","E","M","R","BOSS","M","M","AVR","M","M"],"items_purchased_type":["Card","Card"],"build_version":"2020-12-22","purchased_purges":0,"victory":false,"max_hp_per_floor":[75,75,75,75,75,75,75,75,56,56,56,56,56,56,56,56,56,56,56,56,56,56,56],"card_choices":[{"not_picked":["HollowMod:DreamGate","HollowMod:DesolateDive","HollowMod:HowlingWraiths"],"picked":"SKIP","floor":1},{"not_picked":["HollowMod:SoulShaman","HollowMod:VengefulSpirit"],"picked":"HollowMod:SiblingsSouls","floor":2},{"not_picked":["HollowMod:DreamGate","HollowMod:NewLittleFool"],"picked":"HollowMod:SoulStrike","floor":5},{"not_picked":["HollowMod:CornifersMapStart","HollowMod:AwokenDreamNail"],"picked":"HollowMod:LifebloodCocoon","floor":6},{"not_picked":["HollowMod:LifebloodCocoon","HollowMod:TaintedHusks"],"picked":"HollowMod:ChannelNail","floor":7},{"not_picked":["HollowMod:SiblingsSouls","HollowMod:NewInfectedGuardian"],"picked":"HollowMod:SoulSplash","floor":12},{"not_picked":["HollowMod:AwokenDreamNail","HollowMod:Weaversong"],"picked":"HollowMod:theNailsmith","floor":13},{"not_picked":["HollowMod:RecoilStrike","HollowMod:SoulSplash"],"picked":"HollowMod:VengefulSpirit","floor":13},{"not_picked":["HollowMod:NewLittleFool","HollowMod:HeavyBlow"],"picked":"HollowMod:HowlingWraiths","floor":14},{"not_picked":["HollowMod:SoulMaster","HollowMod:MidwifesHunger"],"picked":"HollowMod:AwokenDreamNail","floor":16},{"not_picked":["HollowMod:CloakDash","HollowMod:TaintedHusks"],"picked":"HollowMod:DescendingDark","floor":18},{"not_picked":["HollowMod:InfectedCysts","HollowMod:SoulSplash"],"picked":"HollowMod:ShadowDash","floor":19},{"not_picked":["HollowMod:RecoilStrike","HollowMod:InfectedAttack"],"picked":"HollowMod:WraithStrike+1","floor":21}],"player_experience":223549,"relics_obtained":[{"floor":1,"key":"LetterFromLob"},{"floor":9,"key":"infinitespire:Lychee Nut"},{"floor":13,"key":"Unceasing Top"}],"event_choices":[],"is_beta":false,"boss_relics":[{"not_picked":["conspire:RoyalGoblet","hubris:TerracottaHorce"],"picked":"conspire:SpecialSausage"}],"items_purged_floors":[],"is_endless":false,"potions_floor_spawned":[5,13,14,16],"killed_by":"Gensokyo:Mirror_and_Dog","ascension_level":0}}