{"host":"Lucas","time":1612612474,"event":{"mods":["BaseMod","Downfall","Minty Spire (QoL Compilation)","READ ME - Guardian Mod","StSLib","The Cursed","The Disciple","The Necromancer","The Servant 0.9.4"],"gold_per_floor":[99,115,115,115,126,126,126,90,90,104,138,123,123,123,143,240,240,240,259,273,273,285,285,285,302,302,316,316,334,334,84,100,100,100,100],"floor_reached":33,"language":"ENG","playtime":2805,"items_purged":["Pain"],"score":322,"play_id":"3ddc3c01-7a40-48ae-abe7-47433a05af5e","local_time":"20210206115434","is_ascension_mode":false,"campfire_choices":[{"data":"bronze:Mutator","floor":1.0,"key":"SMITH"},{"floor":6.0,"key":"REST"},{"data":"bronze:Separator","floor":9.0,"key":"SMITH"},{"floor":13.0,"key":"REST"},{"data":"bronze:AlphaBuild","floor":18.0,"key":"SMITH"},{"floor":23,"key":"REST"},{"floor":26,"key":"REST"},{"floor":28,"key":"REST"},{"floor":30,"key":"REST"}],"circlet_count":0,"master_deck":["bronze:Strike+1","bronze:Strike+1","bronze:Strike","bronze:Strike","bronze:Defend+1","bronze:Defend","bronze:Defend","bronze:Defend","bronze:Replicate","bronze:Goto","bronze:Mutator+1","bronze:WhirlingStrike","downfall:Malfunctioning","bronze:Flail","bronze:DelayedSlice","bronze:Separator+1","bronze:BuggyMess","bronze:Boost","bronze:Terminator","bronze:Spike","bronze:DazingPulse","bronze:Explode","bronze:Frontload","bronze:Frontload","bronze:GetLatest","bronze:AlphaBuild+1","bronze:ForLoop","bronze:BronzeArmor","bronze:ClassDefault","bronze:BugBarrage","bronze:CloningBeam","bronze:Overheat+1","bronze:Overload+1","bronze:ChildClass","bronze:Turbo","bronze:DelayedSlice","bronze:Fortify","bronze:Shell","bronze:Turbo+1","bronze:Optimize","bronze:Repair","bronze:FineTuning"],"relics":["bronze:BronzeCore","downfall:ShatteredFragment","The Courier","Prayer Wheel","Black Star","WarpedTongs","Mummified Hand","PreservedInsect"],"acts_visited":["Exordium","TheCity"],"potions_floor_usage":[32,33,33],"damage_taken":[{"damage":5.0,"enemies":"Jaw Worm","floor":2.0,"turns":4.0},{"damage":1.0,"enemies":"2 Louse","floor":5.0,"turns":2.0},{"damage":0.0,"enemies":"downfall:FleeingMerchant","floor":8.0,"turns":4.0},{"damage":10.0,"enemies":"Small Slimes","floor":10.0,"turns":2.0},{"damage":14.0,"enemies":"Gremlin Nob","floor":11.0,"turns":3.0},{"damage":10.0,"enemies":"downfall:FleeingMerchant","floor":12.0,"turns":4.0},{"damage":50.0,"enemies":"downfall:FleeingMerchant","floor":14.0,"turns":9.0},{"damage":0.0,"enemies":"Exordium Thugs","floor":15.0,"turns":2.0},{"damage":0.0,"enemies":"WA_ARCHETYPE_RETAIN","floor":16.0,"turns":7.0},{"damage":23.0,"enemies":"Shell Parasite","floor":19.0,"turns":7.0},{"damage":15,"enemies":"Centurion and Healer","floor":20,"turns":6},{"damage":21,"enemies":"Snake Plant","floor":22,"turns":4},{"damage":16,"enemies":"3 Cultists","floor":25,"turns":3},{"damage":4,"enemies":"Centurion and Healer","floor":27,"turns":4},{"damage":30,"enemies":"Snecko","floor":29,"turns":6},{"damage":4,"enemies":"downfall:FleeingMerchant","floor":31,"turns":4},{"damage":2,"enemies":"Cultist and Chosen","floor":32,"turns":6},{"damage":53,"enemies":"SI_MIRROR_ARCHETYPE","floor":33,"turns":8}],"seed_played":"-2189659990755383487","potions_obtained":[{"floor":5.0,"key":"Swift Potion"},{"floor":14.0,"key":"sneckomod:MuddlingPotion"},{"floor":15.0,"key":"SteroidPotion"},{"floor":16.0,"key":"Dexterity Potion"},{"floor":20,"key":"bronze:FreeFunctionsPotion"},{"floor":22,"key":"sneckomod:MuddlingPotion"}],"is_trial":false,"path_per_floor":["R","M","?","?","M","R","T","$","R","M","E","$","R","?","M","B",null,"R","M","M","?","M","R","T","M","R","M","R","M","R","$","M","B"],"character_chosen":"THE_AUTOMATON","items_purchased":["bronze:Separator","bronze:Optimize","PreservedInsect"],"campfire_rested":6,"item_purchase_floors":[8,31,31],"current_hp_per_floor":[70,65,44,44,43,64,64,64,64,54,40,30,51,1,1,1,70,70,47,32,32,11,32,32,16,37,33,54,24,45,41,39,0,0,0],"gold":100,"neow_bonus":"ONE_RANDOM_RARE_CARD","is_daily":false,"chose_seed":false,"campfire_upgraded":3,"win_rate":0.0,"timestamp":1612612474,"path_taken":["R","M","?","?","M","R","T","$","R","M","E","?","R","?","M","BOSS","R","M","M","?","M","R","T","?","R","M","R","M","R","$","M","BOSS"],"items_purchased_type":["Card","Card","Relic"],"build_version":"2020-12-18","purchased_purges":1,"victory":false,"max_hp_per_floor":[70,70,70,70,70,70,70,70,70,70,70,70,70,70,70,70,70,70,70,70,70,70,70,70,70,70,70,70,70,70,70,70,70,70,70],"card_choices":[{"not_picked":["bronze:BitShift","bronze:WildBeam"],"picked":"bronze:WhirlingStrike","floor":2.0},{"not_picked":["bronze:CutThrough","bronze:ForLoop"],"picked":"bronze:Flail","floor":5.0},{"not_picked":["bronze:BuggyMess","bronze:BugBarrage"],"picked":"bronze:DelayedSlice","floor":8.0},{"not_picked":["bronze:OilSpill","bronze:Mutator"],"picked":"bronze:BuggyMess","floor":10.0},{"not_picked":["bronze:Constructor","bronze:DigitalCarnage"],"picked":"bronze:Boost","floor":11.0},{"not_picked":["bronze:OilSpill","bronze:Separator"],"picked":"bronze:Terminator","floor":12.0},{"not_picked":[],"picked":"bronze:Spike","floor":14.0},{"not_picked":[],"picked":"bronze:DazingPulse","floor":14.0},{"not_picked":[],"picked":"bronze:Explode","floor":14.0},{"not_picked":["bronze:Boost","bronze:GetLatest"],"picked":"bronze:Frontload","floor":14.0},{"not_picked":["bronze:Separator","bronze:Mutator"],"picked":"bronze:Frontload","floor":15.0},{"not_picked":["bronze:Frontload","bronze:OilSpill"],"picked":"bronze:GetLatest","floor":15.0},{"not_picked":["bronze:ThunderWave","bronze:SpaghettiCode"],"picked":"bronze:AlphaBuild","floor":16.0},{"not_picked":["bronze:Separator","bronze:Deprecate"],"picked":"bronze:ForLoop","floor":19.0},{"not_picked":["bronze:BugBarrage","bronze:DarkDash"],"picked":"bronze:BronzeArmor","floor":19.0},{"not_picked":["bronze:Iterate","bronze:DigitalCarnage"],"picked":"bronze:ClassDefault","floor":20},{"not_picked":["bronze:FindAndReplace","bronze:Frontload"],"picked":"bronze:BugBarrage","floor":20},{"not_picked":["bronze:DarkDash","bronze:Constructor"],"picked":"bronze:CloningBeam","floor":22},{"not_picked":["bronze:Invalidate","bronze:Shield"],"picked":"bronze:Overheat+1","floor":22},{"not_picked":["bronze:Repulsor","bronze:WhirlingStrike"],"picked":"bronze:Overload+1","floor":25},{"not_picked":["bronze:Frontload","bronze:DelayedGuard"],"picked":"bronze:ChildClass","floor":25},{"not_picked":["bronze:DigitalCarnage","bronze:Boost+1"],"picked":"bronze:Turbo","floor":27},{"not_picked":["bronze:Constructor","bronze:DelayedGuard"],"picked":"bronze:DelayedSlice","floor":27},{"not_picked":["bronze:Constructor","bronze:BugBarrage"],"picked":"bronze:Fortify","floor":29},{"not_picked":["bronze:OilSpill","bronze:CutThrough"],"picked":"bronze:Shell","floor":29},{"not_picked":["bronze:AlphaBuild","bronze:Invalidate"],"picked":"bronze:Turbo+1","floor":31},{"not_picked":["bronze:DarkDash","bronze:ChildClass"],"picked":"bronze:Repair","floor":32},{"not_picked":["bronze:Deprecate","bronze:DelayedGuard"],"picked":"bronze:FineTuning","floor":32}],"player_experience":1274885,"relics_obtained":[{"floor":7.0,"key":"The Courier"},{"floor":11.0,"key":"Prayer Wheel"},{"floor":24,"key":"Mummified Hand"}],"event_choices":[],"is_beta":true,"boss_relics":[{"not_picked":["Fusion Hammer","Runic Pyramid"],"picked":"Black Star"}],"items_purged_floors":[31],"is_endless":false,"potions_floor_spawned":[5,14,15,16,20,22,29],"killed_by":"SI_MIRROR_ARCHETYPE","ascension_level":0}}