{"host":"3e3mwsgb9gfqiuxm","time":1612596936,"event":{"mods":["Act Like it!","BaseMod","BetterRewards","Colored Map","Colored Powertips","Downfall","Gensokyo","Hermit","Infinite Spire","Koishi","Marisa????????","Minty Spire (QoL Compilation)","Quick Restart","Reimu??????","Remilia??????","Replay The Spire","Shop Mod","StSLib","SuperFastMode","The Animator","The Bug Knight","The Cursed","The Jungle","The Servant 0.9.4","everything is the same but u backflip on backflip"],"gold_per_floor":[109,109,109,1,1,1,33,33,33,53,86,106,106,118,118,215,215],"floor_reached":16,"language":"ENG","playtime":419,"items_purged":["Strike_S"],"score":166,"play_id":"91d89538-7d79-4d9c-9d7d-91010054c87a","local_time":"20210206023536","is_ascension_mode":true,"campfire_choices":[{"data":"KidneyShot","floor":6,"key":"SMITH"},{"data":"DoubleEdge","floor":8,"key":"SMITH"},{"floor":15,"key":"DIG"}],"circlet_count":0,"master_deck":["Strike_S","Strike_S","Strike_S","Defend_S","Defend_S","Defend_S","KidneyShot+1","Exchange","MoonPhase","DoubleEdge+1","DoubleEdge","Luminosity","TheWorld+1"],"relics":["Uniform","ReplayFunnel","Blue Candle","Turnip","ReplayTheSpireMod:TigerMarble","infinitespire:ShieldingShard","Centennial Puzzle","Nunchaku","Toxic Egg 2"],"acts_visited":["Exordium"],"potions_floor_usage":[],"damage_taken":[{"damage":2,"enemies":"Small Slimes","floor":1,"turns":5},{"damage":21,"enemies":"3 Sentries","floor":7,"turns":13},{"damage":0,"enemies":"Cultist","floor":10,"turns":3},{"damage":1,"enemies":"Gremlin Nob","floor":11,"turns":3},{"damage":0,"enemies":"2 Louse","floor":12,"turns":1},{"damage":4,"enemies":"Blue Slaver","floor":14,"turns":2},{"damage":14,"enemies":"Hexaghost","floor":16,"turns":9}],"seed_played":"1845311976083332960","potions_obtained":[{"floor":11,"key":"Dexterity Potion"},{"floor":12,"key":"LiquidBronze"}],"is_trial":false,"path_per_floor":["M","?","?","$","?","R","E","R","T","M","E","M","T","M","R_BF","B"],"character_chosen":"THE_SERVANT","items_purchased":["MoonPhase"],"campfire_rested":0,"item_purchase_floors":[4],"current_hp_per_floor":[63,63,58,58,58,58,37,37,37,37,36,36,36,37,37,23,23],"gold":215,"neow_bonus":"RANDOM_COMMON_RELIC","is_daily":false,"chose_seed":false,"campfire_upgraded":2,"win_rate":0.0,"timestamp":1612596936,"path_taken":["M","?","?","$","?","R","E","R","T","?","E","M","?","M","R_BF","BOSS"],"items_purchased_type":["Card"],"build_version":"2020-12-22","purchased_purges":1,"victory":false,"max_hp_per_floor":[65,65,65,65,65,65,65,65,65,65,65,65,65,65,65,65,65],"card_choices":[{"not_picked":["Comet","Manipulate"],"picked":"ReturningBlade","floor":1},{"not_picked":["Desolation","Ricochet"],"picked":"DoubleEdge","floor":7},{"not_picked":["Potential","Manipulate"],"picked":"DoubleEdge","floor":10},{"not_picked":["BestPractice","Rewind","Deny"],"picked":"SKIP","floor":11},{"not_picked":["Rearm","Ricochet"],"picked":"Luminosity","floor":12},{"not_picked":["Rewind","Potential","Desolation"],"picked":"SKIP","floor":14},{"not_picked":["Solidify+1","Initiator"],"picked":"TheWorld+1","floor":16}],"player_experience":1358665,"relics_obtained":[{"floor":7,"key":"ReplayTheSpireMod:TigerMarble"},{"floor":9,"key":"infinitespire:ShieldingShard"},{"floor":11,"key":"Centennial Puzzle"},{"floor":13,"key":"Nunchaku"},{"floor":15,"key":"Toxic Egg 2"}],"event_choices":[{"cards_removed":["ReturningBlade"],"damage_healed":0,"gold_gain":0,"player_choice":"Gave Card","damage_taken":0,"relics_obtained":["Turnip"],"max_hp_gain":0,"max_hp_loss":0,"event_name":"WeMeetAgain","floor":5,"gold_loss":0}],"is_beta":false,"boss_relics":[],"items_purged_floors":[4],"is_endless":false,"potions_floor_spawned":[11,12],"killed_by":"Hexaghost","ascension_level":1}}