{"host":"md0dejzd6k70gl1f","time":1612647356,"event":{"mods":["BaseMod","Minty Spire (QoL Compilation)","Quick Restart"],"gold_per_floor":[110,90,100,111,125,125,144,169,192,208,12,12,44,55,55,157,157,168,186,186,111,26,53,66,100,100,116,116,40,40,65,65,165,165,175,188,206,218,49,49,75,7,7,22,55,55,68,68,68],"floor_reached":48,"language":"ENG","playtime":2236,"items_purged":["Strike_B"],"score":971,"play_id":"49bb02b6-2b6c-49af-ab74-0a37662be752","local_time":"20210206223556","is_ascension_mode":true,"campfire_choices":[{"data":"Sweeping Beam","floor":6.0,"key":"SMITH"},{"floor":12.0,"key":"REST"},{"data":"Zap","floor":15.0,"key":"SMITH"},{"data":"Rainbow","floor":28.0,"key":"SMITH"},{"data":"Barrage","floor":32.0,"key":"SMITH"},{"data":"Apotheosis","floor":40,"key":"SMITH"}],"circlet_count":0,"master_deck":["AscendersBane","Strike_B","Strike_B","Strike_B","Defend_B","Defend_B","Defend_B","Defend_B","Zap+1","Dualcast+1","Sweeping Beam+1","Leap","Capacitor","Cold Snap+1","Barrage","Ball Lightning+1","Coolheaded","Conserve Battery","Static Discharge","Leap","Seek","Skim","Fusion+1","Ghostly","Ghostly","Ghostly","Ghostly","Ghostly","Rainbow+1","Buffer","Decay","Capacitor+1","Defragment+1","Barrage+1","Biased Cognition","Compile Driver+1","Hologram","Apotheosis+1","Redo+1","Recycle","Decay","Tempest+1"],"relics":["Cracked Core","White Beast Statue","Whetstone","DataDisk","Oddly Smooth Stone","Cursed Key","Potion Belt","Happy Flower","StoneCalendar","Eternal Feather","Ancient Tea Set","Runic Pyramid","PreservedInsect","Unceasing Top"],"acts_visited":[],"potions_floor_usage":[38,48],"damage_taken":[{"damage":2.0,"enemies":"2 Louse","floor":1.0,"turns":2.0},{"damage":1.0,"enemies":"Cultist","floor":3.0,"turns":3.0},{"damage":0.0,"enemies":"Jaw Worm","floor":4.0,"turns":3.0},{"damage":14.0,"enemies":"3 Louse","floor":5.0,"turns":3.0},{"damage":24.0,"enemies":"Lots of Slimes","floor":7.0,"turns":3.0},{"damage":8.0,"enemies":"Gremlin Nob","floor":8.0,"turns":3.0},{"damage":2.0,"enemies":"Red Slaver","floor":10.0,"turns":3.0},{"damage":8.0,"enemies":"3 Sentries","floor":13.0,"turns":3.0},{"damage":8.0,"enemies":"Exordium Thugs","floor":14.0,"turns":4.0},{"damage":7.0,"enemies":"Slime Boss","floor":16.0,"turns":9.0},{"damage":6.0,"enemies":"Shell Parasite","floor":18.0,"turns":6.0},{"damage":11.0,"enemies":"Spheric Guardian","floor":19.0,"turns":4.0},{"damage":5.0,"enemies":"Gremlin Leader","floor":23.0,"turns":8.0},{"damage":0.0,"enemies":"Centurion and Healer","floor":24.0,"turns":6.0},{"damage":2.0,"enemies":"Book of Stabbing","floor":25.0,"turns":7.0},{"damage":0.0,"enemies":"Sentry and Sphere","floor":27.0,"turns":6.0},{"damage":0.0,"enemies":"Gremlin Leader","floor":31.0,"turns":7.0},{"damage":19.0,"enemies":"Collector","floor":33.0,"turns":8.0},{"damage":0.0,"enemies":"Orb Walker","floor":35.0,"turns":4.0},{"damage":9.0,"enemies":"3 Darklings","floor":36.0,"turns":7.0},{"damage":1,"enemies":"Writhing Mass","floor":37,"turns":7},{"damage":0,"enemies":"4 Shapes","floor":38,"turns":4},{"damage":0,"enemies":"Reptomancer","floor":41,"turns":7},{"damage":30,"enemies":"3 Darklings","floor":44,"turns":6},{"damage":2,"enemies":"Giant Head","floor":45,"turns":8},{"damage":0,"enemies":"Sphere and 2 Shapes","floor":47,"turns":7},{"damage":7,"enemies":"Jaw Worm Horde","floor":48,"turns":2}],"seed_played":"1126160787215862058","potions_obtained":[{"floor":2.0,"key":"FearPotion"},{"floor":5.0,"key":"Strength Potion"},{"floor":7.0,"key":"Explosive Potion"},{"floor":8.0,"key":"AttackPotion"},{"floor":10.0,"key":"PowerPotion"},{"floor":13.0,"key":"DuplicationPotion"},{"floor":14.0,"key":"Energy Potion"},{"floor":16.0,"key":"Weak Potion"},{"floor":18.0,"key":"Energy Potion"},{"floor":19.0,"key":"Ancient Potion"},{"floor":23.0,"key":"PotionOfCapacity"},{"floor":24.0,"key":"Explosive Potion"},{"floor":25.0,"key":"FocusPotion"},{"floor":27.0,"key":"LiquidMemories"},{"floor":33.0,"key":"BlessingOfTheForge"},{"floor":35.0,"key":"GamblersBrew"},{"floor":36.0,"key":"EssenceOfSteel"},{"floor":37,"key":"Swift Potion"},{"floor":38,"key":"SteroidPotion"},{"floor":44,"key":"Regen Potion"}],"is_trial":false,"path_per_floor":["M","?","M","M","M","R","M","E","T","M","$","R","E","M","R","B",null,"M","M","?","$","?","E","M","E","T","M","R","$","?","E","R","B",null,"M","M","M","M","$","R","E","$","T","M","E","T","M","M"],"character_chosen":"DEFECT","items_purchased":["DataDisk","Conserve Battery","Defragment","Apotheosis","Recycle"],"campfire_rested":1,"item_purchase_floors":[11,11,29,39,42],"current_hp_per_floor":[66,66,65,65,51,51,27,19,19,17,17,39,31,23,23,16,60,54,43,37,37,37,32,32,30,30,30,37,37,37,37,37,18,32,32,23,22,22,22,37,37,37,37,7,5,5,5,3,3],"gold":68,"neow_bonus":"UPGRADE_CARD","is_daily":false,"chose_seed":false,"campfire_upgraded":5,"win_rate":0.0,"timestamp":1612647356,"path_taken":["M","?","M","M","M","R","M","E","T","M","$","R","E","M","R","BOSS","M","?","?","$","?","E","M","E","T","M","R","$","?","E","R","BOSS","M","M","?","M","$","R","E","$","T","M","E","?","M","M"],"items_purchased_type":["Relic","Card","Card","Card","Card"],"build_version":"2020-12-22","purchased_purges":1,"victory":false,"max_hp_per_floor":[75,75,75,75,75,75,75,75,75,75,75,75,75,75,75,75,75,75,75,37,37,37,37,37,37,37,37,37,37,37,37,37,37,37,37,37,37,37,37,37,37,37,37,37,37,37,37,37,37],"card_choices":[{"not_picked":["Barrage","Force Field"],"picked":"Sweeping Beam","floor":1.0},{"not_picked":["Gash","Consume"],"picked":"Leap","floor":3.0},{"not_picked":["Barrage","Force Field"],"picked":"Capacitor","floor":4.0},{"not_picked":["Coolheaded","Melter"],"picked":"Cold Snap","floor":5.0},{"not_picked":["Streamline","Lockon"],"picked":"Barrage","floor":7.0},{"not_picked":["Compile Driver","Meteor Strike"],"picked":"Ball Lightning","floor":8.0},{"not_picked":["Steam Power","Sweeping Beam"],"picked":"Coolheaded","floor":10.0},{"not_picked":["Compile Driver","Ball Lightning"],"picked":"Static Discharge","floor":13.0},{"not_picked":["Go for the Eyes","Gash"],"picked":"Leap","floor":14.0},{"not_picked":["All For One","Rainbow"],"picked":"Seek","floor":16.0},{"not_picked":["Self Repair","Sweeping Beam"],"picked":"Skim","floor":18.0},{"not_picked":["Redo","Streamline"],"picked":"Fusion+1","floor":19.0},{"not_picked":["Streamline+1","Hello World"],"picked":"Rainbow","floor":23.0},{"not_picked":["Genetic Algorithm","Fusion","Conserve Battery"],"picked":"SKIP","floor":24.0},{"not_picked":["Fusion","Double Energy+1"],"picked":"Buffer","floor":25.0},{"not_picked":["Stack","Leap"],"picked":"Capacitor+1","floor":27.0},{"not_picked":["Skim+1","Cold Snap+1"],"picked":"Barrage","floor":31.0},{"not_picked":["Creative AI","Reboot"],"picked":"Biased Cognition","floor":33.0},{"not_picked":["FTL","Doom and Gloom+1","Streamline"],"picked":"SKIP","floor":35.0},{"not_picked":["Stack","Barrage"],"picked":"Compile Driver+1","floor":36.0},{"not_picked":["Static Discharge","Sunder+1"],"picked":"Hologram","floor":37},{"not_picked":["Reinforced Body","Ball Lightning","Hologram"],"picked":"SKIP","floor":38},{"not_picked":["Darkness","Rebound"],"picked":"Redo+1","floor":41},{"not_picked":["Sunder+1","Hologram+1","White Noise"],"picked":"SKIP","floor":44},{"not_picked":["Compile Driver","Static Discharge+1","Coolheaded+1"],"picked":"SKIP","floor":45},{"not_picked":["Coolheaded+1","Turbo+1"],"picked":"Tempest+1","floor":47}],"player_experience":491612,"relics_obtained":[{"floor":8.0,"key":"White Beast Statue"},{"floor":9.0,"key":"Whetstone"},{"floor":13.0,"key":"Oddly Smooth Stone"},{"floor":23.0,"key":"Happy Flower"},{"floor":25.0,"key":"StoneCalendar"},{"floor":26.0,"key":"Eternal Feather"},{"floor":31.0,"key":"Ancient Tea Set"},{"floor":41,"key":"PreservedInsect"},{"floor":45,"key":"Unceasing Top"}],"event_choices":[{"damage_healed":0.0,"max_hp_gain":0.0,"max_hp_loss":0.0,"gold_gain":0.0,"event_name":"The Woman in Blue","player_choice":"Bought 1 Potion","floor":2.0,"gold_loss":0.0,"damage_taken":0.0},{"damage_healed":0.0,"max_hp_gain":0.0,"max_hp_loss":38.0,"gold_gain":0.0,"event_name":"Ghosts","player_choice":"Became a Ghost","floor":20.0,"gold_loss":0.0,"damage_taken":0.0,"cards_obtained":["Ghostly","Ghostly","Ghostly","Ghostly","Ghostly"]},{"damage_healed":0.0,"max_hp_gain":0.0,"max_hp_loss":0.0,"gold_gain":0.0,"event_name":"Addict","player_choice":"Obtained Relic","floor":22.0,"gold_loss":85.0,"damage_taken":0.0,"relics_obtained":["Potion Belt"]},{"damage_healed":0.0,"max_hp_gain":0.0,"max_hp_loss":0.0,"gold_gain":0.0,"event_name":"Upgrade Shrine","player_choice":"Upgraded","floor":30.0,"gold_loss":0.0,"damage_taken":0.0,"cards_upgraded":["Defragment"]}],"is_beta":false,"boss_relics":[{"not_picked":["Busted Crown","Empty Cage"],"picked":"Cursed Key"},{"not_picked":["Pandora\u0027s Box","Tiny House"],"picked":"Runic Pyramid"}],"items_purged_floors":[21],"is_endless":false,"potions_floor_spawned":[5,7,8,10,13,14,16,18,19,23,24,25,27,31,33,35,36,37,38,41,44,45,47],"killed_by":"Jaw Worm Horde","ascension_level":10}}