{"host":"1m3dfme8k5w8sg4k","time":1612572909,"event":{"mods":["AchievementEnabler","BaseMod","Colored Map","Colored Powertips","Minty Spire (QoL Compilation)","Random Character Button","Random Character Mod","Relic Stats","StSLib","everything is the same but u backflip on backflip"],"gold_per_floor":[115,115,126,136,146,146,166,194,218,218,228,245,270,25,25,122,122,96,195,211,222,234,234,252,278,326,326,326,115,115,34,34,134,134,150,162,172,172,447,447,478,478,527,10,0,0,0,16,16,16,16],"floor_reached":50,"language":"ENG","playtime":2796,"items_purged":["Strike_G","Strike_G","Regret"],"score":577,"play_id":"6f4c50f5-841d-4ec0-bc26-ecb44af8dfb4","local_time":"20210205195509","is_ascension_mode":false,"campfire_choices":[{"floor":6,"key":"REST"},{"floor":15,"key":"REST"},{"floor":23,"key":"REST"},{"floor":27,"key":"REST"},{"floor":30,"key":"REST"},{"data":"Catalyst","floor":32,"key":"SMITH"},{"data":"Catalyst","floor":40,"key":"SMITH"},{"data":"Burst","floor":42,"key":"SMITH"},{"floor":47,"key":"RECALL"},{"data":"Well Laid Plans","floor":49,"key":"SMITH"}],"circlet_count":0,"master_deck":["Strike_G","Strike_G+1","Strike_G","Defend_G+1","Defend_G","Defend_G","Defend_G","Defend_G","Survivor","Neutralize","Deadly Poison","Poisoned Stab","PiercingWail","Well Laid Plans+1","Deadly Poison","Adrenaline","Underhanded Strike","Catalyst+1","Catalyst+1","Backflip","Burst+1","Dagger Throw","Reflex","Crippling Poison","Acrobatics+1","Crippling Poison","Footwork","Footwork","Venomology","Tactician+1","Catalyst","Calculated Gamble","Adrenaline","All Out Attack","Calculated Gamble+1"],"relics":["SlaversCollar","Shovel","Anchor","Orichalcum","DollysMirror","SacredBark","Vajra","Coffee Dripper","Pear","Juzu Bracelet","Torii","Red Mask"],"acts_visited":["Exordium","TheCity","TheBeyond"],"potions_floor_usage":[13,20,25,35,36,37,41,48],"damage_taken":[{"damage":0,"enemies":"2 Louse","floor":1,"turns":4},{"damage":1,"enemies":"Cultist","floor":3,"turns":4},{"damage":0,"enemies":"Small Slimes","floor":4,"turns":3},{"damage":16,"enemies":"Exordium Wildlife","floor":5,"turns":5},{"damage":11,"enemies":"3 Louse","floor":7,"turns":4},{"damage":13,"enemies":"3 Sentries","floor":8,"turns":10},{"damage":6,"enemies":"Exordium Thugs","floor":11,"turns":6},{"damage":3,"enemies":"Red Slaver","floor":12,"turns":4},{"damage":5,"enemies":"Lagavulin","floor":13,"turns":5},{"damage":27,"enemies":"The Guardian","floor":16,"turns":8},{"damage":3,"enemies":"2 Thieves","floor":18,"turns":5},{"damage":0,"enemies":"3 Byrds","floor":20,"turns":5},{"damage":18,"enemies":"Centurion and Healer","floor":21,"turns":7},{"damage":36,"enemies":"Snecko","floor":22,"turns":7},{"damage":16,"enemies":"Sentry and Sphere","floor":24,"turns":4},{"damage":5,"enemies":"Gremlin Leader","floor":25,"turns":4},{"damage":33,"enemies":"Collector","floor":33,"turns":5},{"damage":1,"enemies":"3 Shapes","floor":35,"turns":5},{"damage":6,"enemies":"Orb Walker","floor":36,"turns":6},{"damage":5,"enemies":"3 Darklings","floor":37,"turns":6},{"damage":36,"enemies":"Reptomancer","floor":41,"turns":3},{"damage":1,"enemies":"4 Shapes","floor":48,"turns":6},{"damage":36,"enemies":"Awakened One","floor":50,"turns":9}],"seed_played":"4993806306095840113","potions_obtained":[{"floor":1,"key":"FearPotion"},{"floor":3,"key":"PowerPotion"},{"floor":12,"key":"SpeedPotion"},{"floor":16,"key":"SpeedPotion"},{"floor":18,"key":"DistilledChaos"},{"floor":22,"key":"DuplicationPotion"},{"floor":25,"key":"Dexterity Potion"},{"floor":35,"key":"Explosive Potion"},{"floor":37,"key":"SpeedPotion"},{"floor":48,"key":"Fire Potion"}],"is_trial":false,"path_per_floor":["M","?","M","M","M","R","M","E","T","?","M","M","E","$","R","B",null,"M","?","M","M","M","R","M","E","T","R","?","$","R","$","R","B",null,"M","M","M","?","?","R","E","R","T","$","?","?","R","M","R","B"],"character_chosen":"THE_SILENT","items_purchased":["DollysMirror","Backflip","Crippling Poison","Footwork","Footwork","Adrenaline","Torii"],"campfire_rested":5,"item_purchase_floors":[14,14,29,29,31,44,44],"current_hp_per_floor":[70,56,55,55,39,60,49,36,36,36,30,27,22,22,43,16,70,67,67,67,49,13,34,18,13,13,34,34,34,55,55,55,22,70,69,63,58,58,58,58,32,32,32,32,32,32,32,31,31,0,0],"gold":16,"neow_bonus":"BOSS_RELIC","is_daily":false,"chose_seed":false,"campfire_upgraded":4,"win_rate":0.0,"timestamp":1612572909,"path_taken":["M","?","M","M","M","R","M","E","T","?","M","?","E","$","R","BOSS","M","?","M","M","M","R","M","E","T","R","?","$","R","?","R","BOSS","M","M","M","?","?","R","E","R","T","$","?","?","R","M","R","BOSS"],"items_purchased_type":["Relic","Card","Card","Card","Card","Card","Relic"],"build_version":"2020-12-22","purchased_purges":3,"victory":false,"max_hp_per_floor":[70,70,70,70,70,70,70,70,70,70,70,70,70,70,70,70,70,70,70,70,70,70,70,70,70,70,70,70,70,70,70,70,70,70,70,70,70,70,70,70,80,80,80,80,80,80,80,80,80,80,80],"relic_stats":{"Shovel":0,"Torii":11,"counters":[23,125],"Juzu Bracelet":1,"Orichalcum":[198],"obtain_stats":[{"Pear":41,"Torii":44,"SacredBark":17,"Vajra":25,"Juzu Bracelet":43,"Orichalcum":13,"SlaversCollar":0,"Anchor":9,"Shovel":8,"DollysMirror":14,"Coffee Dripper":34,"Red Mask":45,"Ring of the Snake":0},{"Pear":21,"Torii":21,"SacredBark":10,"Vajra":16,"Juzu Bracelet":21,"Orichalcum":9,"SlaversCollar":0,"Anchor":6,"Shovel":6,"DollysMirror":9,"Coffee Dripper":17,"Red Mask":21,"Ring of the Snake":0},{"Pear":110,"Torii":110,"SacredBark":53,"Vajra":85,"Juzu Bracelet":110,"Orichalcum":45,"SlaversCollar":0,"Anchor":30,"Shovel":30,"DollysMirror":45,"Coffee Dripper":90,"Red Mask":110,"Ring of the Snake":0}]},"card_choices":[{"not_picked":["Backstab","Finisher"],"picked":"Deadly Poison","floor":1},{"not_picked":["PiercingWail","Reflex"],"picked":"Poisoned Stab","floor":3},{"not_picked":["Caltrops","Skewer"],"picked":"PiercingWail","floor":4},{"not_picked":["Heel Hook","Masterful Stab","PiercingWail"],"picked":"SKIP","floor":5},{"not_picked":["Slice","Flying Knee"],"picked":"Well Laid Plans","floor":7},{"not_picked":["Accuracy","Terror"],"picked":"Deadly Poison","floor":8},{"not_picked":["Deflect","Underhanded Strike"],"picked":"Adrenaline","floor":11},{"not_picked":["Riddle With Holes","Poisoned Stab"],"picked":"Underhanded Strike","floor":12},{"not_picked":["Bane","Poisoned Stab"],"picked":"Catalyst","floor":13},{"not_picked":["Adrenaline","Corpse Explosion"],"picked":"Burst","floor":16},{"not_picked":["Outmaneuver","All Out Attack"],"picked":"Dagger Throw","floor":18},{"not_picked":["Sucker Punch","Outmaneuver","Well Laid Plans"],"picked":"SKIP","floor":20},{"not_picked":["Eviscerate","Endless Agony"],"picked":"Reflex","floor":21},{"not_picked":["Blur","Sucker Punch+1"],"picked":"Crippling Poison","floor":22},{"not_picked":["Dagger Spray","Storm of Steel","Outmaneuver"],"picked":"SKIP","floor":24},{"not_picked":["Choke","Backflip+1"],"picked":"Acrobatics+1","floor":25},{"not_picked":["Grand Finale","Adrenaline"],"picked":"Venomology","floor":33},{"not_picked":["Masterful Stab+1","Quick Slash"],"picked":"Tactician+1","floor":35},{"not_picked":["Outmaneuver+1","Cloak And Dagger+1","Terror"],"picked":"SKIP","floor":36},{"not_picked":["Acrobatics+1","Footwork+1"],"picked":"Catalyst","floor":37},{"not_picked":["Deflect+1","Quick Slash"],"picked":"Calculated Gamble","floor":41},{"not_picked":["Dagger Spray+1","Cloak And Dagger"],"picked":"Calculated Gamble+1","floor":48}],"player_experience":1620777,"relics_obtained":[{"floor":8,"key":"Shovel"},{"floor":9,"key":"Anchor"},{"floor":13,"key":"Orichalcum"},{"floor":25,"key":"Vajra"},{"floor":41,"key":"Pear"},{"floor":43,"key":"Juzu Bracelet"}],"event_choices":[{"damage_healed":0,"gold_gain":0,"player_choice":"Entered Light","damage_taken":14,"max_hp_gain":0,"max_hp_loss":0,"event_name":"Shining Light","floor":2,"gold_loss":0,"cards_upgraded":["Defend_G","Strike_G"]},{"damage_healed":0,"gold_gain":0,"player_choice":"Ignored","damage_taken":0,"max_hp_gain":0,"max_hp_loss":0,"event_name":"NoteForYourself","floor":10,"gold_loss":0},{"damage_healed":0,"gold_gain":99,"player_choice":"Stole From Cult","damage_taken":0,"max_hp_gain":0,"max_hp_loss":0,"event_name":"Nest","floor":19,"gold_loss":0},{"damage_healed":0,"gold_gain":0,"player_choice":"Ignored","damage_taken":0,"max_hp_gain":0,"max_hp_loss":0,"event_name":"The Mausoleum","floor":28,"gold_loss":0},{"damage_healed":0,"gold_gain":0,"player_choice":"Ignored","damage_taken":0,"max_hp_gain":0,"max_hp_loss":0,"event_name":"Mysterious Sphere","floor":38,"gold_loss":0},{"damage_healed":0,"gold_gain":275,"player_choice":"Desecrate","damage_taken":0,"max_hp_gain":0,"max_hp_loss":0,"event_name":"Golden Shrine","floor":39,"gold_loss":0,"cards_obtained":["Regret"]},{"damage_healed":0,"gold_gain":0,"player_choice":"Paid","damage_taken":0,"relics_obtained":["Red Mask"],"max_hp_gain":0,"max_hp_loss":0,"event_name":"Tomb of Lord Red Mask","floor":45,"gold_loss":10},{"damage_healed":0,"gold_gain":0,"player_choice":"1 cards matched","damage_taken":0,"max_hp_gain":0,"max_hp_loss":0,"event_name":"Match and Keep!","floor":46,"gold_loss":0,"cards_obtained":["All Out Attack"]}],"is_beta":false,"boss_relics":[{"not_picked":["Philosopher\u0027s Stone","Tiny House"],"picked":"SacredBark"},{"not_picked":["Astrolabe","Snecko Eye"],"picked":"Coffee Dripper"}],"items_purged_floors":[14,29,44],"is_endless":false,"potions_floor_spawned":[1,3,12,16,18,22,24,25,35,37,48],"killed_by":"Awakened One","ascension_level":0}}