{"host":"x8s7139x96bc3le0","time":1612652987,"event":{"mods":["AchievementEnabler","BaseMod","Bestiary","Minty Spire (QoL Compilation)","Relic Stats","ojb\u0027s Better Paths Mod","ojb\u0027s Info Mod"],"gold_per_floor":[11,30,48,48,61,95,95,120,174,174,174,174,205,225,225,355,355,370,370,384,408,408,408,442,457,482,84,99,99,110,135,135,239,239,258,258,269,169,86,117,134,164,164,164,177,211,225,258,258,258],"floor_reached":51,"language":"ENG","playtime":3641,"items_purged":["Strike_G","Strike_G"],"score":1173,"play_id":"5fa85a8d-2c83-4228-9dac-5448068f6b43","local_time":"20210207000947","is_ascension_mode":true,"campfire_choices":[{"floor":7.0,"key":"REST"},{"floor":12.0,"key":"REST"},{"data":"Neutralize","floor":15.0,"key":"SMITH"},{"data":"Adrenaline","floor":23.0,"key":"SMITH"},{"data":"Apotheosis","floor":29.0,"key":"SMITH"},{"data":"Infinite Blades","floor":32.0,"key":"SMITH"},{"data":"Chrysalis","floor":49,"key":"SMITH"}],"circlet_count":0,"master_deck":["Strike_G","Strike_G+1","Strike_G","Defend_G","Defend_G","Defend_G","Defend_G","Defend_G+1","Survivor","Neutralize+1","Malaise","Dagger Spray+1","Backstab","Dodge and Roll+1","Quick Slash+1","Sucker Punch+1","Outmaneuver","Underhanded Strike+1","Slice+1","Adrenaline+1","Acrobatics+1","Slice+1","Backflip","Infinite Blades+1","Prepared+1","Apotheosis+1","Backstab+1","Glass Knife+1","Prepared+1","Dramatic Entrance+1","Blade Dance","Chrysalis+1","Slice+1","Blade Dance+1"],"relics":["Ring of the Snake","Molten Egg 2","Kunai","War Paint","Bronze Scales","Bloody Idol","Bag of Preparation","WristBlade","Boot","Juzu Bracelet","PreservedInsect","Toy Ornithopter","SlaversCollar","MealTicket","Anchor","Ancient Tea Set","Omamori","Ice Cream"],"acts_visited":["Exordium","TheCity","TheBeyond"],"potions_floor_usage":[47],"damage_taken":[{"damage":0.0,"enemies":"2 Louse","floor":1.0,"turns":4.0},{"damage":1.0,"enemies":"Small Slimes","floor":2.0,"turns":3.0},{"damage":0.0,"enemies":"Jaw Worm","floor":3.0,"turns":3.0},{"damage":16.0,"enemies":"Large Slime","floor":5.0,"turns":8.0},{"damage":26.0,"enemies":"Gremlin Nob","floor":6.0,"turns":4.0},{"damage":19.0,"enemies":"Lagavulin","floor":8.0,"turns":6.0},{"damage":0.0,"enemies":"Gremlin Nob","floor":13.0,"turns":3.0},{"damage":0.0,"enemies":"Exordium Thugs","floor":14.0,"turns":3.0},{"damage":18.0,"enemies":"The Guardian","floor":16.0,"turns":11.0},{"damage":0.0,"enemies":"2 Thieves","floor":18.0,"turns":3.0},{"damage":0.0,"enemies":"Chosen","floor":20.0,"turns":2.0},{"damage":9.0,"enemies":"Snake Plant","floor":21.0,"turns":3.0},{"damage":0.0,"enemies":"Slavers","floor":24.0,"turns":3.0},{"damage":0.0,"enemies":"Centurion and Healer","floor":25.0,"turns":4.0},{"damage":0.0,"enemies":"3 Cultists","floor":28.0,"turns":3.0},{"damage":0.0,"enemies":"Snecko","floor":30.0,"turns":4.0},{"damage":1.0,"enemies":"Gremlin Leader","floor":31.0,"turns":3.0},{"damage":26.0,"enemies":"Collector","floor":33.0,"turns":12.0},{"damage":0.0,"enemies":"Orb Walker","floor":35.0,"turns":2.0},{"damage":9.0,"enemies":"3 Shapes","floor":37.0,"turns":4.0},{"damage":6.0,"enemies":"Giant Head","floor":40.0,"turns":7.0},{"damage":0.0,"enemies":"Sphere and 2 Shapes","floor":41.0,"turns":2.0},{"damage":0.0,"enemies":"Reptomancer","floor":42.0,"turns":2.0},{"damage":0.0,"enemies":"3 Darklings","floor":45.0,"turns":3.0},{"damage":0,"enemies":"Nemesis","floor":46,"turns":2},{"damage":10,"enemies":"Writhing Mass","floor":47,"turns":6},{"damage":3,"enemies":"Giant Head","floor":48,"turns":5},{"damage":3,"enemies":"Awakened One","floor":50,"turns":13}],"seed_played":"-4827366011005146658","potions_obtained":[{"floor":2.0,"key":"Ancient Potion"},{"floor":6.0,"key":"Poison Potion"},{"floor":8.0,"key":"Swift Potion"},{"floor":16.0,"key":"Strength Potion"},{"floor":20.0,"key":"SpeedPotion"},{"floor":24.0,"key":"PowerPotion"},{"floor":30.0,"key":"Energy Potion"},{"floor":37.0,"key":"BlessingOfTheForge"},{"floor":42.0,"key":"ColorlessPotion"},{"floor":45.0,"key":"EssenceOfSteel"},{"floor":47,"key":"SpeedPotion"}],"is_trial":false,"path_per_floor":["M","M","M","?","M","E","R","E","T","?","?","R","E","M","R","B",null,"M","?","M","M","?","R","E","M","T","$","M","R","M","E","R","B",null,"M","?","M","$","$","E","M","E","T","?","M","E","M","E","R","B",null],"character_chosen":"THE_SILENT","items_purchased":["Apotheosis","PreservedInsect","Dramatic Entrance+1"],"campfire_rested":2,"item_purchase_floors":[27,27,39],"current_hp_per_floor":[63,62,62,59,43,17,38,19,19,19,6,25,25,25,25,7,51,51,51,51,42,42,42,47,52,57,57,62,62,65,65,65,44,60,65,59,55,55,55,54,59,64,64,64,65,65,60,62,62,59],"gold":258,"neow_bonus":"THREE_RARE_CARDS","is_daily":false,"chose_seed":false,"campfire_upgraded":5,"win_rate":0.0,"timestamp":1612652987,"path_taken":["M","M","M","?","M","E","R","E","T","?","?","R","E","M","R","BOSS","M","?","M","M","?","R","E","M","T","$","M","R","M","E","R","BOSS","M","?","M","?","$","E","M","E","T","?","M","E","M","E","R","BOSS"],"items_purchased_type":["Card","Relic","Card"],"build_version":"2020-12-22","purchased_purges":2,"victory":true,"max_hp_per_floor":[70,70,70,70,70,70,70,70,70,65,65,65,65,65,65,65,65,65,65,65,65,65,65,65,65,65,65,65,65,65,65,65,65,65,65,65,65,65,65,65,65,65,65,65,65,65,65,65,65,65],"relic_stats":{"counters":[28,128],"PreservedInsect":404,"Bag of Preparation":[42],"Juzu Bracelet":1,"War Paint":["Dodge and Roll","Defend_G"],"Boot":[34],"Bronze Scales":[261],"Bloody Idol":65,"MealTicket":0,"Kunai":[90],"obtain_stats":[{"Ice Cream":48,"Golden Idol":10,"PreservedInsect":27,"Bag of Preparation":13,"Juzu Bracelet":26,"Omamori":46,"War Paint":8,"Boot":24,"Ancient Tea Set":43,"SlaversCollar":34,"Anchor":42,"WristBlade":17,"Bronze Scales":9,"Bloody Idol":22,"Molten Egg 2":4,"MealTicket":40,"Kunai":6,"Toy Ornithopter":31,"Ring of the Snake":0},{"Ice Cream":27,"Golden Idol":6,"PreservedInsect":14,"Bag of Preparation":7,"Juzu Bracelet":14,"Omamori":25,"War Paint":6,"Boot":13,"Ancient Tea Set":23,"SlaversCollar":18,"Anchor":23,"WristBlade":9,"Bronze Scales":6,"Bloody Idol":12,"Molten Egg 2":3,"MealTicket":21,"Kunai":5,"Toy Ornithopter":17,"Ring of the Snake":0},{"Ice Cream":115,"Golden Idol":28,"PreservedInsect":60,"Bag of Preparation":31,"Juzu Bracelet":60,"Omamori":104,"War Paint":28,"Boot":56,"Ancient Tea Set":99,"SlaversCollar":82,"Anchor":99,"WristBlade":45,"Bronze Scales":28,"Bloody Idol":53,"Molten Egg 2":10,"MealTicket":95,"Kunai":22,"Toy Ornithopter":70,"Ring of the Snake":0}],"Toy Ornithopter":0,"Ring of the Snake":[56]},"card_choices":[{"not_picked":["Die Die Die","Grand Finale"],"picked":"Malaise","floor":0.0},{"not_picked":["Poisoned Stab","Flying Knee"],"picked":"Dagger Spray","floor":1.0},{"not_picked":["Sucker Punch","Endless Agony"],"picked":"Backstab","floor":2.0},{"not_picked":["Underhanded Strike","PiercingWail"],"picked":"Dodge and Roll","floor":3.0},{"not_picked":["All Out Attack+1","Backflip"],"picked":"Quick Slash+1","floor":5.0},{"not_picked":["Deadly Poison","Outmaneuver"],"picked":"Sucker Punch+1","floor":6.0},{"not_picked":["Poisoned Stab+1","Envenom"],"picked":"Outmaneuver","floor":8.0},{"not_picked":["Accuracy","Deflect"],"picked":"Underhanded Strike+1","floor":13.0},{"not_picked":["Deflect","Dagger Spray+1"],"picked":"Slice+1","floor":14.0},{"not_picked":["Doppelganger","Die Die Die+1"],"picked":"Adrenaline","floor":16.0},{"not_picked":["Endless Agony+1","Flying Knee+1"],"picked":"Acrobatics+1","floor":18.0},{"not_picked":["Escape Plan","Poisoned Stab+1"],"picked":"Slice+1","floor":20.0},{"not_picked":["Cloak And Dagger","Quick Slash+1"],"picked":"Backflip","floor":21.0},{"not_picked":["Cloak And Dagger","Backflip"],"picked":"Infinite Blades","floor":24.0},{"not_picked":["Acrobatics+1","Cloak And Dagger"],"picked":"Prepared+1","floor":25.0},{"not_picked":["Dagger Spray+1","Backflip"],"picked":"Backstab+1","floor":28.0},{"not_picked":["Dagger Throw+1","Backflip","Choke+1"],"picked":"SKIP","floor":30.0},{"not_picked":["Prepared","Calculated Gamble","Die Die Die+1"],"picked":"SKIP","floor":31.0},{"not_picked":["Bullet Time","Corpse Explosion"],"picked":"Glass Knife+1","floor":33.0},{"not_picked":["Expertise","PiercingWail+1"],"picked":"Prepared+1","floor":35.0},{"not_picked":["Accuracy","PiercingWail","Bane+1"],"picked":"SKIP","floor":37.0},{"not_picked":["Dodge and Roll","Cloak And Dagger","Backflip"],"picked":"SKIP","floor":40.0},{"not_picked":["Skewer+1","Flying Knee+1","Deadly Poison+1"],"picked":"SKIP","floor":41.0},{"not_picked":["Slice+1","Prepared"],"picked":"Blade Dance","floor":42.0},{"not_picked":["Panacea","Mind Blast+1"],"picked":"Chrysalis","floor":44.0},{"not_picked":["Dagger Spray+1","Sucker Punch+1","Acrobatics"],"picked":"SKIP","floor":45.0},{"not_picked":["Flying Knee+1","Cloak And Dagger+1"],"picked":"Slice+1","floor":46},{"not_picked":["Choke+1","Sucker Punch+1"],"picked":"Blade Dance+1","floor":47},{"not_picked":["Poisoned Stab+1","Slice+1","Caltrops+1"],"picked":"SKIP","floor":48}],"player_experience":834128,"relics_obtained":[{"floor":6.0,"key":"Kunai"},{"floor":8.0,"key":"War Paint"},{"floor":9.0,"key":"Bronze Scales"},{"floor":13.0,"key":"Bag of Preparation"},{"floor":24.0,"key":"Boot"},{"floor":26.0,"key":"Juzu Bracelet"},{"floor":31.0,"key":"Toy Ornithopter"},{"floor":40.0,"key":"MealTicket"},{"floor":42.0,"key":"Anchor"},{"floor":43.0,"key":"Ancient Tea Set"},{"floor":46,"key":"Omamori"},{"floor":48,"key":"Ice Cream"}],"event_choices":[{"damage_healed":0.0,"max_hp_gain":0.0,"max_hp_loss":0.0,"gold_gain":0.0,"event_name":"Scrap Ooze","player_choice":"Success","floor":4.0,"gold_loss":0.0,"damage_taken":3.0,"relics_obtained":["Molten Egg 2"]},{"damage_healed":0.0,"max_hp_gain":0.0,"max_hp_loss":5.0,"gold_gain":0.0,"event_name":"Golden Idol","player_choice":"Lose Max HP","floor":10.0,"gold_loss":0.0,"damage_taken":0.0,"relics_obtained":["Golden Idol"]},{"damage_healed":0.0,"max_hp_gain":0.0,"max_hp_loss":0.0,"gold_gain":0.0,"event_name":"Shining Light","player_choice":"Entered Light","floor":11.0,"gold_loss":0.0,"damage_taken":13.0,"cards_upgraded":["Dagger Spray","Strike_G"]},{"damage_healed":0.0,"max_hp_gain":0.0,"max_hp_loss":0.0,"gold_gain":0.0,"event_name":"Ghosts","player_choice":"Ignored","floor":19.0,"gold_loss":0.0,"damage_taken":0.0},{"damage_healed":0.0,"max_hp_gain":0.0,"max_hp_loss":0.0,"gold_gain":0.0,"event_name":"Forgotten Altar","player_choice":"Gave Idol","floor":22.0,"relics_lost":["Golden Idol"],"gold_loss":0.0,"damage_taken":0.0,"relics_obtained":["Bloody Idol"]},{"damage_healed":0.0,"max_hp_gain":0.0,"max_hp_loss":0.0,"gold_gain":0.0,"event_name":"Wheel of Change","player_choice":"Damaged","floor":36.0,"gold_loss":0.0,"damage_taken":6.0},{"damage_healed":0.0,"max_hp_gain":0.0,"max_hp_loss":0.0,"gold_gain":0.0,"event_name":"SensoryStone","player_choice":"Memory 1","floor":44.0,"gold_loss":0.0,"damage_taken":0.0}],"is_beta":false,"boss_relics":[{"not_picked":["Coffee Dripper","Fusion Hammer"],"picked":"WristBlade"},{"not_picked":["Runic Dome","Empty Cage"],"picked":"SlaversCollar"}],"items_purged_floors":[27,38],"is_endless":false,"potions_floor_spawned":[2,6,8,16,20,24,28,30,37,42,45,47],"ascension_level":6}}