{"host":"d61fcf2p3sjwe6yo","time":1612601601,"event":{"mods":["Act Like it!","BaseMod","Colored Map","Hallownest","Minty Spire (QoL Compilation)","StSLib","SuperFastMode","The Bug Knight"],"gold_per_floor":[116,130,145,145,145,145,171,171,250,175,209,169,198,217,217,318,318,336,301,301,314,325,355,355,385,456,456,156,156,184,123,123,218,218,233,233,273,273,313,339,339,339,339,358,385,385,415,429,429,429,429,429,64,99,99],"floor_reached":56,"language":"ENG","playtime":3190,"items_purged":["HollowMod:DescendingDark"],"score":1404,"play_id":"92092e68-30c9-4296-8f98-80a92a280499","local_time":"20210206115321","is_ascension_mode":true,"campfire_choices":[{"data":"HollowMod:MantisMark","floor":6,"key":"SMITH"},{"data":"HollowMod:FocusHealStart","floor":8,"key":"SMITH"},{"data":"Hallownest:curseDreamersLament","floor":15,"key":"PURGE"},{"data":"HollowMod:HerrahsAnger","floor":24,"key":"SMITH"},{"floor":27,"key":"REST"},{"data":"HollowMod:MothsMistake","floor":32,"key":"SMITH"},{"data":"HollowMod:NewInfectedGuardian","floor":41,"key":"PURGE"},{"floor":46,"key":"RECALL"},{"floor":49,"key":"REST"},{"data":"HollowMod:BrokenVessel","floor":52,"key":"PURGE"}],"circlet_count":0,"master_deck":["HollowMod:NailStrikeStart","HollowMod:NailStrikeStart","HollowMod:NailStrikeStart","HollowMod:QuickDashStart","HollowMod:QuickDashStart","HollowMod:QuickDashStart","HollowMod:QuickDashStart","HollowMod:FocusHealStart+1","HollowMod:PogoStrike","HollowMod:MantisMark+1","HollowMod:CycloneSlash","HollowMod:NewJinnsSoul+1","HollowMod:HornetsHelp","HollowMod:HuntersJournal","HollowMod:MothsMistake+1","HollowMod:HerrahsAnger+1","HollowMod:MothsMistake","HollowMod:NewLastStag","HollowMod:HuntersJournal","HollowMod:MothsMistake+1","HollowMod:NewJinnsSoul","HollowMod:SlysStrikes","HollowMod:MantisMark+1","HollowMod:HuntersJournal+1","HollowMod:CloakDash+1","HollowMod:MidwifesHunger","HollowMod:MantisMark+1"],"relics":["HollowMod:VesselMask","Hallownest:TeacherSealRelic","Juzu Bracelet","Shuriken","Hallownest:BankAccountRelic","MealTicket","Peace Pipe","SlaversCollar","Happy Flower","Orichalcum","Ornamental Fan","Regal Pillow","Fusion Hammer","Mercury Hourglass","PreservedInsect","CaptainsWheel","Gremlin Horn","HollowMod:JonisBlessing","Pen Nib","HollowMod:DelicateFlower"],"acts_visited":["Hallownest:Greenpath","Hallownest:CityofTears","Hallownest:KingdomsEdge","TheEnding"],"potions_floor_usage":[3,23,30,35,35,35,55,55,55],"damage_taken":[{"damage":12,"enemies":"Hallownest:2_Tiktiks_and_1_Crawlid","floor":1,"turns":6},{"damage":6,"enemies":"2_ Uuma","floor":2,"turns":3},{"damage":35,"enemies":"Hallownest:monsterHuskGuard","floor":3,"turns":4},{"damage":11,"enemies":"Hallownest:eliteVengeflyKing","floor":7,"turns":5},{"damage":31,"enemies":"Hallownest:eliteCrystalGuardian","floor":11,"turns":5},{"damage":20,"enemies":"Hallownest:eliteVengeflyKing","floor":13,"turns":7},{"damage":5,"enemies":"Hallownest:monsterAspidMother","floor":14,"turns":3},{"damage":47,"enemies":"Hallownest:BossBrokenVessel","floor":16,"turns":10},{"damage":26,"enemies":"Hallownest:2_Mistakes","floor":18,"turns":4},{"damage":2,"enemies":"Hallownest:3_Youths","floor":21,"turns":5},{"damage":19,"enemies":"Hallownest:monsterShrumalOgre","floor":22,"turns":7},{"damage":38,"enemies":"Hallownest:eliteWatcherKnight","floor":23,"turns":13},{"damage":29,"enemies":"Hallownest:Nosk","floor":25,"turns":6},{"damage":19,"enemies":"Hallownest:eliteSoulWarrior","floor":30,"turns":4},{"damage":27,"enemies":"Hallownest:BossSoulMaster","floor":33,"turns":7},{"damage":43,"enemies":"Hallownest:2_Littles","floor":35,"turns":3},{"damage":8,"enemies":"Hallownest:eliteCollector","floor":40,"turns":6},{"damage":50,"enemies":"Hallownest:3_Siblings","floor":44,"turns":6},{"damage":0,"enemies":"Hallownest:eliteHiveKnight","floor":45,"turns":5},{"damage":3,"enemies":"Hallownest:eliteCollector","floor":47,"turns":5},{"damage":38,"enemies":"Hallownest:2_Soldiers_and_1_Guardian","floor":48,"turns":3},{"damage":34,"enemies":"Hallownest:Radiance","floor":50,"turns":6},{"damage":20,"enemies":"Shield and Spear","floor":54,"turns":4},{"damage":56,"enemies":"The Heart","floor":55,"turns":6}],"seed_played":"6696764452063260384","potions_obtained":[{"floor":2,"key":"SkillPotion"},{"floor":7,"key":"Energy Potion"},{"floor":16,"key":"Ancient Potion"},{"floor":18,"key":"FearPotion"},{"floor":21,"key":"Weak Potion"},{"floor":23,"key":"Explosive Potion"},{"floor":25,"key":"DistilledChaos"},{"floor":33,"key":"Swift Potion"},{"floor":35,"key":"SteroidPotion"},{"floor":47,"key":"Ancient Potion"},{"floor":48,"key":"Explosive Potion"}],"is_trial":false,"path_per_floor":["M","M","M","?","?","R","E","R","T","?","E","?","E","M","R","B",null,"M","$","?","M","M","E","R","E","T","R","?","?","E","$","R","B",null,"M","?","$","T","$","E","R","?","T","M","E","R","E","M","R","B",null,"R","$","E","B",null],"character_chosen":"THE_BUGKNIGHT","items_purchased":["HollowMod:MothsMistake","HollowMod:NewJinnsSoul","HollowMod:JonisBlessing","Pen Nib","CultistPotion"],"campfire_rested":2,"item_purchase_floors":[31,31,53,53,53],"current_hp_per_floor":[80,74,50,50,50,50,45,45,45,45,24,53,45,46,46,9,82,62,77,77,75,62,36,36,17,17,41,41,82,69,82,82,61,82,45,45,60,60,75,73,73,73,73,33,47,47,54,22,60,32,77,77,77,57,1],"gold":99,"neow_bonus":"TEN_PERCENT_HP_BONUS","is_daily":false,"chose_seed":false,"campfire_upgraded":4,"win_rate":0.0,"timestamp":1612601601,"path_taken":["M","M","M","?","?","R","E","R","T","?","E","?","E","M","R","BOSS","M","$","?","M","M","E","R","E","T","R","?","?","E","$","R","BOSS","M","?","?","?","$","E","R","?","T","M","E","R","E","M","R","BOSS","R","$","E","BOSS"],"items_purchased_type":["Card","Card","Relic","Relic","Potion"],"build_version":"2020-12-22","purchased_purges":1,"victory":true,"max_hp_per_floor":[82,82,82,82,82,82,82,82,82,82,82,82,82,82,82,82,82,82,82,82,82,82,82,82,82,82,82,82,82,82,82,82,82,82,82,77,77,77,77,77,77,77,77,77,77,77,77,77,77,77,77,77,77,77,77],"card_choices":[{"not_picked":["HollowMod:CloakDash","HollowMod:CoiledNail"],"picked":"HollowMod:DescendingDark","floor":1},{"not_picked":["HollowMod:LifebloodCocoon","HollowMod:InfectedCysts"],"picked":"HollowMod:BrokenVessel","floor":2},{"not_picked":["HollowMod:NewJinnsSoul","HollowMod:HowlingWraiths"],"picked":"HollowMod:MantisMark","floor":3},{"not_picked":["HollowMod:VengefulSpirit","HollowMod:GoodIntentions"],"picked":"HollowMod:InfectedCysts","floor":7},{"not_picked":["HollowMod:SoulSplash","HollowMod:SharpenedShadows"],"picked":"HollowMod:NewJinnsSoul","floor":11},{"not_picked":["HollowMod:SoulEater","HollowMod:DashSlash"],"picked":"HollowMod:HornetsHelp","floor":13},{"not_picked":["HollowMod:ShadowDash","HollowMod:SoulSplash","HollowMod:NewGlowingWomb"],"picked":"SKIP","floor":14},{"not_picked":["HollowMod:theNailsmith","HollowMod:MidwifesHunger"],"picked":"HollowMod:NewInfectedGuardian","floor":16},{"not_picked":["HollowMod:VengefulVoid+1","HollowMod:CycloneSlash","HollowMod:MonomonsArchive"],"picked":"SKIP","floor":18},{"not_picked":["HollowMod:SoulShaman+1","HollowMod:LuriensSpire"],"picked":"HollowMod:HuntersJournal","floor":21},{"not_picked":["HollowMod:CrystalDash","HollowMod:SiblingsSouls"],"picked":"HollowMod:MothsMistake+1","floor":22},{"not_picked":["HollowMod:SiblingsSouls+1","HollowMod:DreamGate"],"picked":"HollowMod:HerrahsAnger","floor":23},{"not_picked":["HollowMod:SoulSplash","HollowMod:CornifersMapStart"],"picked":"HollowMod:MothsMistake","floor":25},{"not_picked":["HollowMod:DesolateDive","HollowMod:HeavyBlow"],"picked":"HollowMod:HuntersJournal","floor":30},{"not_picked":["HollowMod:Hiveblood","HollowMod:LordofShades"],"picked":"HollowMod:SlysStrikes","floor":33},{"not_picked":["HollowMod:RecoilStrike","HollowMod:BrokenVessel+1"],"picked":"HollowMod:MantisMark+1","floor":35},{"not_picked":["HollowMod:DescendingDark","HollowMod:BaldurShell"],"picked":"HollowMod:HuntersJournal+1","floor":40},{"not_picked":["HollowMod:NewJinnsSoul","HollowMod:LifebloodCocoon"],"picked":"HollowMod:CloakDash+1","floor":44},{"not_picked":["HollowMod:AbyssShriek","HollowMod:SharpenedShadows","HollowMod:BaldurShell"],"picked":"SKIP","floor":45},{"not_picked":["HollowMod:AbyssShriek+1","HollowMod:MonarchWings"],"picked":"HollowMod:MidwifesHunger","floor":47},{"not_picked":["HollowMod:SharpenedNail+1","HollowMod:BrokenVessel+1","HollowMod:GoodIntentions"],"picked":"SKIP","floor":48},{"not_picked":["HollowMod:InfectedCysts+1","HollowMod:DashSlash+1"],"picked":"HollowMod:MantisMark+1","floor":54}],"player_experience":257447,"relics_obtained":[{"floor":7,"key":"Juzu Bracelet"},{"floor":9,"key":"Shuriken"},{"floor":11,"key":"MealTicket"},{"floor":13,"key":"Peace Pipe"},{"floor":23,"key":"Happy Flower"},{"floor":25,"key":"Orichalcum"},{"floor":26,"key":"Ornamental Fan"},{"floor":30,"key":"Regal Pillow"},{"floor":40,"key":"Mercury Hourglass"},{"floor":43,"key":"PreservedInsect"},{"floor":45,"key":"CaptainsWheel"},{"floor":47,"key":"Gremlin Horn"},{"floor":54,"key":"HollowMod:DelicateFlower"}],"event_choices":[],"is_beta":false,"boss_relics":[{"not_picked":["Tiny House","Ectoplasm"],"picked":"SlaversCollar"},{"not_picked":["HollowMod:VoidIdolRelic","SacredBark"],"picked":"Fusion Hammer"}],"items_purged_floors":[19],"is_endless":false,"potions_floor_spawned":[2,7,16,18,21,23,25,33,35,47,48,54],"ascension_level":3}}