{"host":"9tzam4717zt8ei1o","time":1612584913,"event":{"mods":["BaseMod","Colored Map","Keyboard Shortcuts","Minty Spire (QoL Compilation)","Quick Restart","StSLib","SuperFastMode"],"gold_per_floor":[119,119,119,119,99,99,132,152,220,57,72,84,96,96,96],"floor_reached":14,"language":"KOR","playtime":217,"items_purged":["Strike_G+1"],"score":158,"play_id":"d9557a87-0d1f-45c0-b9fb-9f9b9fc542ee","local_time":"20210206131513","is_ascension_mode":true,"campfire_choices":[{"data":"Neutralize","floor":6.0,"key":"SMITH"}],"circlet_count":0,"master_deck":["AscendersBane","Strike_G","Strike_G","Strike_G","Strike_G","Defend_G","Defend_G","Defend_G","Defend_G","Defend_G+1","Survivor","Neutralize+1","Dagger Throw","Dagger Spray","Escape Plan","Tactician","Deadly Poison","Eviscerate"],"relics":["Ring of the Snake","Orichalcum","StoneCalendar","Ninja Scroll","Pen Nib","Eternal Feather"],"acts_visited":["Exordium"],"potions_floor_usage":[],"damage_taken":[{"damage":2.0,"enemies":"Small Slimes","floor":1.0,"turns":5.0},{"damage":14.0,"enemies":"3 Sentries","floor":7.0,"turns":7.0},{"damage":0.0,"enemies":"Jaw Worm","floor":8.0,"turns":3.0},{"damage":1.0,"enemies":"2 Louse","floor":11.0,"turns":2.0},{"damage":0.0,"enemies":"Lots of Slimes","floor":12.0,"turns":3.0},{"damage":5.0,"enemies":"Exordium Thugs","floor":13.0,"turns":3.0},{"damage":7,"enemies":"Lagavulin","floor":14,"turns":4}],"seed_played":"-1856036773939104254","potions_obtained":[{"floor":1.0,"key":"Weak Potion"},{"floor":5.0,"key":"Ancient Potion"},{"floor":11.0,"key":"Fire Potion"},{"floor":13.0,"key":"SteroidPotion"}],"is_trial":false,"path_per_floor":["M","?","?","T","?","R","E","M","T","$","M","M","M","E"],"character_chosen":"THE_SILENT","items_purchased":["Tactician","Deadly Poison"],"campfire_rested":0,"item_purchase_floors":[10,10],"current_hp_per_floor":[57,46,26,26,26,26,12,12,12,12,11,11,6,0,0],"gold":96,"neow_bonus":"RANDOM_COMMON_RELIC","is_daily":false,"chose_seed":false,"campfire_upgraded":1,"win_rate":0.0,"timestamp":1612584913,"path_taken":["M","?","?","?","?","R","E","M","T","$","M","M","M","E"],"items_purchased_type":["Card","Card"],"build_version":"2020-12-22","purchased_purges":1,"victory":false,"max_hp_per_floor":[66,66,66,66,66,66,66,66,66,66,66,66,66,66,66],"card_choices":[{"not_picked":["All Out Attack","Reflex"],"picked":"Dagger Throw","floor":1.0},{"not_picked":["Expertise","Quick Slash"],"picked":"Dagger Spray","floor":7.0},{"not_picked":["Well Laid Plans","Deflect"],"picked":"Escape Plan","floor":8.0},{"not_picked":["Dagger Throw","Underhanded Strike"],"picked":"Eviscerate","floor":11.0},{"not_picked":["PiercingWail","Slice","Endless Agony"],"picked":"SKIP","floor":12.0},{"not_picked":["Leg Sweep","Bouncing Flask","Sucker Punch"],"picked":"SKIP","floor":13.0}],"player_experience":118929,"relics_obtained":[{"floor":4.0,"key":"Ninja Scroll"},{"floor":7.0,"key":"Pen Nib"},{"floor":9.0,"key":"Eternal Feather"}],"event_choices":[{"damage_healed":0.0,"max_hp_gain":0.0,"max_hp_loss":0.0,"gold_gain":0.0,"event_name":"Scrap Ooze","player_choice":"Success","floor":2.0,"gold_loss":0.0,"damage_taken":11.0,"relics_obtained":["StoneCalendar"]},{"damage_healed":0.0,"max_hp_gain":0.0,"max_hp_loss":0.0,"gold_gain":0.0,"event_name":"Shining Light","player_choice":"Entered Light","floor":3.0,"gold_loss":0.0,"damage_taken":20.0,"cards_upgraded":["Strike_G","Defend_G"]},{"damage_healed":0.0,"max_hp_gain":0.0,"max_hp_loss":0.0,"gold_gain":0.0,"event_name":"The Woman in Blue","player_choice":"Bought 1 Potion","floor":5.0,"gold_loss":0.0,"damage_taken":0.0}],"is_beta":false,"boss_relics":[],"items_purged_floors":[10],"is_endless":false,"potions_floor_spawned":[1,7,11,13],"killed_by":"Lagavulin","ascension_level":15}}