{"host":"2zjdcgw4be5n15ja","time":1612617676,"event":{"mods":["AchievementEnabler","BaseMod","Better Skull","Better Third Choice","BetterRewards","Block Reminder","Hermit","Marisa????????","Minty Spire (QoL Compilation)","Poor People Problems","Quick Restart","Rare Cards Sparkle","Reimu??????","Relic Stats","Reliquary","StSLib","The Runesmith","The Senshi","TheFirefly","Yakumo Yukari mod"],"gold_per_floor":[118,118,132,56,6,6,6,36,60,60,60,80,80,94,94,193,243,255,255,354,4,14,46,46,117,143,154,173,188,37,54,54,155,155,171,171,44,61,61,61,77,77,151,165,183,202,202,202,202,202,202,202,19,46,46,46],"floor_reached":55,"language":"ENG","playtime":5487,"items_purged":["Regret"],"score":787,"play_id":"390fd738-314a-48cf-97b0-6cb7ba38eb3d","local_time":"20210207022116","is_ascension_mode":false,"campfire_choices":[{"floor":7,"key":"RECALL"},{"floor":11,"key":"REST"},{"data":"Scrawl","floor":13,"key":"SMITH"},{"data":"Eruption","floor":15,"key":"SMITH"},{"floor":24,"key":"REST"},{"floor":32,"key":"REST"},{"floor":40,"key":"REST"},{"data":"SignatureMove","floor":42,"key":"SMITH"},{"data":"Ragnarok","floor":49,"key":"SMITH"},{"data":"Adaptation","floor":52,"key":"SMITH"}],"circlet_count":0,"master_deck":["Strike_P","Strike_P","Strike_P","Strike_P","Defend_P","Defend_P+1","Defend_P","Defend_P","Eruption+1","Vigilance","Apotheosis+1","Consecrate","WheelKick","Wireheading","Adaptation+1","Scrawl+1","ClearTheMind","DeusExMachina","Fasting2","FollowUp","J.A.X.","Collect","Nirvana","Weave","Meditate+1","WaveOfTheHand","EmptyMind","CutThroughFate+1","Halt","Evaluate","Blasphemy","EmptyBody","Prostrate","MentalFortress","Crescendo","Normality","SignatureMove+1","Nirvana","FlurryOfBlows","Ragnarok+1","TalkToTheHand","WindmillStrike"],"relics":["PureWater","Eternal Feather","Kunai","Tiny House","Happy Flower","Strawberry","reliquary:Sideboard","Toy Ornithopter","VioletLotus","Letter Opener","Vajra","Incense Burner"],"acts_visited":["Exordium","TheCity","TheBeyond","TheEnding"],"potions_floor_usage":[8,22,30,31,33,46,50],"damage_taken":[{"damage":5,"enemies":"2 Louse","floor":1,"turns":3},{"damage":0,"enemies":"Cultist","floor":3,"turns":2},{"damage":24,"enemies":"3 Sentries","floor":8,"turns":7},{"damage":3,"enemies":"Jaw Worm","floor":12,"turns":2},{"damage":5,"enemies":"Blue Slaver","floor":14,"turns":2},{"damage":6,"enemies":"Slime Boss","floor":16,"turns":3},{"damage":6,"enemies":"Spheric Guardian","floor":18,"turns":3},{"damage":19,"enemies":"2 Thieves","floor":22,"turns":4},{"damage":28,"enemies":"Book of Stabbing","floor":23,"turns":6},{"damage":5,"enemies":"Cultist and Chosen","floor":27,"turns":3},{"damage":22,"enemies":"Centurion and Healer","floor":28,"turns":4},{"damage":30,"enemies":"Shelled Parasite and Fungi","floor":29,"turns":4},{"damage":21,"enemies":"Chosen and Byrds","floor":31,"turns":5},{"damage":14,"enemies":"Champ","floor":33,"turns":6},{"damage":38,"enemies":"3 Shapes","floor":35,"turns":5},{"damage":17,"enemies":"Orb Walker","floor":38,"turns":3},{"damage":36,"enemies":"4 Shapes","floor":41,"turns":4},{"damage":5,"enemies":"Spire Growth","floor":44,"turns":4},{"damage":18,"enemies":"3 Darklings","floor":45,"turns":3},{"damage":0,"enemies":"Writhing Mass","floor":46,"turns":1},{"damage":62,"enemies":"Donu and Deca","floor":50,"turns":6},{"damage":49,"enemies":"Shield and Spear","floor":54,"turns":6},{"damage":64,"enemies":"The Heart","floor":55,"turns":2}],"seed_played":"-6229305164367501942","potions_obtained":[{"floor":1,"key":"Ancient Potion"},{"floor":2,"key":"PowerPotion"},{"floor":2,"key":"BottledMiracle"},{"floor":8,"key":"ZuzhouPotion:ReiMu"},{"floor":14,"key":"BottledMiracle"},{"floor":23,"key":"Swift Potion"},{"floor":28,"key":"MagicPotion:ReiMu"},{"floor":41,"key":"Strength Potion"},{"floor":44,"key":"Swift Potion"}],"is_trial":false,"path_per_floor":["M","?","M","$","?","?","R","E","T","?","R","M","R","M","R","B",null,"M","?","?","$","M","E","R","T","T","M","M","M","$","M","R","B",null,"M","?","$","M","?","R","M","R","T","M","M","M","?","?","R","B",null,"R","$","E","B"],"character_chosen":"WATCHER","items_purchased":["Wireheading","Happy Flower","Collect","Nirvana","Fruit Juice","Halt","Prostrate","MentalFortress","Vajra","TalkToTheHand"],"campfire_rested":4,"item_purchase_floors":[4,21,21,21,30,30,37,37,53,53],"current_hp_per_floor":[67,67,67,67,67,67,72,48,48,48,72,69,72,67,72,66,77,71,71,71,71,52,31,71,71,71,66,44,14,24,8,52,43,89,51,51,51,34,34,81,45,66,66,61,43,48,48,48,72,15,89,89,89,40,0,0],"gold":46,"neow_bonus":"RANDOM_COLORLESS_2","is_daily":false,"chose_seed":false,"campfire_upgraded":5,"win_rate":0.0,"timestamp":1612617676,"path_taken":["M","?","?","$","?","?","R","E","T","?","R","?","R","M","R","BOSS","M","?","?","?","M","E","R","?","T","?","?","M","$","M","R","BOSS","M","?","?","M","?","R","M","R","T","M","M","?","?","?","R","BOSS","R","$","E","BOSS"],"items_purchased_type":["Card","Relic","Card","Card","Potion","Card","Card","Card","Relic","Card"],"build_version":"2020-12-22","purchased_purges":1,"victory":false,"max_hp_per_floor":[72,72,72,72,72,72,72,72,72,72,72,72,72,72,72,72,77,77,77,77,77,77,84,84,84,84,84,84,84,89,89,89,89,89,89,89,89,89,89,89,89,89,89,89,89,89,89,89,89,89,89,89,89,89,89,89],"relic_stats":{"Happy Flower":[22],"counters":[23,88],"Eternal Feather":121,"VioletLotus":[8],"Kunai":[36],"Letter Opener":[128],"obtain_stats":[{"Tiny House":17,"Happy Flower":21,"reliquary:Sideboard":25,"Strawberry":23,"Vajra":53,"Eternal Feather":6,"VioletLotus":34,"Incense Burner":54,"Kunai":8,"Letter Opener":43,"PureWater":0,"Toy Ornithopter":26},{"Tiny House":6,"Happy Flower":7,"reliquary:Sideboard":9,"Strawberry":9,"Vajra":21,"Eternal Feather":2,"VioletLotus":14,"Incense Burner":22,"Kunai":3,"Letter Opener":17,"PureWater":0,"Toy Ornithopter":9},{"Tiny House":19,"Happy Flower":22,"reliquary:Sideboard":32,"Strawberry":32,"Vajra":80,"Eternal Feather":5,"VioletLotus":54,"Incense Burner":86,"Kunai":12,"Letter Opener":66,"PureWater":0,"Toy Ornithopter":32}],"Toy Ornithopter":25},"card_choices":[{"not_picked":["The Bomb","Chrysalis"],"picked":"Apotheosis","floor":0},{"not_picked":["Protect","EmptyFist"],"picked":"Consecrate","floor":1},{"not_picked":["BowlingBash","FollowUp"],"picked":"WheelKick","floor":3},{"not_picked":["Indignation","FollowUp"],"picked":"Adaptation","floor":8},{"not_picked":["EmptyBody","Prostrate"],"picked":"Scrawl","floor":12},{"not_picked":["FlyingSleeves","FlurryOfBlows"],"picked":"ClearTheMind","floor":14},{"not_picked":["Ragnarok","Omniscience"],"picked":"DeusExMachina","floor":16},{"not_picked":["PathToVictory","ClearTheMind"],"picked":"Fasting2","floor":17},{"not_picked":["Crescendo+1","Consecrate"],"picked":"FollowUp","floor":18},{"not_picked":["Halt","Swivel"],"picked":"Weave","floor":22},{"not_picked":["LessonLearned","ThirdEye"],"picked":"Meditate+1","floor":23},{"not_picked":["BowlingBash","PathToVictory"],"picked":"WaveOfTheHand","floor":27},{"not_picked":["Evaluate","EmptyBody"],"picked":"EmptyMind","floor":28},{"not_picked":["CrushJoints+1","JustLucky+1"],"picked":"CutThroughFate+1","floor":29},{"not_picked":["Fasting2","WaveOfTheHand"],"picked":"Evaluate","floor":31},{"not_picked":["Judgement","MasterReality"],"picked":"Blasphemy","floor":33},{"not_picked":["Meditate","PathToVictory+1"],"picked":"EmptyBody","floor":35},{"not_picked":["PathToVictory","FollowUp+1"],"picked":"Crescendo","floor":38},{"not_picked":["Prostrate","Vault"],"picked":"SignatureMove","floor":41},{"not_picked":["Prostrate+1","PathToVictory"],"picked":"Nirvana","floor":44},{"not_picked":["ThirdEye","JustLucky"],"picked":"FlurryOfBlows","floor":45},{"not_picked":["WheelKick","FlyingSleeves"],"picked":"Ragnarok","floor":46},{"not_picked":["CutThroughFate+1","InnerPeace+1"],"picked":"WindmillStrike","floor":54}],"player_experience":395671,"relics_obtained":[{"floor":8,"key":"Kunai"},{"floor":23,"key":"Strawberry"},{"floor":25,"key":"reliquary:Sideboard"},{"floor":26,"key":"Toy Ornithopter"},{"floor":43,"key":"Letter Opener"},{"floor":54,"key":"Incense Burner"}],"event_choices":[{"damage_healed":0,"gold_gain":0,"player_choice":"Got Potions","damage_taken":0,"max_hp_gain":0,"max_hp_loss":0,"event_name":"Lab","floor":2,"gold_loss":0},{"cards_removed":["Shame"],"damage_healed":0,"gold_gain":0,"player_choice":"Card Removal","damage_taken":0,"max_hp_gain":0,"max_hp_loss":0,"event_name":"The Cleric","floor":5,"gold_loss":50},{"damage_healed":0,"gold_gain":0,"player_choice":"Box","damage_taken":0,"relics_obtained":["Eternal Feather"],"max_hp_gain":0,"max_hp_loss":0,"event_name":"Big Fish","floor":6,"gold_loss":0,"cards_obtained":["Regret"]},{"damage_healed":0,"gold_gain":0,"player_choice":"Upgraded","damage_taken":0,"max_hp_gain":0,"max_hp_loss":0,"event_name":"Upgrade Shrine","floor":10,"gold_loss":0,"cards_upgraded":["Apotheosis"]},{"damage_healed":0,"gold_gain":0,"player_choice":"Obtain J.A.X.","damage_taken":0,"max_hp_gain":0,"max_hp_loss":0,"event_name":"Drug Dealer","floor":19,"gold_loss":0,"cards_obtained":["J.A.X."]},{"damage_healed":0,"gold_gain":99,"player_choice":"Steal","damage_taken":0,"max_hp_gain":0,"max_hp_loss":0,"event_name":"betterThird:BetterNest","floor":20,"gold_loss":0},{"damage_healed":0,"gold_gain":0,"player_choice":"Copied","damage_taken":0,"max_hp_gain":0,"max_hp_loss":0,"event_name":"Duplicator","floor":36,"gold_loss":0,"cards_obtained":["Blasphemy"]},{"cards_removed":["Blasphemy"],"damage_healed":0,"gold_gain":0,"player_choice":"Took Card","damage_taken":0,"max_hp_gain":0,"max_hp_loss":0,"event_name":"NoteForYourself","floor":39,"gold_loss":0,"cards_obtained":["Normality"]},{"damage_healed":0,"gold_gain":0,"player_choice":"Ignored","damage_taken":0,"max_hp_gain":0,"max_hp_loss":0,"event_name":"Tomb of Lord Red Mask","floor":47,"gold_loss":0}],"is_beta":false,"boss_relics":[{"not_picked":["Astrolabe","Ectoplasm"],"picked":"Tiny House"},{"not_picked":["Busted Crown","SlaversCollar"],"picked":"VioletLotus"}],"items_purged_floors":[21],"is_endless":false,"potions_floor_spawned":[1,8,14,23,27,28,29,41,44],"killed_by":"The Heart","ascension_level":0}}