{"host":"guv5thfpx4d8ikzb","time":1612614587,"event":{"mods":["2.2 Compatiblity","AchievementEnabler","BaseMod","Block Reminder","Colored Map","Colored Powertips","Downfall","Minty Spire (QoL Compilation)","Permanent Neow","Quick Restart","Relic Stats","Replay The Spire","StSLib"],"gold_per_floor":[113,113,288,95,114,114,145,145,169,169,184,184,219,232,232,333,333,333,333],"floor_reached":17,"language":"ENG","playtime":909,"items_purged":["Doubt"],"score":288,"play_id":"f3205a18-d758-4886-b392-ad34a4b301ea","local_time":"20210206072947","daily_mods":["Heirloom"],"is_ascension_mode":true,"campfire_choices":[{"data":"Slimebound:CorrosiveSpit","floor":6,"key":"SMITH"},{"data":"Slimebound:Repurpose","floor":6,"key":"SMITH"},{"data":"Slimebound:Schlurp","floor":8,"key":"SMITH"},{"data":"Slimebound:Tackle","floor":8,"key":"SMITH"},{"floor":10,"key":"RECALL"},{"data":"Slimebound:Defend_Slimebound","floor":12,"key":"SMITH"},{"data":"Slimebound:Defend_Slimebound","floor":12,"key":"SMITH"},{"data":"Slimebound:LeechingTouch","floor":15,"key":"SMITH"},{"data":"Slimebound:Defend_Slimebound","floor":15,"key":"SMITH"}],"circlet_count":0,"master_deck":["Slimebound:Strike_Slimebound","Slimebound:Strike_Slimebound","Slimebound:Tackle+1","Slimebound:Defend_Slimebound+1","Slimebound:Defend_Slimebound","Slimebound:Defend_Slimebound+1","Slimebound:Defend_Slimebound+1","Slimebound:CorrosiveSpit+1","Slimebound:SpikyOuterGoop+1","Slimebound:LeechingTouch+1","Slimebound:RainOfGoop+1","Slimebound:LivingWall+1","Slimebound:Nibble+1","Slimebound:RallyTheTroops+1","Slimebound:Repurpose+1","Slimebound:Split+1","Slimebound:Schlurp+1","Slimebound:Darklings+1","Slimebound:LevelUp+1","Slimebound:LeechingTouch+1","Slimebound:Darklings+1"],"relics":["Slimebound:AbsorbEndCombat","Ring of Chaos","TungstenRod","Golden Egg","Replay:Arrowhead","Frozen Egg 2","Mummified Hand","Bag of Preparation","StrikeDummy","Guardian:PocketSentry","Busted Crown"],"acts_visited":["Exordium","TheCity"],"potions_floor_usage":[],"damage_taken":[{"damage":0,"enemies":"Cultist","floor":1,"turns":3},{"damage":0,"enemies":"Jaw Worm","floor":5,"turns":3},{"damage":0,"enemies":"Lagavulin","floor":7,"turns":6},{"damage":0,"enemies":"Small Slimes","floor":11,"turns":3},{"damage":0,"enemies":"Gremlin Nob","floor":13,"turns":3},{"damage":0,"enemies":"Exordium Wildlife","floor":14,"turns":2},{"damage":3,"enemies":"Fading Forest","floor":16,"turns":11}],"seed_played":"-5939567150321826139","potions_obtained":[{"floor":1,"key":"Dexterity Potion"},{"floor":5,"key":"Adrenaline Potion"},{"floor":11,"key":"Slimebound:SlimedPotion"}],"is_trial":true,"path_per_floor":["M","?","?","$","M","R","E","R","T","R","M","R","E","M","R","B",null],"character_chosen":"SLIMEBOUND","items_purchased":["Slimebound:RainOfGoop","Slimebound:LivingWall","Bag of Preparation","Slimebound:Nibble","Slimebound:RallyTheTroops"],"campfire_rested":0,"item_purchase_floors":[4,4,4,4,4],"current_hp_per_floor":[63,63,63,63,65,65,65,65,65,65,65,65,65,65,65,62,64,64,64],"gold":333,"neow_bonus":"","is_daily":false,"chose_seed":false,"campfire_upgraded":8,"win_rate":0.0,"timestamp":1612614587,"path_taken":["?","?","?","$","M","R","E","R","T","R","M","R","E","M","R","BOSS"],"items_purchased_type":["Card","Card","Relic","Card","Card"],"build_version":"2020-12-22","purchased_purges":1,"victory":false,"max_hp_per_floor":[65,65,65,65,65,65,65,65,65,65,65,65,65,65,65,65,65,65,65],"relic_stats":{"Busted Crown":0,"counters":[7,30],"Mummified Hand":[7],"Bag of Preparation":[12],"obtain_stats":[{"Golden Egg":0,"Busted Crown":17,"Mummified Hand":1,"Ring of Chaos":0,"Slimebound:AbsorbEndCombat":0,"Bag of Preparation":4,"Guardian:PocketSentry":13,"Frozen Egg 2":1,"StrikeDummy":7,"TungstenRod":0,"Replay:Arrowhead":0},{"Golden Egg":0,"Busted Crown":7,"Mummified Hand":1,"Ring of Chaos":0,"Slimebound:AbsorbEndCombat":0,"Bag of Preparation":1,"Guardian:PocketSentry":5,"Frozen Egg 2":1,"StrikeDummy":3,"TungstenRod":0,"Replay:Arrowhead":0},{"Golden Egg":0,"Busted Crown":30,"Mummified Hand":3,"Ring of Chaos":0,"Slimebound:AbsorbEndCombat":0,"Bag of Preparation":3,"Guardian:PocketSentry":17,"Frozen Egg 2":3,"StrikeDummy":12,"TungstenRod":0,"Replay:Arrowhead":0}],"TungstenRod":3},"card_choices":[{"not_picked":["Slimebound:ForwardTackle","Slimebound:SlimeSpikes"],"picked":"Slimebound:SpikyOuterGoop+1","floor":1},{"not_picked":["Slimebound:SplitLeeching","Slimebound:LivingWall"],"picked":"Slimebound:Repurpose","floor":5},{"not_picked":["Slimebound:GoopSpray","Slimebound:Dissolve"],"picked":"Slimebound:Schlurp","floor":7},{"not_picked":["Slimebound:BestDefense+1","Slimebound:HauntingLick"],"picked":"Slimebound:Darklings","floor":11},{"not_picked":["Slimebound:Prepare","Slimebound:SplitLeeching"],"picked":"Slimebound:LevelUp+1","floor":13},{"not_picked":["Slimebound:SplitMire","Slimebound:DivideAndConquer"],"picked":"Slimebound:LeechingTouch","floor":14},{"not_picked":["Slimebound:PrepareCrush","Slimebound:WasteNot"],"picked":"Slimebound:Darklings","floor":16}],"player_experience":1158160,"relics_obtained":[{"floor":7,"key":"StrikeDummy"},{"floor":13,"key":"Guardian:PocketSentry"}],"event_choices":[{"damage_healed":0,"gold_gain":175,"player_choice":"AGREE","damage_taken":0,"max_hp_gain":0,"max_hp_loss":0,"event_name":"Liars Game","floor":3,"gold_loss":0,"cards_obtained":["Doubt"]}],"is_beta":false,"boss_relics":[{"not_picked":["Slimebound:TarBlob","Honey Jar"],"picked":"Busted Crown"}],"items_purged_floors":[4],"is_endless":false,"potions_floor_spawned":[1,5,11],"ascension_level":7}}