{"host":"8pvw2tcf9wctlvur","time":1612629082,"event":{"mods":["BaseMod","Better Third Choice","Colored Powertips","Curses Come First","Minty Spire (QoL Compilation)","Rare Cards Sparkle","Relic Stats","StSLib","SuperFastMode"],"gold_per_floor":[110,35,50,66,66,98,115,115,115],"floor_reached":8,"language":"ENG","playtime":432,"items_purged":[],"score":61,"play_id":"45df1887-9de3-453a-917a-edd345329149","local_time":"20210206093122","is_ascension_mode":true,"campfire_choices":[],"circlet_count":0,"master_deck":["Strike_G","Strike_G","Strike_G","Strike_G","Strike_G","Defend_G","Defend_G","Defend_G","Defend_G","Defend_G","Survivor","Dagger Throw","Dagger Throw","Acrobatics","Blade Dance","Acrobatics","Grand Finale"],"relics":["Ring of the Snake","Centennial Puzzle"],"acts_visited":["Exordium"],"potions_floor_usage":[6,8],"damage_taken":[{"damage":2,"enemies":"Small Slimes","floor":1,"turns":4},{"damage":0,"enemies":"Cultist","floor":3,"turns":3},{"damage":11,"enemies":"Jaw Worm","floor":4,"turns":3},{"damage":35,"enemies":"3 Sentries","floor":6,"turns":10},{"damage":12,"enemies":"2 Fungi Beasts","floor":7,"turns":4},{"damage":67,"enemies":"Gremlin Nob","floor":8,"turns":5}],"seed_played":"134980317417549761","potions_obtained":[{"floor":1,"key":"BlessingOfTheForge"},{"floor":7,"key":"Block Potion"}],"is_trial":false,"path_per_floor":["M","$","M","M","?","E","M","E"],"character_chosen":"THE_SILENT","items_purchased":["Acrobatics","Blade Dance"],"campfire_rested":0,"item_purchase_floors":[2,2],"current_hp_per_floor":[68,68,68,57,70,35,23,0,0],"gold":115,"neow_bonus":"TRANSFORM_CARD","is_daily":false,"chose_seed":false,"campfire_upgraded":0,"win_rate":0.0,"timestamp":1612629082,"path_taken":["M","$","M","M","?","E","?","E"],"items_purchased_type":["Card","Card"],"build_version":"2020-12-22","purchased_purges":0,"victory":false,"max_hp_per_floor":[70,70,70,70,70,70,70,70,70],"relic_stats":{"Centennial Puzzle":[6],"counters":[6,29],"obtain_stats":[{"Centennial Puzzle":6,"Ring of the Snake":0},{"Centennial Puzzle":4,"Ring of the Snake":0},{"Centennial Puzzle":20,"Ring of the Snake":0}],"Ring of the Snake":[12]},"card_choices":[{"not_picked":["Terror","Bane"],"picked":"Dagger Throw","floor":1},{"not_picked":["PiercingWail","Slice"],"picked":"Acrobatics","floor":3},{"not_picked":["Slice","Outmaneuver"],"picked":"Well Laid Plans","floor":4},{"not_picked":["Blade Dance","Outmaneuver"],"picked":"Grand Finale","floor":6},{"not_picked":["Slice","Dagger Spray","Dodge and Roll"],"picked":"SKIP","floor":7}],"player_experience":271499,"relics_obtained":[{"floor":6,"key":"Centennial Puzzle"}],"event_choices":[{"cards_removed":["Well Laid Plans"],"damage_healed":13,"gold_gain":0,"player_choice":"Offered Uncommon","damage_taken":0,"max_hp_gain":0,"max_hp_loss":0,"event_name":"Bonfire Elementals","floor":5,"gold_loss":0}],"is_beta":false,"boss_relics":[],"items_purged_floors":[],"is_endless":false,"potions_floor_spawned":[1,7],"killed_by":"Gremlin Nob","ascension_level":1}}