{"host":"msfr2axb1w9025n0","time":1612587453,"event":{"mods":["BaseMod","Bestiary","Block Reminder","Colored Map","DeckTracker","Minty Spire (QoL Compilation)","Relic Stats","Weighted Paths"],"gold_per_floor":[115,125,136,136,136,169,169,202,202,245,264,298,298,298,298,418,418,436,160,160,173,24,62,62,100,100,124,124,142,167,192,192,313,313,326,345,358,421,164,198,212,253,253,253,288,621,676,42,42,42],"floor_reached":51,"language":"ENG","playtime":2540,"items_purged":["Zap","Dualcast","Defend_B","Strike_B"],"score":1486,"play_id":"a7ccd846-a8c8-43c7-82af-ad6cc0d5ef52","local_time":"20210206115733","is_ascension_mode":true,"campfire_choices":[{"data":"Reprogram","floor":7.0,"key":"SMITH"},{"data":"Beam Cell","floor":13.0,"key":"SMITH"},{"floor":15.0,"key":"REST"},{"data":"Machine Learning","floor":28,"key":"SMITH"},{"data":"Hologram","floor":32,"key":"SMITH"},{"data":"Scrape","floor":44,"key":"SMITH"},{"data":"Reprogram","floor":49,"key":"SMITH"}],"circlet_count":0,"master_deck":["AscendersBane","Strike_B+1","Strike_B","Defend_B","Defend_B","Defend_B","Auto Shields+1","Gash","Gash+1","Reprogram+1","Steam","Beam Cell+1","BootSequence","Sweeping Beam","Machine Learning+1","Rip and Tear","Dark Shackles+1","Genetic Algorithm","Hologram+1","Conserve Battery+1","White Noise+1","Hyperbeam","Rebound+1","Go for the Eyes+1","Scrape+1","Gash","Streamline+1","Streamline","Reprogram+1"],"relics":["Cracked Core","Pocketwatch","Turnip","Kunai","Thread and Needle","Letter Opener","The Courier","Cursed Key","Vajra","Membership Card","Ornamental Fan","HornCleat","Boot","Nuclear Battery","TungstenRod","StrikeDummy","Bag of Preparation","Sundial","Dream Catcher","Whetstone","Mango","Orrery","Potion Belt","War Paint","Shuriken","Bronze Scales","Anchor","Darkstone Periapt"],"acts_visited":["Exordium","TheCity","TheBeyond"],"potions_floor_usage":[23,23,50,50],"damage_taken":[{"damage":2.0,"enemies":"2 Louse","floor":1.0,"turns":2.0},{"damage":1.0,"enemies":"Jaw Worm","floor":2.0,"turns":3.0},{"damage":0.0,"enemies":"Small Slimes","floor":3.0,"turns":3.0},{"damage":14.0,"enemies":"3 Sentries","floor":6.0,"turns":9.0},{"damage":7.0,"enemies":"Lagavulin","floor":8.0,"turns":6.0},{"damage":1.0,"enemies":"3 Sentries","floor":10.0,"turns":8.0},{"damage":2.0,"enemies":"Exordium Thugs","floor":11.0,"turns":4.0},{"damage":10.0,"enemies":"Lagavulin","floor":12.0,"turns":6.0},{"damage":0.0,"enemies":"Hexaghost","floor":16.0,"turns":9.0},{"damage":8.0,"enemies":"Chosen","floor":18.0,"turns":6.0},{"damage":3.0,"enemies":"Shell Parasite","floor":21.0,"turns":5.0},{"damage":8,"enemies":"Slavers","floor":23,"turns":7},{"damage":8,"enemies":"Gremlin Leader","floor":25,"turns":7},{"damage":0,"enemies":"Shelled Parasite and Fungi","floor":27,"turns":4},{"damage":0,"enemies":"Cultist and Chosen","floor":29,"turns":6},{"damage":0,"enemies":"3 Cultists","floor":30,"turns":5},{"damage":0,"enemies":"Centurion and Healer","floor":31,"turns":5},{"damage":21,"enemies":"Automaton","floor":33,"turns":12},{"damage":0,"enemies":"3 Shapes","floor":35,"turns":2},{"damage":0,"enemies":"Orb Walker","floor":36,"turns":4},{"damage":0,"enemies":"Transient","floor":37,"turns":5},{"damage":0,"enemies":"Mind Bloom Boss Battle","floor":38,"turns":8},{"damage":0,"enemies":"Giant Head","floor":40,"turns":7},{"damage":0,"enemies":"Maw","floor":41,"turns":6},{"damage":0,"enemies":"Reptomancer","floor":42,"turns":6},{"damage":0,"enemies":"Nemesis","floor":45,"turns":5},{"damage":4,"enemies":"2 Orb Walkers","floor":47,"turns":4},{"damage":19,"enemies":"Time Eater","floor":50,"turns":9}],"seed_played":"8710553916862352001","potions_obtained":[{"floor":3.0,"key":"AttackPotion"},{"floor":10.0,"key":"FocusPotion"},{"floor":11.0,"key":"Fire Potion"},{"floor":16.0,"key":"EntropicBrew"},{"floor":30,"key":"Fire Potion"},{"floor":38,"key":"EntropicBrew"}],"is_trial":false,"path_per_floor":["M","M","M","?","?","E","R","E","T","E","M","E","R","?","R","B",null,"M","$","?","M","$","E","$","E","T","M","R","M","M","M","R","B",null,"M","M","M","?","$","E","M","E","T","R","E","?","?","$","R","B",null],"character_chosen":"DEFECT","items_purchased":["Vajra","Membership Card","Ornamental Fan","Scrape","StrikeDummy","Bag of Preparation","Streamline","Orrery","Potion Belt","AttackPotion","SteroidPotion","War Paint","Shuriken","Bronze Scales","Anchor","Darkstone Periapt"],"campfire_rested":1,"item_purchase_floors":[19,19,22,39,39,39,48,48,48,48,48,48,48,48,48,48],"current_hp_per_floor":[66,65,65,65,48,34,34,27,27,26,24,14,14,14,34,34,60,52,52,52,49,49,41,41,33,33,33,33,33,33,33,33,12,54,54,54,54,54,54,54,54,54,54,54,54,54,64,64,64,45],"gold":42,"neow_bonus":"ONE_RARE_RELIC","is_daily":false,"chose_seed":false,"campfire_upgraded":6,"win_rate":0.0,"timestamp":1612587453,"path_taken":["M","M","M","?","?","E","R","E","T","E","M","E","R","?","R","BOSS","M","$","?","?","$","E","$","E","T","M","R","M","M","M","R","BOSS","M","M","M","?","$","E","M","E","T","R","E","?","?","$","R","BOSS"],"items_purchased_type":["Relic","Relic","Relic","Card","Relic","Relic","Card","Relic","Relic","Potion","Potion","Relic","Relic","Relic","Relic","Relic"],"build_version":"2020-12-22","purchased_purges":4,"victory":true,"max_hp_per_floor":[68,68,68,68,68,68,68,68,68,68,68,68,68,68,68,68,68,68,68,68,68,68,68,68,68,68,68,68,68,68,68,68,68,68,68,68,68,68,68,68,68,68,68,68,68,68,82,82,82,82],"relic_stats":{"Darkstone Periapt":0,"counters":[28,163],"Bag of Preparation":[12],"Letter Opener":[163],"Whetstone":["Strike_B","Gash"],"War Paint":["Auto Shields","Dark Shackles"],"Cursed Key":0,"Boot":[35],"Dream Catcher":0,"Ornamental Fan":[228],"Sundial":[4],"Shuriken":[5],"Bronze Scales":[30],"Turnip":[6],"Kunai":[64],"obtain_stats":[{"Darkstone Periapt":48,"Vajra":19,"Mango":47,"Bag of Preparation":39,"Whetstone":45,"Cursed Key":17,"Boot":25,"Dream Catcher":42,"HornCleat":23,"Sundial":40,"Kunai":8,"Cracked Core":0,"Potion Belt":48,"Golden Idol":5,"Thread and Needle":9,"The Courier":12,"Letter Opener":10,"War Paint":48,"Nuclear Battery":34,"Anchor":48,"Ornamental Fan":22,"Shuriken":48,"Bronze Scales":48,"Orrery":48,"Turnip":6,"Membership Card":19,"StrikeDummy":39,"TungstenRod":38,"Pocketwatch":0},{"Darkstone Periapt":27,"Vajra":10,"Mango":27,"Bag of Preparation":22,"Whetstone":26,"Cursed Key":9,"Boot":13,"Dream Catcher":25,"HornCleat":12,"Sundial":23,"Kunai":5,"Cracked Core":0,"Potion Belt":27,"Golden Idol":3,"Thread and Needle":5,"The Courier":8,"Letter Opener":6,"War Paint":27,"Nuclear Battery":18,"Anchor":27,"Ornamental Fan":11,"Shuriken":27,"Bronze Scales":27,"Orrery":27,"Turnip":4,"Membership Card":10,"StrikeDummy":22,"TungstenRod":22,"Pocketwatch":0},{"Darkstone Periapt":154,"Vajra":56,"Mango":154,"Bag of Preparation":126,"Whetstone":150,"Cursed Key":50,"Boot":75,"Dream Catcher":145,"HornCleat":68,"Sundial":133,"Kunai":23,"Cracked Core":0,"Potion Belt":154,"Golden Idol":8,"Thread and Needle":23,"The Courier":41,"Letter Opener":31,"War Paint":154,"Nuclear Battery":107,"Anchor":154,"Ornamental Fan":61,"Shuriken":154,"Bronze Scales":154,"Orrery":154,"Turnip":17,"Membership Card":56,"StrikeDummy":126,"TungstenRod":126,"Pocketwatch":0}],"TungstenRod":3,"Pocketwatch":[246]},"card_choices":[{"not_picked":["Stack","Turbo"],"picked":"Auto Shields","floor":1.0},{"not_picked":["Go for the Eyes","Skim"],"picked":"Gash","floor":2.0},{"not_picked":["BootSequence","Compile Driver"],"picked":"Gash","floor":3.0},{"not_picked":["Ball Lightning","Defragment"],"picked":"Reprogram","floor":6.0},{"not_picked":["Redo","Creative AI"],"picked":"Steam","floor":8.0},{"not_picked":["Seek","Compile Driver"],"picked":"Beam Cell","floor":10.0},{"not_picked":["Beam Cell","Redo"],"picked":"BootSequence","floor":11.0},{"not_picked":["Aggregate","Double Energy"],"picked":"Sweeping Beam","floor":12.0},{"not_picked":["Reboot","Echo Form"],"picked":"Machine Learning","floor":16.0},{"not_picked":["Fusion","Ball Lightning"],"picked":"Rip and Tear","floor":18.0},{"not_picked":["Beam Cell","Cold Snap"],"picked":"Genetic Algorithm","floor":21.0},{"not_picked":["Force Field","Glacier"],"picked":"Hologram","floor":23},{"not_picked":["Leap","Compile Driver"],"picked":"Conserve Battery+1","floor":25},{"not_picked":["Sweeping Beam","Multi-Cast","Go for the Eyes"],"picked":"SKIP","floor":27},{"not_picked":["Conserve Battery","Steam"],"picked":"White Noise+1","floor":29},{"not_picked":["Compile Driver","Auto Shields","Thunder Strike"],"picked":"SKIP","floor":30},{"not_picked":["Compile Driver+1","BootSequence+1","Coolheaded"],"picked":"SKIP","floor":31},{"not_picked":["Amplify","Buffer"],"picked":"Hyperbeam","floor":33},{"not_picked":["Steam Power+1","Barrage+1","Rebound+1"],"picked":"SKIP","floor":35},{"not_picked":["Steam Power+1","Barrage+1"],"picked":"Rebound+1","floor":35},{"not_picked":["Force Field","Leap+1"],"picked":"Go for the Eyes+1","floor":36},{"not_picked":["Beam Cell","Double Energy","Cold Snap+1"],"picked":"SKIP","floor":37},{"not_picked":["Machine Learning","Capacitor"],"picked":"Gash","floor":40},{"not_picked":["Scrape+1","Cold Snap","Sweeping Beam"],"picked":"SKIP","floor":41},{"not_picked":["White Noise","Glacier+1","Melter"],"picked":"SKIP","floor":42},{"not_picked":["Consume","Turbo+1","Fusion+1"],"picked":"SKIP","floor":45},{"not_picked":["Cold Snap+1","Go for the Eyes"],"picked":"Streamline+1","floor":47},{"not_picked":["Lockon+1","Sweeping Beam+1"],"picked":"Reprogram","floor":48}],"player_experience":291351,"relics_obtained":[{"floor":6.0,"key":"Turnip"},{"floor":8.0,"key":"Kunai"},{"floor":9.0,"key":"Thread and Needle"},{"floor":10.0,"key":"Letter Opener"},{"floor":12.0,"key":"The Courier"},{"floor":23,"key":"HornCleat"},{"floor":25,"key":"Boot"},{"floor":38,"key":"TungstenRod"},{"floor":40,"key":"Sundial"},{"floor":42,"key":"Dream Catcher"},{"floor":45,"key":"Whetstone"},{"floor":47,"key":"Mango"}],"event_choices":[{"cards_removed":["Strike_B"],"damage_healed":0.0,"max_hp_gain":0.0,"max_hp_loss":0.0,"gold_gain":0.0,"event_name":"Living Wall","player_choice":"Forget","floor":4.0,"gold_loss":0.0,"damage_taken":0.0},{"damage_healed":0.0,"max_hp_gain":0.0,"max_hp_loss":0.0,"gold_gain":0.0,"event_name":"Golden Idol","player_choice":"Take Damage","floor":5.0,"gold_loss":0.0,"damage_taken":17.0,"relics_obtained":["Golden Idol"]},{"damage_healed":0.0,"max_hp_gain":0.0,"max_hp_loss":0.0,"gold_gain":0.0,"event_name":"Match and Keep!","player_choice":"0 cards matched","floor":14.0,"gold_loss":0.0,"damage_taken":0.0,"cards_obtained":[]},{"damage_healed":0.0,"max_hp_gain":0.0,"max_hp_loss":0.0,"gold_gain":0.0,"event_name":"Match and Keep!","player_choice":"1 cards matched","floor":20.0,"gold_loss":0.0,"damage_taken":0.0,"cards_obtained":["Dark Shackles"]},{"damage_healed":0,"gold_gain":0,"player_choice":"Fight","damage_taken":0,"max_hp_gain":0,"max_hp_loss":0,"event_name":"MindBloom","floor":38,"gold_loss":0},{"damage_healed":0,"gold_gain":333,"player_choice":"Gave Idol","damage_taken":0,"max_hp_gain":0,"max_hp_loss":0,"event_name":"The Moai Head","floor":46,"relics_lost":["Golden Idol"],"gold_loss":0},{"damage_healed":0,"gold_gain":0,"player_choice":"Fight","damage_taken":0,"max_hp_gain":0,"max_hp_loss":0,"event_name":"Mysterious Sphere","floor":47,"gold_loss":0}],"is_beta":false,"boss_relics":[{"not_picked":["Runic Pyramid","Runic Dome"],"picked":"Cursed Key"},{"not_picked":["Sozu","Fusion Hammer"],"picked":"Nuclear Battery"}],"items_purged_floors":[19,22,39,48],"is_endless":false,"potions_floor_spawned":[3,10,11,12,16,21,27,30,36,37,38,41],"ascension_level":11}}