{"host":"gaqyve1328ta0etl","time":1612574501,"event":{"mods":["BaseMod","Colored Map","Colored Powertips","Duelist Mod","Googly Eyes","Hero for Fun","Minty Spire (QoL Compilation)","Shop Mod","StSLib","SuperFastMode","The Hierophant","The Runesmith"],"gold_per_floor":[119,21,33,51,51,82,82,105,105,123,123,123,123,138,138,240,240,250,265,10,21,39,39,50,63,63,82,101,119,23,23,23,23,23],"floor_reached":33,"language":"ENG","playtime":1538,"items_purged":["Strike_G","Strike_G"],"score":405,"play_id":"b8c7009c-de1e-4bee-95d1-97912dce50eb","local_time":"20210205172141","is_ascension_mode":true,"campfire_choices":[{"floor":7.0,"key":"REST"},{"data":"After Image","floor":11.0,"key":"SMITH"},{"data":"Neutralize","floor":13.0,"key":"SMITH"},{"data":"Skewer","floor":15.0,"key":"SMITH"},{"floor":23,"key":"REST"},{"floor":32,"key":"REST"}],"circlet_count":0,"master_deck":["AscendersBane","Strike_G","Strike_G","Defend_G","Defend_G","Defend_G","Defend_G","Defend_G","Survivor","Neutralize+1","Skewer+1","Backflip","Dagger Throw","Flying Knee","After Image+1","Backflip","Slice","After Image","Flying Knee","Tools of the Trade","Underhanded Strike","Deflect+1"],"relics":["Ring of the Snake","Runesmith:AutoHammer","CaptainsWheel","Bag of Preparation","Happy Flower","HoveringKite","PreservedInsect","Runesmith:Nanobots","Toy Ornithopter"],"acts_visited":["Exordium","TheCity"],"potions_floor_usage":[22,25,29,33],"damage_taken":[{"damage":2.0,"enemies":"Small Slimes","floor":1.0,"turns":4.0},{"damage":0.0,"enemies":"Jaw Worm","floor":3.0,"turns":5.0},{"damage":0.0,"enemies":"Cultist","floor":4.0,"turns":3.0},{"damage":17.0,"enemies":"3 Sentries","floor":6.0,"turns":10.0},{"damage":1.0,"enemies":"Large Slime","floor":10.0,"turns":6.0},{"damage":3.0,"enemies":"Gremlin Gang","floor":14.0,"turns":7.0},{"damage":2.0,"enemies":"The Guardian","floor":16.0,"turns":9.0},{"damage":0.0,"enemies":"Shell Parasite","floor":18.0,"turns":6.0},{"damage":0.0,"enemies":"Spheric Guardian","floor":19.0,"turns":4.0},{"damage":30.0,"enemies":"Centurion and Healer","floor":21.0,"turns":14.0},{"damage":0,"enemies":"Shelled Parasite and Fungi","floor":22,"turns":8},{"damage":5,"enemies":"Chosen and Byrds","floor":24,"turns":7},{"damage":16,"enemies":"Snake Plant","floor":25,"turns":6},{"damage":12,"enemies":"Centurion and Healer","floor":27,"turns":8},{"damage":0,"enemies":"Cultist and Chosen","floor":28,"turns":6},{"damage":0,"enemies":"Sentry and Sphere","floor":29,"turns":5},{"damage":60,"enemies":"Automaton","floor":33,"turns":16}],"seed_played":"-4175788137223911288","potions_obtained":[{"floor":4.0,"key":"Energy Potion"},{"floor":10.0,"key":"Ancient Potion"},{"floor":12.0,"key":"Energy Potion"},{"floor":14.0,"key":"CultistPotion"},{"floor":16.0,"key":"CunningPotion"},{"floor":21.0,"key":"PowerPotion"},{"floor":24,"key":"GamblersBrew"},{"floor":28,"key":"Swift Potion"},{"floor":29,"key":"FearPotion"}],"is_trial":false,"path_per_floor":["M","$","M","M","?","E","R","T","T","M","R","?","R","M","R","B",null,"M","M","$","M","M","R","M","M","T","M","M","M","?","$","R","B"],"character_chosen":"THE_SILENT","items_purchased":["Backflip","PreservedInsect"],"campfire_rested":3,"item_purchase_floors":[2,20],"current_hp_per_floor":[61,61,61,61,54,37,58,58,58,57,57,57,57,54,54,52,66,66,66,66,36,36,57,52,36,36,24,24,24,24,24,45,0,0],"gold":23,"neow_bonus":"REMOVE_CARD","is_daily":false,"chose_seed":false,"campfire_upgraded":3,"win_rate":0.0,"timestamp":1612574501,"path_taken":["M","$","M","M","?","E","R","?","T","?","R","?","R","M","R","BOSS","M","M","$","M","M","R","M","?","T","M","M","M","?","$","R","BOSS"],"items_purchased_type":["Card","Relic"],"build_version":"2020-12-22","purchased_purges":2,"victory":false,"max_hp_per_floor":[70,70,70,70,70,70,70,70,70,70,70,70,70,70,70,70,70,70,70,70,70,70,70,70,70,70,70,70,70,70,70,70,70,70],"card_choices":[{"not_picked":["Acrobatics","Outmaneuver"],"picked":"Skewer","floor":1.0},{"not_picked":["Accuracy","Setup"],"picked":"Dagger Throw","floor":3.0},{"not_picked":["Blade Dance","Escape Plan"],"picked":"Flying Knee","floor":4.0},{"not_picked":["All Out Attack","Blade Dance"],"picked":"After Image","floor":6.0},{"not_picked":["Blade Dance","Prepared"],"picked":"Backflip","floor":10.0},{"not_picked":["Concentrate","Deflect"],"picked":"Slice","floor":14.0},{"not_picked":["Glass Knife","Phantasmal Killer"],"picked":"After Image","floor":16.0},{"not_picked":["Acrobatics","Dagger Spray","Prepared"],"picked":"SKIP","floor":18.0},{"not_picked":["Dash","Setup","Prepared"],"picked":"SKIP","floor":19.0},{"not_picked":["Underhanded Strike","Eviscerate","Backflip+1"],"picked":"SKIP","floor":21.0},{"not_picked":["Skewer","Underhanded Strike"],"picked":"Flying Knee","floor":22},{"not_picked":["Outmaneuver","Distraction"],"picked":"Tools of the Trade","floor":24},{"not_picked":["Dagger Spray","Deadly Poison"],"picked":"Underhanded Strike","floor":25},{"not_picked":["Setup","Dodge and Roll","Quick Slash"],"picked":"SKIP","floor":27},{"not_picked":["Distraction","Masterful Stab"],"picked":"Deflect+1","floor":28},{"not_picked":["Riddle With Holes+1","Outmaneuver+1","Dodge and Roll"],"picked":"SKIP","floor":29}],"player_experience":2079256,"relics_obtained":[{"floor":6.0,"key":"CaptainsWheel"},{"floor":8.0,"key":"Bag of Preparation"},{"floor":9.0,"key":"Happy Flower"},{"floor":26,"key":"Runesmith:Nanobots"}],"event_choices":[{"damage_healed":0.0,"max_hp_gain":0.0,"max_hp_loss":0.0,"gold_gain":0.0,"event_name":"Scrap Ooze","player_choice":"Success","floor":5.0,"gold_loss":0.0,"damage_taken":7.0,"relics_obtained":["Runesmith:AutoHammer"]},{"damage_healed":0.0,"max_hp_gain":0.0,"max_hp_loss":0.0,"gold_gain":0.0,"event_name":"Lab","player_choice":"Got Potions","floor":12.0,"gold_loss":0.0,"damage_taken":0.0},{"damage_healed":0,"gold_gain":0,"player_choice":"Paid Gold","damage_taken":0,"relics_obtained":["Toy Ornithopter"],"max_hp_gain":0,"max_hp_loss":0,"event_name":"WeMeetAgain","floor":30,"gold_loss":96}],"is_beta":false,"boss_relics":[{"not_picked":["Coffee Dripper","Runesmith:UraniumAnvil"],"picked":"HoveringKite"}],"items_purged_floors":[2,20],"is_endless":false,"potions_floor_spawned":[4,10,14,16,18,21,24,28,29],"killed_by":"Automaton","ascension_level":12}}