{"host":"08yfhu6uhosdn245","time":1612581134,"event":{"mods":["2.2 Compatiblity","BaseMod","Bestiary","Colored Map","Colored Powertips","Curses Come First","Highlight Path","Minty Spire (QoL Compilation)","Quick Restart","Relic Stats","StSLib"],"gold_per_floor":[114,64,64,64,83,114,114,134,157,181,31,50,83,12,12,109,109,119,74,88,105,375,375,394,425,498,527,539,559,559,592,592,687,687,703,512,529,539,499,524,543,568,640,670,694,724,736,524,524,524,524,524,20,50,50],"floor_reached":56,"language":"ENG","playtime":3449,"items_purged":["Strike_P","Strike_P","Strike_P"],"score":1746,"play_id":"a73d5c24-8351-4fcc-9da4-2b9e290c680f","local_time":"20210205221214","is_ascension_mode":true,"campfire_choices":[{"data":"ThirdEye","floor":7,"key":"SMITH"},{"data":"Ragnarok","floor":15,"key":"SMITH"},{"data":"Vault","floor":23,"key":"SMITH"},{"data":"Alpha","floor":32,"key":"SMITH"},{"floor":47,"key":"RECALL"},{"data":"Evaluate","floor":49,"key":"SMITH"},{"data":"WreathOfFlame","floor":52,"key":"SMITH"}],"circlet_count":0,"master_deck":["Defend_P","Defend_P","Defend_P","Defend_P","Eruption","Vigilance","FlyingSleeves","SashWhip","ThirdEye+1","CutThroughFate","WheelKick+1","CutThroughFate","Ragnarok+1","Vault+1","Evaluate+1","Protect","WreathOfFlame+1","Evaluate","Alpha+1","Crescendo+1","EmptyFist+1","Omniscience","Collect+1","EmptyMind+1","TalkToTheHand+1","Study","Swivel","SandsOfTime","Weave+1","LikeWater+1","Apotheosis","Fasting2","Scrawl","DeusExMachina"],"relics":["PureWater","NeowsBlessing","Vajra","Blood Vial","MealTicket","Art of War","Anchor","Bronze Scales","Snecko Eye","Potion Belt","Orichalcum","Bottled Lightning","SlaversCollar","Membership Card","TeardropLocket","Akabeko","Bottled Tornado","MawBank","Strawberry","Whetstone","Toolbox","Blue Candle","Thread and Needle"],"acts_visited":["Exordium","TheCity","TheBeyond","TheEnding"],"potions_floor_usage":[16,31,33,33,38,41,50,50,55,55,55,55],"damage_taken":[{"damage":0,"enemies":"2 Louse","floor":1,"turns":2},{"damage":0,"enemies":"Small Slimes","floor":5,"turns":2},{"damage":0,"enemies":"Lagavulin","floor":6,"turns":1},{"damage":0,"enemies":"Cultist","floor":8,"turns":3},{"damage":0,"enemies":"Exordium Wildlife","floor":12,"turns":2},{"damage":16,"enemies":"3 Sentries","floor":13,"turns":8},{"damage":29,"enemies":"The Guardian","floor":16,"turns":9},{"damage":0,"enemies":"Chosen","floor":18,"turns":2},{"damage":0,"enemies":"Shell Parasite","floor":20,"turns":3},{"damage":0,"enemies":"Cultist and Chosen","floor":21,"turns":4},{"damage":3,"enemies":"Shelled Parasite and Fungi","floor":24,"turns":4},{"damage":0,"enemies":"Book of Stabbing","floor":25,"turns":2},{"damage":0,"enemies":"Gremlin Leader","floor":27,"turns":4},{"damage":0,"enemies":"Snake Plant","floor":28,"turns":2},{"damage":0,"enemies":"Snecko","floor":29,"turns":2},{"damage":0,"enemies":"Book of Stabbing","floor":31,"turns":2},{"damage":1,"enemies":"Automaton","floor":33,"turns":5},{"damage":0,"enemies":"3 Darklings","floor":35,"turns":3},{"damage":0,"enemies":"Orb Walker","floor":37,"turns":2},{"damage":5,"enemies":"3 Darklings","floor":38,"turns":3},{"damage":0,"enemies":"Nemesis","floor":40,"turns":2},{"damage":6,"enemies":"Jaw Worm Horde","floor":41,"turns":3},{"damage":0,"enemies":"Reptomancer","floor":42,"turns":3},{"damage":1,"enemies":"Nemesis","floor":44,"turns":4},{"damage":8,"enemies":"4 Shapes","floor":45,"turns":4},{"damage":0,"enemies":"Maw","floor":46,"turns":7},{"damage":17,"enemies":"Donu and Deca","floor":50,"turns":6},{"damage":0,"enemies":"Shield and Spear","floor":54,"turns":3},{"damage":50,"enemies":"The Heart","floor":55,"turns":6}],"seed_played":"1132409781723641936","potions_obtained":[{"floor":6,"key":"Fire Potion"},{"floor":8,"key":"AttackPotion"},{"floor":13,"key":"BottledMiracle"},{"floor":16,"key":"BottledMiracle"},{"floor":27,"key":"ColorlessPotion"},{"floor":31,"key":"Explosive Potion"},{"floor":33,"key":"Strength Potion"},{"floor":37,"key":"StancePotion"},{"floor":39,"key":"Strength Potion"},{"floor":39,"key":"Fire Potion"},{"floor":42,"key":"BottledMiracle"},{"floor":46,"key":"AttackPotion"}],"is_trial":false,"path_per_floor":["M","?","$","?","M","E","R","M","T","T","$","M","E","$","R","B",null,"M","$","M","M","?","R","M","E","T","E","M","M","?","E","R","B",null,"M","$","M","M","?","E","M","E","T","E","M","M","R","$","R","B",null,"R","$","E","B",null],"character_chosen":"WATCHER","items_purchased":["Anchor","Ragnarok","Evaluate","Membership Card","Strawberry","Apotheosis","Whetstone","Fasting2","Scrawl","Toolbox","Block Potion","Strength Potion","Blue Candle"],"campfire_rested":0,"item_purchase_floors":[11,14,19,36,48,48,53,53,53,53,53,53,53],"current_hp_per_floor":[72,72,72,72,72,72,72,72,72,72,72,72,56,71,71,43,65,67,72,72,72,45,45,44,46,46,48,50,52,72,72,72,71,72,72,72,72,67,67,69,65,67,67,68,62,64,64,79,79,62,75,75,79,79,29],"gold":50,"neow_bonus":"THREE_ENEMY_KILL","is_daily":false,"chose_seed":false,"campfire_upgraded":6,"win_rate":0.0,"timestamp":1612581134,"path_taken":["M","?","$","?","?","E","R","M","T","?","?","M","E","$","R","BOSS","M","$","M","M","?","R","?","E","T","E","M","M","?","E","R","BOSS","M","$","M","M","?","E","M","E","T","E","M","M","R","?","R","BOSS","R","$","E","BOSS"],"items_purchased_type":["Relic","Card","Card","Relic","Relic","Card","Relic","Card","Card","Relic","Potion","Potion","Relic"],"build_version":"2020-12-22","purchased_purges":3,"victory":true,"max_hp_per_floor":[72,72,72,72,72,72,72,72,72,72,72,72,72,72,72,72,72,72,72,72,72,72,72,72,72,72,72,72,72,72,72,72,72,72,72,72,72,72,72,72,72,72,72,72,72,72,72,79,79,79,79,79,79,79,79],"relic_stats":{"Blood Vial":25,"counters":[29,103],"Bronze Scales":[180],"Blue Candle":[0],"Snecko Eye":[170,142,161,146],"MealTicket":32,"Art of War":[5],"Whetstone":["WheelKick","EmptyFist"],"Orichalcum":[18],"MawBank":48,"obtain_stats":[{"Potion Belt":25,"NeowsBlessing":0,"Blue Candle":53,"Vajra":4,"Thread and Needle":54,"TeardropLocket":40,"Whetstone":53,"Orichalcum":27,"Bottled Tornado":43,"MawBank":44,"Akabeko":42,"Blood Vial":6,"SlaversCollar":34,"Anchor":11,"Bronze Scales":13,"Strawberry":48,"Snecko Eye":17,"Toolbox":53,"MealTicket":9,"Art of War":10,"Bottled Lightning":31,"Membership Card":36,"PureWater":0},{"Potion Belt":12,"NeowsBlessing":0,"Blue Candle":27,"Vajra":1,"Thread and Needle":28,"TeardropLocket":21,"Whetstone":27,"Orichalcum":13,"Bottled Tornado":23,"MawBank":24,"Akabeko":23,"Blood Vial":3,"SlaversCollar":17,"Anchor":4,"Bronze Scales":6,"Strawberry":26,"Snecko Eye":7,"Toolbox":27,"MealTicket":4,"Art of War":4,"Bottled Lightning":16,"Membership Card":18,"PureWater":0},{"Potion Belt":42,"NeowsBlessing":0,"Blue Candle":94,"Vajra":2,"Thread and Needle":97,"TeardropLocket":67,"Whetstone":94,"Orichalcum":46,"Bottled Tornado":73,"MawBank":77,"Akabeko":73,"Blood Vial":5,"SlaversCollar":57,"Anchor":8,"Bronze Scales":18,"Strawberry":88,"Snecko Eye":27,"Toolbox":94,"MealTicket":8,"Art of War":8,"Bottled Lightning":52,"Membership Card":60,"PureWater":0}]},"card_choices":[{"not_picked":["CutThroughFate","ReachHeaven"],"picked":"FlyingSleeves","floor":1},{"not_picked":["Worship","EmptyMind"],"picked":"SashWhip","floor":5},{"not_picked":["Crescendo","ConjureBlade"],"picked":"ThirdEye","floor":6},{"not_picked":["InnerPeace","Halt"],"picked":"CutThroughFate","floor":8},{"not_picked":["FollowUp","SashWhip"],"picked":"WheelKick","floor":12},{"not_picked":["Consecrate","SashWhip"],"picked":"CutThroughFate","floor":13},{"not_picked":["Ragnarok","Devotion"],"picked":"Vault","floor":16},{"not_picked":["CrushJoints","Study","PathToVictory"],"picked":"SKIP","floor":18},{"not_picked":["CrushJoints","Halt+1","Vengeance+1"],"picked":"SKIP","floor":20},{"not_picked":["WaveOfTheHand","Worship","PathToVictory"],"picked":"SKIP","floor":21},{"not_picked":["CrushJoints","Adaptation"],"picked":"Protect","floor":24},{"not_picked":["BowlingBash+1","PathToVictory"],"picked":"WreathOfFlame","floor":25},{"not_picked":["FlyingSleeves","Halt"],"picked":"Evaluate","floor":27},{"not_picked":["SashWhip","Prostrate+1"],"picked":"Alpha","floor":28},{"not_picked":["Collect+1","EmptyBody"],"picked":"Crescendo+1","floor":29},{"not_picked":["SashWhip","BowlingBash"],"picked":"EmptyFist","floor":31},{"not_picked":["MasterReality","ConjureBlade"],"picked":"Omniscience","floor":33},{"not_picked":["FlurryOfBlows","Evaluate"],"picked":"Collect+1","floor":35},{"not_picked":["DeceiveReality","FlurryOfBlows"],"picked":"EmptyMind+1","floor":37},{"not_picked":["Prostrate+1","JustLucky"],"picked":"TalkToTheHand+1","floor":38},{"not_picked":["CrushJoints+1","ClearTheMind","ConjureBlade"],"picked":"SKIP","floor":40},{"not_picked":["FlyingSleeves","FlurryOfBlows"],"picked":"Study","floor":41},{"not_picked":["Wireheading","EmptyFist+1"],"picked":"Swivel","floor":42},{"not_picked":["FollowUp","Protect+1"],"picked":"SandsOfTime","floor":44},{"not_picked":["FlyingSleeves","Vengeance"],"picked":"Weave+1","floor":45},{"not_picked":["FlurryOfBlows+1","EmptyBody"],"picked":"LikeWater+1","floor":46},{"not_picked":["Meditate","EmptyFist"],"picked":"DeusExMachina","floor":54}],"player_experience":367907,"relics_obtained":[{"floor":4,"key":"Vajra"},{"floor":6,"key":"Blood Vial"},{"floor":9,"key":"MealTicket"},{"floor":10,"key":"Art of War"},{"floor":13,"key":"Bronze Scales"},{"floor":25,"key":"Potion Belt"},{"floor":27,"key":"Orichalcum"},{"floor":31,"key":"Bottled Lightning"},{"floor":40,"key":"TeardropLocket"},{"floor":42,"key":"Akabeko"},{"floor":43,"key":"Bottled Tornado"},{"floor":44,"key":"MawBank"},{"floor":54,"key":"Thread and Needle"}],"event_choices":[{"cards_removed":["Strike_P"],"damage_healed":0,"gold_gain":0,"player_choice":"Card Removal","damage_taken":0,"max_hp_gain":0,"max_hp_loss":0,"event_name":"The Cleric","floor":2,"gold_loss":50},{"damage_healed":0,"gold_gain":0,"player_choice":"Relic","damage_taken":0,"max_hp_gain":0,"max_hp_loss":0,"event_name":"Wheel of Change","floor":4,"gold_loss":0},{"damage_healed":0,"gold_gain":270,"player_choice":"GOLD GOLD GOLD ","damage_taken":27,"max_hp_gain":0,"max_hp_loss":0,"event_name":"Knowing Skull","floor":22,"potions_obtained":[],"gold_loss":0,"cards_obtained":[]},{"damage_healed":24,"gold_gain":0,"player_choice":"Heal","damage_taken":0,"max_hp_gain":0,"max_hp_loss":0,"event_name":"The Library","floor":30,"gold_loss":0},{"damage_healed":0,"gold_gain":0,"player_choice":"Bought 3 Potions","damage_taken":0,"max_hp_gain":0,"max_hp_loss":0,"event_name":"The Woman in Blue","floor":39,"gold_loss":0}],"is_beta":false,"boss_relics":[{"not_picked":["Philosopher\u0027s Stone","Runic Dome"],"picked":"Snecko Eye"},{"not_picked":["Sozu","Black Star"],"picked":"SlaversCollar"}],"items_purged_floors":[36,48,53],"is_endless":false,"potions_floor_spawned":[6,8,13,16,20,24,27,31,33,37,42,45,46],"ascension_level":5}}