{"host":"8vrmceg1p8ljousa","time":1612627549,"event":{"mods":["BaseMod","Highlight Path","Minty Spire (QoL Compilation)","StSLib","The Cursed"],"gold_per_floor":[113,113,113,25,39,69,85,85,85,96,109,127,160,174,174,278,278,295,135,150,75,150,175,175,187,238,254,254,254,284,141,141,245,245,263,263,283,302,302,302,24,24,24,44,44,58,58,68,68,68,68,68,68,102,102],"floor_reached":56,"language":"ENG","playtime":2412,"items_purged":["TheCursedMod:Strike_TheCursed"],"score":1424,"play_id":"6a81b529-f545-4d5e-bb15-50158c3f2b7a","local_time":"20210206180549","is_ascension_mode":true,"campfire_choices":[{"data":"TheCursedMod:LuckyCharm","floor":8,"key":"SMITH"},{"data":"TheCursedMod:CursedMace","floor":15,"key":"SMITH"},{"data":"TheCursedMod:VoidForm","floor":24,"key":"SMITH"},{"data":"TheCursedMod:CollectTribute","floor":29,"key":"SMITH"},{"floor":32,"key":"REST"},{"data":"TheCursedMod:DemonicPact","floor":40,"key":"SMITH"},{"data":"TheCursedMod:DarkBarrier","floor":42,"key":"SMITH"},{"floor":47,"key":"RECALL"},{"floor":49,"key":"REST"},{"data":"TheCursedMod:ForbiddenAlchemy","floor":52,"key":"SMITH"}],"circlet_count":0,"master_deck":["TheCursedMod:Strike_TheCursed","TheCursedMod:Strike_TheCursed","TheCursedMod:Defend_TheCursed","TheCursedMod:Defend_TheCursed","TheCursedMod:Defend_TheCursed","TheCursedMod:Defend_TheCursed","TheCursedMod:CursedWand","TheCursedMod:CleanUpWorkshop","TheCursedMod:Dregs","TheCursedMod:CursedMace+1","TheCursedMod:CursedSpellbook","TheCursedMod:LuckyCharm+1","TheCursedMod:RapidMovement","TheCursedMod:AbyssShockwave","TheCursedMod:SmokeScreen","TheCursedMod:LuckyCharm","TheCursedMod:CursedAmulet","TheCursedMod:SpitefulStrike","TheCursedMod:CollectTribute+1","TheCursedMod:DemonicPact+1","TheCursedMod:TacticalStrike","TheCursedMod:VoidForm+1","TheCursedMod:CursedShiv","TheCursedMod:HellfireBreathing","TheCursedMod:WearCloak","TheCursedMod:StunningStrike","TheCursedMod:CursedShiv","TheCursedMod:VoidForm+1","TheCursedMod:DemonSword","TheCursedMod:ForbiddenAlchemy+1","TheCursedMod:ReleasedKnowledge+1","TheCursedMod:DarkBarrier+1","TheCursedMod:SpitefulPray","TheCursedMod:ShockAndAwe","TheCursedMod:CursedBoomerang+1","TheCursedMod:CursedArmor+1"],"relics":["TheCursedMod:BlackMagic101","NeowsBlessing","Girya","Mummified Hand","Lantern","Black Star","Bronze Scales","Omamori","Dream Catcher","MawBank","Strawberry","DollysMirror","TheCursedMod:OminousMark","Potion Belt","HornCleat","Boot"],"acts_visited":["Exordium","TheCity","TheBeyond","TheEnding"],"potions_floor_usage":[23,25,35,37,38,38,44,44,44,48,48,48,48,50,50,50,50,50,50,50,50,50,50,50,55,55,55,55,55,55,55],"damage_taken":[{"damage":0,"enemies":"Small Slimes","floor":1,"turns":1},{"damage":0,"enemies":"Cultist","floor":5,"turns":1},{"damage":0,"enemies":"Gremlin Nob","floor":6,"turns":1},{"damage":0,"enemies":"2 Louse","floor":7,"turns":2},{"damage":0,"enemies":"Gremlin Gang","floor":10,"turns":1},{"damage":4,"enemies":"Looter","floor":11,"turns":3},{"damage":5,"enemies":"Large Slime","floor":12,"turns":9},{"damage":4,"enemies":"Lagavulin","floor":13,"turns":8},{"damage":15,"enemies":"Gremlin Gang","floor":14,"turns":4},{"damage":18,"enemies":"Hexaghost","floor":16,"turns":14},{"damage":0,"enemies":"Spheric Guardian","floor":18,"turns":4},{"damage":4,"enemies":"Shell Parasite","floor":20,"turns":5},{"damage":16,"enemies":"Book of Stabbing","floor":23,"turns":6},{"damage":12,"enemies":"3 Cultists","floor":25,"turns":5},{"damage":10,"enemies":"Snecko","floor":27,"turns":5},{"damage":9,"enemies":"Gremlin Leader","floor":30,"turns":6},{"damage":53,"enemies":"Collector","floor":33,"turns":6},{"damage":26,"enemies":"3 Shapes","floor":35,"turns":5},{"damage":9,"enemies":"Orb Walker","floor":37,"turns":3},{"damage":35,"enemies":"4 Shapes","floor":38,"turns":4},{"damage":2,"enemies":"Jaw Worm Horde","floor":44,"turns":3},{"damage":11,"enemies":"3 Darklings","floor":46,"turns":4},{"damage":13,"enemies":"Transient","floor":48,"turns":5},{"damage":12,"enemies":"Time Eater","floor":50,"turns":8},{"damage":0,"enemies":"Shield and Spear","floor":54,"turns":4},{"damage":59,"enemies":"The Heart","floor":55,"turns":9}],"seed_played":"-4610995244858965246","potions_obtained":[{"floor":7,"key":"Fire Potion"},{"floor":12,"key":"PowerPotion"},{"floor":13,"key":"DuplicationPotion"},{"floor":23,"key":"PowerPotion"},{"floor":33,"key":"Dexterity Potion"},{"floor":48,"key":"AttackPotion"},{"floor":54,"key":"TheCursedMod:DregsPotion"}],"is_trial":false,"path_per_floor":["M","$","?","$","M","E","M","R","T","M","M","M","E","M","R","B",null,"M","$","M","$","?","E","R","M","T","M","?","R","E","$","R","B",null,"M","$","M","M","?","R","$","R","T","M","?","M","R","M","R","B",null,"R","$","E","B",null],"character_chosen":"THE_CURSED","items_purchased":["TheCursedMod:LuckyCharm","TheCursedMod:RapidMovement","TheCursedMod:VoidForm","TheCursedMod:CursedShiv","DollysMirror","Potion Belt","TheCursedMod:DarkBarrier"],"campfire_rested":2,"item_purchase_floors":[4,4,19,19,31,41,41],"current_hp_per_floor":[75,75,75,75,75,75,75,75,75,75,71,66,62,47,47,29,75,75,75,71,71,64,48,48,36,36,26,51,51,49,49,73,20,82,56,56,47,12,72,72,72,72,72,70,70,59,59,46,67,55,72,72,72,72,13],"gold":102,"neow_bonus":"THREE_ENEMY_KILL","is_daily":false,"chose_seed":false,"campfire_upgraded":7,"win_rate":0.0,"timestamp":1612627549,"path_taken":["M","$","?","$","M","E","M","R","T","M","M","M","E","?","R","BOSS","M","$","M","$","?","E","R","M","T","?","?","R","E","$","R","BOSS","M","$","M","M","?","R","$","R","T","M","?","M","R","M","R","BOSS","R","$","E","BOSS"],"items_purchased_type":["Card","Card","Card","Card","Relic","Relic","Card"],"build_version":"2020-12-22","purchased_purges":1,"victory":true,"max_hp_per_floor":[75,75,75,75,75,75,75,75,75,75,75,75,75,75,75,75,75,75,75,75,75,75,75,75,75,75,75,75,75,82,82,82,82,82,82,82,82,82,72,72,72,72,72,72,72,72,72,72,72,72,72,72,72,72,72],"card_choices":[{"not_picked":["TheCursedMod:SurpriseAttack","TheCursedMod:TroublousMinions"],"picked":"TheCursedMod:CursedMace","floor":1},{"not_picked":["TheCursedMod:Obscuration","TheCursedMod:ManaBullet"],"picked":"TheCursedMod:AbyssShockwave","floor":5},{"not_picked":["TheCursedMod:SurpriseAttack","TheCursedMod:Mangle","TheCursedMod:ReleasedKnowledge"],"picked":"SKIP","floor":6},{"not_picked":["TheCursedMod:CircleOfCorruption","TheCursedMod:RavingStaff"],"picked":"TheCursedMod:SmokeScreen","floor":7},{"not_picked":["TheCursedMod:Torture","TheCursedMod:Stigma"],"picked":"TheCursedMod:LuckyCharm","floor":10},{"not_picked":["TheCursedMod:CursedArmor","TheCursedMod:CursedBlade"],"picked":"TheCursedMod:CursedAmulet","floor":11},{"not_picked":["TheCursedMod:Wield","TheCursedMod:CursedMace"],"picked":"TheCursedMod:SpitefulStrike","floor":12},{"not_picked":["TheCursedMod:RapidMovement","TheCursedMod:CursedBlade"],"picked":"TheCursedMod:CollectTribute","floor":13},{"not_picked":["TheCursedMod:SurpriseAttack","TheCursedMod:FleshFromBone","TheCursedMod:TroublousMinions"],"picked":"SKIP","floor":14},{"not_picked":["TheCursedMod:AntiAging","TheCursedMod:ParallelWorld"],"picked":"TheCursedMod:DemonicPact","floor":16},{"not_picked":["TheCursedMod:SurpriseAttack","TheCursedMod:RavingStaff"],"picked":"TheCursedMod:TacticalStrike","floor":18},{"not_picked":["TheCursedMod:FleshFromBone","TheCursedMod:Wield"],"picked":"TheCursedMod:HellfireBreathing","floor":20},{"not_picked":["TheCursedMod:StingEye","TheCursedMod:CursedMace+1"],"picked":"TheCursedMod:WearCloak","floor":23},{"not_picked":["TheCursedMod:RapidMovement","TheCursedMod:SpitefulStrike","TheCursedMod:CircleOfFlame"],"picked":"SKIP","floor":25},{"not_picked":["TheCursedMod:CursedShiv+1","TheCursedMod:WearCloak"],"picked":"TheCursedMod:StunningStrike","floor":27},{"not_picked":["TheCursedMod:SmokeScreen","TheCursedMod:WearCloak"],"picked":"TheCursedMod:CursedShiv","floor":30},{"not_picked":["TheCursedMod:ReleasedKnowledge","TheCursedMod:SoulCrush+1"],"picked":"TheCursedMod:DemonSword","floor":32},{"not_picked":["TheCursedMod:DemonicPact","TheCursedMod:UltimatePain"],"picked":"TheCursedMod:ForbiddenAlchemy","floor":33},{"not_picked":["TheCursedMod:Hemoplague","TheCursedMod:LuckyCharm+1","TheCursedMod:Stretching"],"picked":"SKIP","floor":35},{"not_picked":["TheCursedMod:AbyssShockwave","TheCursedMod:Wield"],"picked":"TheCursedMod:ReleasedKnowledge+1","floor":37},{"not_picked":["TheCursedMod:AbyssShockwave+1","TheCursedMod:CursedAmulet","TheCursedMod:HellfireBreathing"],"picked":"SKIP","floor":38},{"not_picked":["TheCursedMod:CursedArmor","TheCursedMod:HellsGateOpen+1"],"picked":"TheCursedMod:SpitefulPray","floor":44},{"not_picked":["TheCursedMod:CursedShiv","TheCursedMod:WearCloak","TheCursedMod:StingEye+1"],"picked":"SKIP","floor":46},{"not_picked":["TheCursedMod:AshesToAshes","TheCursedMod:BloodBarrier"],"picked":"TheCursedMod:CursedBoomerang+1","floor":48},{"not_picked":["TheCursedMod:RavingStaff+1","TheCursedMod:Stretching+1"],"picked":"TheCursedMod:CursedArmor+1","floor":54}],"player_experience":82792,"relics_obtained":[{"floor":6,"key":"Girya"},{"floor":9,"key":"Mummified Hand"},{"floor":13,"key":"Lantern"},{"floor":23,"key":"Bronze Scales"},{"floor":23,"key":"Omamori"},{"floor":26,"key":"Dream Catcher"},{"floor":30,"key":"MawBank"},{"floor":30,"key":"Strawberry"},{"floor":54,"key":"HornCleat"},{"floor":54,"key":"Boot"}],"event_choices":[{"damage_healed":0,"gold_gain":0,"cards_transformed":["TheCursedMod:Strike_TheCursed"],"player_choice":"Transformed","damage_taken":0,"max_hp_gain":0,"max_hp_loss":0,"event_name":"Transmorgrifier","floor":3,"gold_loss":0,"cards_obtained":["TheCursedMod:CursedSpellbook"]},{"damage_healed":0,"gold_gain":75,"player_choice":"Touch","damage_taken":7,"max_hp_gain":0,"max_hp_loss":0,"event_name":"FaceTrader","floor":22,"gold_loss":0},{"damage_healed":25,"gold_gain":0,"player_choice":"Heal","damage_taken":0,"max_hp_gain":0,"max_hp_loss":0,"event_name":"The Library","floor":28,"gold_loss":0},{"damage_healed":72,"gold_gain":0,"player_choice":"Heal","damage_taken":0,"max_hp_gain":0,"max_hp_loss":10,"event_name":"The Moai Head","floor":39,"gold_loss":0},{"damage_healed":0,"gold_gain":0,"player_choice":"1 cards matched","damage_taken":0,"max_hp_gain":0,"max_hp_loss":0,"event_name":"Match and Keep!","floor":45,"gold_loss":0,"cards_obtained":["TheCursedMod:ShockAndAwe"]}],"is_beta":false,"boss_relics":[{"not_picked":["Philosopher\u0027s Stone","SlaversCollar"],"picked":"Black Star"},{"not_picked":["Runic Dome","Sozu"],"picked":"TheCursedMod:OminousMark"}],"items_purged_floors":[21],"is_endless":false,"potions_floor_spawned":[7,12,13,14,16,18,23,33,35,44,48,54],"ascension_level":2}}