{"host":"17u3w43rikeuspxs","time":1612593904,"event":{"mods":["BaseMod","Downfall","Minty Spire (QoL Compilation)","StSLib"],"gold_per_floor":[114,126,301,301,301,336,336,356,356,399,399,474,492,513,513,513,513],"floor_reached":16,"language":"ENG","playtime":498,"items_purged":[],"score":149,"play_id":"63645924-559a-4800-ae4b-bb482c5d1974","local_time":"20210206014504","is_ascension_mode":true,"campfire_choices":[{"data":"Body Slam","floor":7.0,"key":"SMITH"},{"floor":11.0,"key":"REST"},{"floor":15.0,"key":"REST"}],"circlet_count":0,"master_deck":["Strike_R","Strike_R","Strike_R","Strike_R","Strike_R","Defend_R","Defend_R","Defend_R","Defend_R","Bash","Body Slam+1","Doubt","Metallicize","Ghostly Armor","Shrug It Off"],"relics":["Burning Blood","NeowsBlessing","Golden Idol","StoneCalendar","Calipers","Pocketwatch","Frozen Egg 2"],"acts_visited":["Exordium"],"potions_floor_usage":[],"damage_taken":[{"damage":0.0,"enemies":"Cultist","floor":1.0,"turns":1.0},{"damage":0.0,"enemies":"Jaw Worm","floor":2.0,"turns":1.0},{"damage":0.0,"enemies":"Lagavulin","floor":6.0,"turns":1.0},{"damage":8.0,"enemies":"2 Louse","floor":8.0,"turns":5.0},{"damage":55.0,"enemies":"Gremlin Nob","floor":10.0,"turns":7.0},{"damage":25.0,"enemies":"Large Slime","floor":13.0,"turns":7.0},{"damage":0.0,"enemies":"3 Louse","floor":14.0,"turns":6.0},{"damage":40,"enemies":"Slime Boss","floor":16,"turns":11}],"seed_played":"2781072580642123971","potions_obtained":[{"floor":10.0,"key":"CultistPotion"},{"floor":13.0,"key":"BlessingOfTheForge"}],"is_trial":false,"path_per_floor":["M","M","?","?","T","E","R","M","T","E","R","?","M","M","R","B"],"character_chosen":"IRONCLAD","items_purchased":[],"campfire_rested":2,"item_purchase_floors":[],"current_hp_per_floor":[80,80,80,60,60,66,66,64,64,15,39,28,9,15,39,0,0],"gold":513,"neow_bonus":"THREE_ENEMY_KILL","is_daily":false,"chose_seed":false,"campfire_upgraded":1,"win_rate":0.0,"timestamp":1612593904,"path_taken":["M","M","?","?","?","E","R","M","T","E","R","?","M","M","R","BOSS"],"items_purchased_type":[],"build_version":"2020-12-22","purchased_purges":0,"victory":false,"max_hp_per_floor":[80,80,80,80,80,80,80,80,80,80,80,80,80,80,80,80,80],"card_choices":[{"not_picked":["Thunderclap","Twin Strike"],"picked":"Body Slam","floor":1.0},{"not_picked":["Clothesline","Reaper","Twin Strike"],"picked":"SKIP","floor":2.0},{"not_picked":["Rupture","Rampage"],"picked":"Metallicize","floor":6.0},{"not_picked":["Fire Breathing","Rupture"],"picked":"Ghostly Armor","floor":8.0},{"not_picked":["Pommel Strike","Perfected Strike","Intimidate"],"picked":"SKIP","floor":10.0},{"not_picked":["Dropkick","Perfected Strike"],"picked":"Shrug It Off","floor":13.0},{"not_picked":["Sword Boomerang","Warcry","Dual Wield"],"picked":"SKIP","floor":14.0}],"player_experience":81933,"relics_obtained":[{"floor":5.0,"key":"StoneCalendar"},{"floor":6.0,"key":"Calipers"},{"floor":9.0,"key":"Pocketwatch"},{"floor":10.0,"key":"Frozen Egg 2"}],"event_choices":[{"damage_healed":0.0,"max_hp_gain":0.0,"max_hp_loss":0.0,"gold_gain":175.0,"event_name":"Liars Game","player_choice":"AGREE","floor":3.0,"gold_loss":0.0,"damage_taken":0.0,"cards_obtained":["Doubt"]},{"damage_healed":0.0,"max_hp_gain":0.0,"max_hp_loss":0.0,"gold_gain":0.0,"event_name":"Golden Idol","player_choice":"Take Damage","floor":4.0,"gold_loss":0.0,"damage_taken":20.0,"relics_obtained":["Golden Idol"]},{"damage_healed":0.0,"max_hp_gain":0.0,"max_hp_loss":0.0,"gold_gain":75.0,"event_name":"World of Goop","player_choice":"Gather Gold","floor":12.0,"gold_loss":0.0,"damage_taken":11.0}],"is_beta":false,"boss_relics":[],"items_purged_floors":[],"is_endless":false,"potions_floor_spawned":[10,13],"killed_by":"Slime Boss","ascension_level":2}}