{"host":"cijwx898anu8dehj","time":1612619913,"event":{"mods":["AchievementEnabler","AlwaysNeverKeys","BaseMod","Colored Map","Colored Powertips","Highlight Path","Minty Spire (QoL Compilation)","Rare Cards Sparkle","Relic Stats","Slay-I"],"gold_per_floor":[114,129,144,159,234,264,279,309,359,374,389,419,434,434,434,534,534,549,564,14,14,44,74,74,104,104,134,149,164,194,194,194,294,294,309,324,358,373,388,388,388,403,403,433,58,73,103,133,133,133],"floor_reached":51,"language":"ENG","playtime":5695,"items_purged":["Lockon"],"score":1036,"play_id":"b295adf8-93cf-47b2-bc87-262bc13a0096","local_time":"20210206115833","daily_mods":["Draft","Diverse","DeadlyEvents"],"is_ascension_mode":false,"campfire_choices":[{"data":"Rip and Tear","floor":15,"key":"SMITH"},{"floor":24,"key":"REST"},{"data":"SandsOfTime","floor":32,"key":"SMITH"},{"floor":40,"key":"REST"},{"data":"1","floor":49,"key":"LIFT"}],"circlet_count":0,"master_deck":["Clothesline+1","Hello World","Perseverance","Clothesline+1","Auto Shields","Skewer","Cloak And Dagger","TalkToTheHand","Pommel Strike","Sweeping Beam","Rip and Tear+1","EmptyBody","EmptyFist","Flex","Go for the Eyes","Burst","Sweeping Beam","Ball Lightning","Conserve Battery","BattleHymn","Disarm","Sword Boomerang","SandsOfTime+1","Power Through","Metallicize","True Grit+1","Blade Dance+1","Self Repair","WaveOfTheHand+1","Shrug It Off+1","Ghostly Armor+1","Blade Dance+1","Adrenaline+1","Dual Wield+1","Slice+1","Flame Barrier+1","EmptyFist+1","Steam+1","Shockwave+1","Cloak And Dagger+1","Heel Hook+1","Sucker Punch+1","White Noise+1"],"relics":["Ring of the Snake","Bottled Tornado","Ancient Tea Set","Dream Catcher","Mercury Hourglass","Sozu","TwistedFunnel","Lantern","Question Card","Centennial Puzzle","Toxic Egg 2","Tough Bandages","Vajra","Pen Nib","White Beast Statue","PreservedInsect","WristBlade","TungstenRod","MealTicket","Toy Ornithopter","Orichalcum","Bag of Preparation","Strange Spoon","Girya","Whetstone"],"acts_visited":["Exordium","TheCity","TheBeyond"],"potions_floor_usage":[16,22,50],"damage_taken":[{"damage":0,"enemies":"Small Slimes","floor":1,"turns":3},{"damage":0,"enemies":"2 Louse","floor":2,"turns":2},{"damage":0,"enemies":"Cultist","floor":3,"turns":3},{"damage":0,"enemies":"Red Slaver","floor":4,"turns":4},{"damage":0,"enemies":"Gremlin Nob","floor":6,"turns":4},{"damage":2,"enemies":"Looter","floor":7,"turns":3},{"damage":1,"enemies":"Lagavulin","floor":8,"turns":6},{"damage":0,"enemies":"3 Louse","floor":10,"turns":3},{"damage":13,"enemies":"Exordium Wildlife","floor":11,"turns":3},{"damage":4,"enemies":"Gremlin Nob","floor":12,"turns":4},{"damage":0,"enemies":"Looter","floor":13,"turns":3},{"damage":2,"enemies":"The Guardian","floor":16,"turns":9},{"damage":0,"enemies":"Spheric Guardian","floor":18,"turns":3},{"damage":0,"enemies":"Chosen","floor":19,"turns":4},{"damage":0,"enemies":"Book of Stabbing","floor":22,"turns":5},{"damage":20,"enemies":"Slavers","floor":23,"turns":3},{"damage":9,"enemies":"Gremlin Leader","floor":25,"turns":5},{"damage":1,"enemies":"Slavers","floor":27,"turns":5},{"damage":7,"enemies":"Shelled Parasite and Fungi","floor":28,"turns":3},{"damage":0,"enemies":"Chosen and Byrds","floor":29,"turns":4},{"damage":2,"enemies":"Gremlin Leader","floor":30,"turns":5},{"damage":37,"enemies":"Automaton","floor":33,"turns":9},{"damage":5,"enemies":"3 Darklings","floor":35,"turns":4},{"damage":0,"enemies":"Orb Walker","floor":36,"turns":2},{"damage":15,"enemies":"2 Orb Walkers","floor":37,"turns":3},{"damage":0,"enemies":"3 Darklings","floor":38,"turns":3},{"damage":12,"enemies":"Spire Growth","floor":39,"turns":3},{"damage":0,"enemies":"Maw","floor":42,"turns":6},{"damage":0,"enemies":"Reptomancer","floor":44,"turns":3},{"damage":0,"enemies":"4 Shapes","floor":46,"turns":3},{"damage":0,"enemies":"Giant Head","floor":47,"turns":5},{"damage":0,"enemies":"Nemesis","floor":48,"turns":3},{"damage":30,"enemies":"Awakened One","floor":50,"turns":8}],"seed_played":"5285009320175426936","potions_obtained":[{"floor":2,"key":"Explosive Potion"},{"floor":4,"key":"EssenceOfSteel"},{"floor":6,"key":"Explosive Potion"},{"floor":8,"key":"ColorlessPotion"},{"floor":12,"key":"LiquidBronze"}],"is_trial":false,"path_per_floor":["M","M","M","M","?","E","M","E","T","M","M","E","M","?","R","B",null,"M","M","$","?","E","E","R","E","T","E","M","M","E","T","R","B",null,"M","M","?","M","M","R","T","M","T","E","$","M","E","E","R","B",null],"character_chosen":"THE_SILENT","items_purchased":["TwistedFunnel","Lantern","Question Card","Bag of Preparation","Strange Spoon"],"campfire_rested":2,"item_purchase_floors":[20,20,20,45,45],"current_hp_per_floor":[70,70,70,70,59,59,57,56,56,56,43,39,39,62,62,60,70,70,70,70,70,70,50,70,68,68,70,63,70,68,68,68,31,70,70,70,55,55,43,64,64,70,70,70,70,70,70,70,70,45],"gold":133,"neow_bonus":"","is_daily":true,"chose_seed":false,"campfire_upgraded":2,"win_rate":0.0,"timestamp":1612619913,"path_taken":["M","M","M","M","?","E","M","E","T","M","M","E","M","?","R","BOSS","M","M","$","?","?","E","R","?","T","E","?","M","E","?","R","BOSS","M","M","?","?","M","R","?","M","T","E","?","M","?","E","R","BOSS"],"items_purchased_type":["Relic","Relic","Relic","Relic","Relic"],"build_version":"2020-12-22","purchased_purges":1,"victory":true,"max_hp_per_floor":[70,70,70,70,70,70,70,70,70,70,70,70,70,70,70,70,70,70,70,70,70,70,70,70,70,70,70,70,70,70,70,70,70,70,70,70,70,70,70,70,70,70,70,70,70,70,70,70,70,70],"relic_stats":{"counters":[33,136],"Pen Nib":[24],"PreservedInsect":229,"Bag of Preparation":[8],"Whetstone":["Clothesline","Slice"],"Orichalcum":[12],"Question Card":20,"Mercury Hourglass":[418],"Sozu":14,"Strange Spoon":[25],"Dream Catcher":2,"Centennial Puzzle":[30],"Tough Bandages":[3],"MealTicket":0,"obtain_stats":[{"TwistedFunnel":20,"Lantern":20,"Vajra":26,"Bag of Preparation":45,"Whetstone":48,"Bottled Tornado":6,"Ancient Tea Set":8,"Sozu":17,"Dream Catcher":9,"Centennial Puzzle":22,"Tough Bandages":25,"WristBlade":34,"MealTicket":41,"Toxic Egg 2":23,"Ring of the Snake":0,"Girya":47,"Pen Nib":27,"PreservedInsect":31,"Orichalcum":44,"Question Card":20,"White Beast Statue":30,"Mercury Hourglass":12,"Strange Spoon":45,"TungstenRod":37,"Toy Ornithopter":43},{"TwistedFunnel":14,"Lantern":14,"Vajra":17,"Bag of Preparation":29,"Whetstone":32,"Bottled Tornado":5,"Ancient Tea Set":7,"Sozu":12,"Dream Catcher":7,"Centennial Puzzle":15,"Tough Bandages":17,"WristBlade":22,"MealTicket":27,"Toxic Egg 2":16,"Ring of the Snake":0,"Girya":31,"Pen Nib":18,"PreservedInsect":21,"Orichalcum":29,"Question Card":14,"White Beast Statue":21,"Mercury Hourglass":10,"Strange Spoon":29,"TungstenRod":25,"Toy Ornithopter":28},{"TwistedFunnel":54,"Lantern":54,"Vajra":67,"Bag of Preparation":117,"Whetstone":128,"Bottled Tornado":16,"Ancient Tea Set":25,"Sozu":47,"Dream Catcher":25,"Centennial Puzzle":59,"Tough Bandages":67,"WristBlade":93,"MealTicket":108,"Toxic Egg 2":62,"Ring of the Snake":0,"Girya":125,"Pen Nib":72,"PreservedInsect":84,"Orichalcum":117,"Question Card":54,"White Beast Statue":84,"Mercury Hourglass":35,"Strange Spoon":117,"TungstenRod":102,"Toy Ornithopter":114}],"TungstenRod":4,"Toy Ornithopter":5,"Ring of the Snake":[66]},"card_choices":[{"not_picked":["Havoc","Rupture"],"picked":"Lockon","floor":0},{"not_picked":["Armaments","Iron Wave"],"picked":"Clothesline","floor":0},{"not_picked":["Escape Plan","PathToVictory"],"picked":"Hello World","floor":0},{"not_picked":["Body Slam","Cloak And Dagger"],"picked":"Perseverance","floor":0},{"not_picked":["Force Field","Prepared"],"picked":"Clothesline","floor":0},{"not_picked":["Gash","Headbutt"],"picked":"Auto Shields","floor":0},{"not_picked":["Blizzard","Clash"],"picked":"Skewer","floor":0},{"not_picked":["Warcry","FollowUp"],"picked":"Cloak And Dagger","floor":0},{"not_picked":["Beam Cell","Cold Snap"],"picked":"TalkToTheHand","floor":0},{"not_picked":["Compile Driver","Entrench"],"picked":"Pommel Strike","floor":0},{"not_picked":["Deadly Poison","Clash"],"picked":"Sweeping Beam","floor":0},{"not_picked":["Quick Slash","Intimidate"],"picked":"Rip and Tear","floor":0},{"not_picked":["Deadly Poison","Rupture"],"picked":"EmptyBody","floor":0},{"not_picked":["Stack","WreathOfFlame"],"picked":"EmptyFist","floor":0},{"not_picked":["Wild Strike","Underhanded Strike"],"picked":"Flex","floor":0},{"not_picked":["Perfected Strike","SashWhip","Bane"],"picked":"SKIP","floor":1},{"not_picked":["Headbutt","Havoc"],"picked":"Go for the Eyes","floor":2},{"not_picked":["BowlingBash","Slice"],"picked":"Burst","floor":3},{"not_picked":["PiercingWail","Adaptation"],"picked":"Sweeping Beam","floor":4},{"not_picked":["Thunderclap","Sucker Punch"],"picked":"Ball Lightning","floor":6},{"not_picked":["Iron Wave","Chaos"],"picked":"Conserve Battery","floor":7},{"not_picked":["Barrage","All Out Attack"],"picked":"BattleHymn","floor":8},{"not_picked":["Crescendo","Gash","Finisher"],"picked":"SKIP","floor":10},{"not_picked":["Eviscerate","Evaluate"],"picked":"Disarm","floor":11},{"not_picked":["EmptyFist","Creative AI"],"picked":"Sword Boomerang","floor":12},{"not_picked":["Twin Strike","Underhanded Strike"],"picked":"SandsOfTime","floor":13},{"not_picked":["ClearTheMind","Halt"],"picked":"Power Through","floor":18},{"not_picked":["Underhanded Strike","Pommel Strike"],"picked":"Metallicize","floor":19},{"not_picked":["Adaptation","Flying Knee+1","CutThroughFate"],"picked":"True Grit+1","floor":22},{"not_picked":["Brutality","Cleave","Poisoned Stab"],"picked":"Blade Dance+1","floor":23},{"not_picked":["Setup+1","Fasting2","Distraction+1"],"picked":"Self Repair","floor":24},{"not_picked":["Weave","Hologram+1","Consume+1"],"picked":"WaveOfTheHand+1","floor":25},{"not_picked":["Capacitor","FTL","Sword Boomerang+1"],"picked":"Shrug It Off+1","floor":27},{"not_picked":["Barrage+1","Loop","Lockon"],"picked":"Ghostly Armor+1","floor":28},{"not_picked":["Static Discharge+1","Stack+1","Storm of Steel+1"],"picked":"Blade Dance+1","floor":29},{"not_picked":["Concentrate+1","Fusion+1","Poisoned Stab","Underhanded Strike"],"picked":"SKIP","floor":30},{"not_picked":["LessonLearned","Reboot+1","MasterReality"],"picked":"Adrenaline+1","floor":33},{"not_picked":["Dagger Throw+1","Whirlwind","Halt+1"],"picked":"Dual Wield+1","floor":35},{"not_picked":["Prostrate+1","Dark Embrace","Blasphemy+1"],"picked":"Slice","floor":36},{"not_picked":["Underhanded Strike","PiercingWail+1","CutThroughFate+1"],"picked":"Flame Barrier+1","floor":37},{"not_picked":["Blood for Blood","FollowUp","Static Discharge"],"picked":"EmptyFist+1","floor":38},{"not_picked":["Gash","Noxious Fumes+1","EmptyBody+1"],"picked":"Steam+1","floor":39},{"not_picked":["Compile Driver","Hyperbeam","Headbutt+1"],"picked":"Shockwave+1","floor":40},{"not_picked":["FollowUp","Worship+1","Beam Cell+1"],"picked":"Cloak And Dagger+1","floor":42},{"not_picked":["ClearTheMind+1","LikeWater","Backstab"],"picked":"Heel Hook+1","floor":44},{"not_picked":["Hologram+1","Outmaneuver+1","FlyingSleeves+1"],"picked":"Sucker Punch+1","floor":46},{"not_picked":["EmptyFist","Deadly Poison+1","Sever Soul+1","Concentrate+1"],"picked":"SKIP","floor":47},{"not_picked":["Venomology+1","Sentinel+1","Protect+1"],"picked":"White Noise+1","floor":48}],"player_experience":1096095,"relics_obtained":[{"floor":6,"key":"Bottled Tornado"},{"floor":8,"key":"Ancient Tea Set"},{"floor":9,"key":"Dream Catcher"},{"floor":12,"key":"Mercury Hourglass"},{"floor":22,"key":"Centennial Puzzle"},{"floor":23,"key":"Toxic Egg 2"},{"floor":25,"key":"Tough Bandages"},{"floor":26,"key":"Vajra"},{"floor":27,"key":"Pen Nib"},{"floor":30,"key":"White Beast Statue"},{"floor":31,"key":"PreservedInsect"},{"floor":37,"key":"TungstenRod"},{"floor":41,"key":"MealTicket"},{"floor":43,"key":"Toy Ornithopter"},{"floor":44,"key":"Orichalcum"},{"floor":47,"key":"Girya"},{"floor":48,"key":"Whetstone"}],"event_choices":[{"damage_healed":0,"gold_gain":75,"player_choice":"Gather Gold","damage_taken":11,"max_hp_gain":0,"max_hp_loss":0,"event_name":"World of Goop","floor":5,"gold_loss":0},{"damage_healed":23,"gold_gain":0,"player_choice":"Banana","damage_taken":0,"max_hp_gain":0,"max_hp_loss":0,"event_name":"Big Fish","floor":14,"gold_loss":0},{"damage_healed":0,"gold_gain":0,"player_choice":"Upgraded","damage_taken":0,"max_hp_gain":0,"max_hp_loss":0,"event_name":"Upgrade Shrine","floor":21,"gold_loss":0,"cards_upgraded":["Clothesline"]},{"damage_healed":0,"gold_gain":0,"player_choice":"Fight","damage_taken":0,"max_hp_gain":0,"max_hp_loss":0,"event_name":"Mysterious Sphere","floor":37,"gold_loss":0}],"is_beta":false,"boss_relics":[{"not_picked":["Astrolabe","Busted Crown"],"picked":"Sozu"},{"not_picked":["Fusion Hammer","Empty Cage"],"picked":"WristBlade"}],"items_purged_floors":[45],"is_endless":false,"potions_floor_spawned":[2,4,6,8,12,22,25,30,33,35,36,37,38,39,42,44,46,47,48],"ascension_level":0}}