{"host":"aj7el8l5kufbk20z","time":1612580916,"event":{"mods":["AchievementEnabler","BaseMod","Colored Map","Colored Powertips","Curses Come First","Highlight Path","Minty Spire (QoL Compilation)","Permanent Neow","Poor People Problems","Quick Restart","Rare Cards Sparkle","Relic Stats","StSLib","SuperFastMode","Waifu the Spire"],"gold_per_floor":[115,115,133,494,514,546,561,734,734,749,768,797,187,197,197,271,271,284,516,528,561,571,571,439,452,452,470,470,470,470,382,382,465,524,546,386,87,309,364,399,615,615,697,697,697,723,723,743,743,743,743,743,565,607,607],"floor_reached":56,"language":"ZHS","playtime":3675,"items_purged":["Strike_B","Strike_B","Defend_B","Defend_B","Defend_B","Strike_B+1","Dualcast+1","Zap","Self Repair","Machine Learning"],"score":2633,"play_id":"69949018-072a-4c28-986d-fba10325246b","local_time":"20210206110836","is_ascension_mode":true,"campfire_choices":[{"data":"Consume","floor":15.0,"key":"SMITH"},{"data":"Amplify","floor":23.0,"key":"SMITH"},{"data":"Loop","floor":32.0,"key":"SMITH"},{"data":"Reinforced Body","floor":42.0,"key":"SMITH"},{"floor":45.0,"key":"RECALL"},{"data":"Capacitor","floor":47.0,"key":"SMITH"},{"data":"Streamline","floor":49.0,"key":"SMITH"},{"data":"Creative AI","floor":52.0,"key":"SMITH"}],"circlet_count":3,"master_deck":["AscendersBane","Creative AI+1","Consume+1","Reinforced Body+1","Capacitor+1","Conserve Battery+1","Force Field+1","FTL+1","Streamline+1","Amplify+1","Double Energy","White Noise","Echo Form","Loop+1","Biased Cognition+1","Stack+1","Stack+1","Echo Form+1","Core Surge+1","Defragment+1","Buffer+1","Loop+1","White Noise+1","Storm+1","Fire Breathing+1"],"relics":["Cracked Core","Sling","Oddly Smooth Stone","Lantern","Omamori","PreservedInsect","Matryoshka","StoneCalendar","Bronze Scales","Strawberry","Runic Capacitor","Calling Bell","Bag of Marbles","Singing Bowl","Lizard Tail","Chemical X","FossilizedHelix","Prayer Wheel","Red Mask","Molten Egg 2","Nunchaku","The Courier","Smiling Mask","Toxic Egg 2","Cables","Emotion Chip","Medical Kit","Unceasing Top","White Beast Statue","Mercury Hourglass","Shuriken","Pen Nib","Eternal Feather","Gremlin Horn","Toy Ornithopter","Centennial Puzzle","Ornamental Fan","Meat on the Bone","CeramicFish","Bag of Preparation","Peace Pipe","Tiny Chest","Orichalcum","Dream Catcher","Torii","Letter Opener","Shovel","Pear","DataDisk","Mummified Hand","Potion Belt","StrikeDummy","Ice Cream","TungstenRod","Thread and Needle","Blood Vial","Sundial","Juzu Bracelet","Regal Pillow","Vajra","Happy Flower","StrikeDummy","Kunai","War Paint","Akabeko","Pantograph","Boot","Mango","Gambling Chip","Darkstone Periapt","Symbiotic Virus","Blue Candle","CaptainsWheel","MealTicket","Art of War","HornCleat","Bottled Flame","Anchor","Frozen Egg 2","Whetstone","Bottled Lightning","Ancient Tea Set","Incense Burner","Question Card","Bottled Tornado","InkBottle","Pocketwatch","Calipers","Ginger","Bird Faced Urn","Du-Vu Doll","Turnip","WingedGreaves","Tiny House","Toolbox","Circlet","PrismaticShard"],"acts_visited":["Exordium","TheCity","TheBeyond","TheEnding"],"potions_floor_usage":[55,55,55],"damage_taken":[{"damage":2.0,"enemies":"Cultist","floor":1.0,"turns":4.0},{"damage":16.0,"enemies":"Jaw Worm","floor":3.0,"turns":6.0},{"damage":18.0,"enemies":"Small Slimes","floor":5.0,"turns":6.0},{"damage":20.0,"enemies":"Lagavulin","floor":6.0,"turns":10.0},{"damage":0.0,"enemies":"Blue Slaver","floor":7.0,"turns":5.0},{"damage":10.0,"enemies":"3 Louse","floor":10.0,"turns":7.0},{"damage":15.0,"enemies":"Red Slaver","floor":11.0,"turns":5.0},{"damage":64.0,"enemies":"Gremlin Nob","floor":12.0,"turns":5.0},{"damage":11.0,"enemies":"Looter","floor":14.0,"turns":4.0},{"damage":42.0,"enemies":"Hexaghost","floor":16.0,"turns":9.0},{"damage":10.0,"enemies":"3 Byrds","floor":18.0,"turns":2.0},{"damage":0.0,"enemies":"Chosen","floor":20.0,"turns":6.0},{"damage":72.0,"enemies":"Masked Bandits","floor":21.0,"turns":6.0},{"damage":16.0,"enemies":"Shelled Parasite and Fungi","floor":22.0,"turns":7.0},{"damage":0.0,"enemies":"Snecko","floor":25.0,"turns":7.0},{"damage":14.0,"enemies":"Centurion and Healer","floor":27.0,"turns":6.0},{"damage":0.0,"enemies":"Collector","floor":33.0,"turns":5.0},{"damage":0.0,"enemies":"3 Darklings","floor":35.0,"turns":2.0},{"damage":0.0,"enemies":"2 Orb Walkers","floor":39.0,"turns":4.0},{"damage":0.0,"enemies":"Reptomancer","floor":40.0,"turns":3.0},{"damage":0.0,"enemies":"3 Shapes","floor":48.0,"turns":2.0},{"damage":0.0,"enemies":"Donu and Deca","floor":50.0,"turns":3.0},{"damage":0,"enemies":"Shield and Spear","floor":54,"turns":4},{"damage":0,"enemies":"The Heart","floor":55,"turns":6}],"seed_played":"-4563032823875179850","potions_obtained":[{"floor":3.0,"key":"Fire Potion"},{"floor":6.0,"key":"LiquidBronze"},{"floor":16.0,"key":"PotionOfCapacity"},{"floor":18.0,"key":"Fire Potion"},{"floor":33.0,"key":"FocusPotion"},{"floor":34.0,"key":"PotionOfCapacity"},{"floor":40.0,"key":"FocusPotion"},{"floor":54,"key":"PowerPotion"}],"is_trial":false,"path_per_floor":["M","?","M","$","M","E","M","$","T","M","M","E","$","M","R","B",null,"M","$","M","?","M","R","$","M","T","M","?","T","?","$","R","B",null,"M","$","$","?","?","E","$","R","T","T","R","T","R","M","R","B",null,"R","$","E","B",null],"character_chosen":"DEFECT","items_purchased":["Capacitor","Sling","Oddly Smooth Stone","Omamori","PreservedInsect","Bronze Scales","Strawberry","Runic Capacitor","Chemical X","FossilizedHelix","Prayer Wheel","Molten Egg 2","Nunchaku","White Noise","Echo Form","Emotion Chip","Medical Kit","Unceasing Top","White Beast Statue","Mercury Hourglass","Shuriken","Pen Nib","Eternal Feather","Gremlin Horn","Toy Ornithopter","Centennial Puzzle","Ornamental Fan","Meat on the Bone","CeramicFish","Bag of Preparation","Peace Pipe","Tiny Chest","Orichalcum","Dream Catcher","Torii","Letter Opener","Shovel","Pear","DataDisk","Mummified Hand","Potion Belt","StrikeDummy","Ice Cream","TungstenRod","Thread and Needle","Blood Vial","Sundial","Juzu Bracelet","Regal Pillow","Vajra","Happy Flower","StrikeDummy","Kunai","War Paint","Akabeko","Pantograph","Boot","Mango","Gambling Chip","Darkstone Periapt","Symbiotic Virus","Blue Candle","CaptainsWheel","MealTicket","Art of War","HornCleat","Bottled Flame","Anchor","Frozen Egg 2","Whetstone","Bottled Lightning","Ancient Tea Set","Incense Burner","Question Card","Bottled Tornado","InkBottle","Pocketwatch","Calipers","Ginger","Bird Faced Urn","Du-Vu Doll","Turnip","WingedGreaves","Echo Form+1","Core Surge+1","Toolbox","Defragment+1","Buffer+1","Loop+1","White Noise+1","PrismaticShard"],"campfire_rested":0,"item_purchase_floors":[4,4,4,8,8,13,13,13,19,19,19,24,24,24,24,31,31,31,31,31,31,31,31,31,31,31,31,31,31,31,31,31,31,31,31,31,31,31,31,31,31,31,31,31,31,31,31,31,31,31,31,31,31,31,31,31,31,31,31,31,31,31,31,31,31,31,31,31,31,31,31,31,31,31,31,31,31,31,31,31,31,31,31,36,37,37,41,41,41,41,53],"current_hp_per_floor":[44,37,85,85,67,47,47,47,47,99,84,71,78,67,67,32,67,64,64,71,80,82,82,82,86,86,83,83,83,83,107,114,114,119,121,121,121,121,123,125,125,125,125,125,125,125,125,127,127,127,127,127,127,127,127],"gold":607,"neow_bonus":"THREE_RARE_CARDS","is_daily":false,"chose_seed":false,"campfire_upgraded":7,"win_rate":0.0,"timestamp":1612580916,"path_taken":["M","?","M","$","M","E","M","$","T","M","M","E","$","M","R","BOSS","M","$","M","?","M","R","$","M","T","M","?","?","?","$","R","BOSS","M","$","$","?","?","E","$","R","T","?","R","?","R","M","R","BOSS","R","$","E","BOSS"],"items_purchased_type":["Card","Relic","Relic","Relic","Relic","Relic","Relic","Relic","Relic","Relic","Relic","Relic","Relic","Card","Card","Relic","Relic","Relic","Relic","Relic","Relic","Relic","Relic","Relic","Relic","Relic","Relic","Relic","Relic","Relic","Relic","Relic","Relic","Relic","Relic","Relic","Relic","Relic","Relic","Relic","Relic","Relic","Relic","Relic","Relic","Relic","Relic","Relic","Relic","Relic","Relic","Relic","Relic","Relic","Relic","Relic","Relic","Relic","Relic","Relic","Relic","Relic","Relic","Relic","Relic","Relic","Relic","Relic","Relic","Relic","Relic","Relic","Relic","Relic","Relic","Relic","Relic","Relic","Relic","Relic","Relic","Relic","Relic","Card","Card","Relic","Card","Card","Card","Card","Relic"],"build_version":"2020-12-22","purchased_purges":10,"victory":true,"max_hp_per_floor":[71,71,71,71,71,71,71,71,71,71,71,71,78,78,78,78,78,78,78,78,80,84,84,84,86,86,90,90,90,90,114,114,114,119,121,121,121,121,123,125,125,125,125,125,125,125,125,127,127,127,127,127,127,127,127],"relic_stats":{"Gremlin Horn":[13,13],"CeramicFish":99,"Whetstone":["Strike_B","FTL"],"Ginger":[7],"Boot":[0],"Blood Vial":0,"Lizard Tail":0,"Centennial Puzzle":[0],"Sundial":[6],"Prayer Wheel":6,"MealTicket":0,"Kunai":[6],"Happy Flower":[9],"counters":[24,120],"Blue Candle":[0],"Eternal Feather":7,"Pen Nib":[4],"Letter Opener":[180],"War Paint":["Force Field","Dualcast"],"Question Card":9,"Cables":[22,21,0,1,0],"Shuriken":[6],"Bronze Scales":[305],"Bird Faced Urn":[0],"obtain_stats":[{"Ice Cream":31,"Calipers":31,"Tiny House":34,"Gremlin Horn":31,"CeramicFish":31,"Vajra":31,"Runic Capacitor":13,"Whetstone":31,"Ginger":31,"Bottled Tornado":31,"Sling":4,"Boot":31,"Blood Vial":31,"Lizard Tail":17,"Centennial Puzzle":31,"HornCleat":31,"Sundial":31,"Strawberry":13,"Prayer Wheel":19,"MealTicket":31,"Kunai":31,"Toxic Egg 2":29,"Pear":31,"Happy Flower":31,"Blue Candle":31,"Oddly Smooth Stone":4,"Eternal Feather":31,"Pen Nib":31,"Letter Opener":31,"War Paint":31,"Question Card":31,"Akabeko":31,"Cables":29,"Du-Vu Doll":31,"Bottled Flame":31,"Shuriken":31,"Bronze Scales":13,"Bird Faced Urn":31,"Molten Egg 2":24,"StrikeDummy":31,"Symbiotic Virus":31,"Unceasing Top":31,"Meat on the Bone":31,"Pocketwatch":31,"Darkstone Periapt":31,"Lantern":6,"Regal Pillow":31,"Singing Bowl":17,"Torii":31,"StoneCalendar":12,"Mango":31,"Bag of Preparation":31,"Juzu Bracelet":31,"Incense Burner":31,"Smiling Mask":26,"Ancient Tea Set":31,"PrismaticShard":53,"Nunchaku":24,"Emotion Chip":31,"Dream Catcher":31,"Matryoshka":9,"Shovel":31,"Mummified Hand":31,"Pantograph":31,"Gambling Chip":31,"Toolbox":37,"Tiny Chest":31,"WingedGreaves":31,"Red Mask":21,"Chemical X":19,"Cracked Core":0,"InkBottle":31,"Potion Belt":31,"Circlet":44,"Thread and Needle":31,"PreservedInsect":8,"The Courier":26,"Omamori":8,"Orichalcum":31,"Frozen Egg 2":31,"Medical Kit":31,"White Beast Statue":31,"Mercury Hourglass":31,"Calling Bell":17,"Peace Pipe":31,"DataDisk":31,"CaptainsWheel":31,"Anchor":31,"Ornamental Fan":31,"Turnip":31,"Bag of Marbles":17,"Art of War":31,"Bottled Lightning":31,"FossilizedHelix":19,"Toy Ornithopter":31,"TungstenRod":31},{"Ice Cream":16,"Calipers":16,"Tiny House":17,"Gremlin Horn":16,"CeramicFish":16,"Vajra":16,"Runic Capacitor":8,"Whetstone":16,"Ginger":16,"Bottled Tornado":16,"Sling":2,"Boot":16,"Blood Vial":16,"Lizard Tail":10,"Centennial Puzzle":16,"HornCleat":16,"Sundial":16,"Strawberry":8,"Prayer Wheel":11,"MealTicket":16,"Kunai":16,"Toxic Egg 2":16,"Pear":16,"Happy Flower":16,"Blue Candle":16,"Oddly Smooth Stone":2,"Eternal Feather":16,"Pen Nib":16,"Letter Opener":16,"War Paint":16,"Question Card":16,"Akabeko":16,"Cables":16,"Du-Vu Doll":16,"Bottled Flame":16,"Shuriken":16,"Bronze Scales":8,"Bird Faced Urn":16,"Molten Egg 2":14,"StrikeDummy":16,"Symbiotic Virus":16,"Unceasing Top":16,"Meat on the Bone":16,"Pocketwatch":16,"Darkstone Periapt":16,"Lantern":4,"Regal Pillow":16,"Singing Bowl":10,"Torii":16,"StoneCalendar":8,"Mango":16,"Bag of Preparation":16,"Juzu Bracelet":16,"Incense Burner":16,"Smiling Mask":15,"Ancient Tea Set":16,"PrismaticShard":22,"Nunchaku":14,"Emotion Chip":16,"Dream Catcher":16,"Matryoshka":5,"Shovel":16,"Mummified Hand":16,"Pantograph":16,"Gambling Chip":16,"Toolbox":18,"Tiny Chest":16,"WingedGreaves":16,"Red Mask":13,"Chemical X":11,"Cracked Core":0,"InkBottle":16,"Potion Belt":16,"Circlet":20,"Thread and Needle":16,"PreservedInsect":5,"The Courier":15,"Omamori":5,"Orichalcum":16,"Frozen Egg 2":16,"Medical Kit":16,"White Beast Statue":16,"Mercury Hourglass":16,"Calling Bell":10,"Peace Pipe":16,"DataDisk":16,"CaptainsWheel":16,"Anchor":16,"Ornamental Fan":16,"Turnip":16,"Bag of Marbles":10,"Art of War":16,"Bottled Lightning":16,"FossilizedHelix":11,"Toy Ornithopter":16,"TungstenRod":16},{"Ice Cream":94,"Calipers":94,"Tiny House":99,"Gremlin Horn":94,"CeramicFish":94,"Vajra":94,"Runic Capacitor":48,"Whetstone":94,"Ginger":94,"Bottled Tornado":94,"Sling":10,"Boot":94,"Blood Vial":94,"Lizard Tail":61,"Centennial Puzzle":94,"HornCleat":94,"Sundial":94,"Strawberry":48,"Prayer Wheel":63,"MealTicket":94,"Kunai":94,"Toxic Egg 2":94,"Pear":94,"Happy Flower":94,"Blue Candle":94,"Oddly Smooth Stone":10,"Eternal Feather":94,"Pen Nib":94,"Letter Opener":94,"War Paint":94,"Question Card":94,"Akabeko":94,"Cables":94,"Du-Vu Doll":94,"Bottled Flame":94,"Shuriken":94,"Bronze Scales":48,"Bird Faced Urn":94,"Molten Egg 2":82,"StrikeDummy":94,"Symbiotic Virus":94,"Unceasing Top":94,"Meat on the Bone":94,"Pocketwatch":94,"Darkstone Periapt":94,"Lantern":26,"Regal Pillow":94,"Singing Bowl":61,"Torii":94,"StoneCalendar":48,"Mango":94,"Bag of Preparation":94,"Juzu Bracelet":94,"Incense Burner":94,"Smiling Mask":88,"Ancient Tea Set":94,"PrismaticShard":112,"Nunchaku":82,"Emotion Chip":94,"Dream Catcher":94,"Matryoshka":31,"Shovel":94,"Mummified Hand":94,"Pantograph":94,"Gambling Chip":94,"Toolbox":101,"Tiny Chest":94,"WingedGreaves":94,"Red Mask":75,"Chemical X":63,"Cracked Core":0,"InkBottle":94,"Potion Belt":94,"Circlet":107,"Thread and Needle":94,"PreservedInsect":31,"The Courier":88,"Omamori":31,"Orichalcum":94,"Frozen Egg 2":94,"Medical Kit":94,"White Beast Statue":94,"Mercury Hourglass":94,"Calling Bell":61,"Peace Pipe":94,"DataDisk":94,"CaptainsWheel":94,"Anchor":94,"Ornamental Fan":94,"Turnip":94,"Bag of Marbles":61,"Art of War":94,"Bottled Lightning":94,"FossilizedHelix":63,"Toy Ornithopter":94,"TungstenRod":94}],"Unceasing Top":[12],"Meat on the Bone":0,"Pocketwatch":[0],"Darkstone Periapt":0,"Regal Pillow":0,"Singing Bowl":20,"Torii":0,"StoneCalendar":[53],"Bag of Preparation":[16],"Juzu Bracelet":0,"Smiling Mask":750,"Nunchaku":[5],"Emotion Chip":[0,0,0,0,0],"Dream Catcher":0,"Shovel":0,"Mummified Hand":[134],"Pantograph":0,"Gambling Chip":[18],"Tiny Chest":1,"Chemical X":[21],"InkBottle":[30],"PreservedInsect":158,"Orichalcum":[6],"Medical Kit":[14],"Mercury Hourglass":[147],"Peace Pipe":0,"Ornamental Fan":[24],"Turnip":[7],"Art of War":[5],"Toy Ornithopter":0,"TungstenRod":0},"card_choices":[{"not_picked":["Machine Learning","Rainbow"],"picked":"Creative AI","floor":0.0},{"not_picked":["Hologram","Rebound"],"picked":"Consume","floor":1.0},{"not_picked":["Leap","Coolheaded"],"picked":"Reinforced Body","floor":3.0},{"not_picked":["Coolheaded","Beam Cell","Steam Power"],"picked":"SKIP","floor":5.0},{"not_picked":["Double Energy","Sweeping Beam"],"picked":"Conserve Battery","floor":6.0},{"not_picked":["Skim","Steam"],"picked":"Force Field","floor":7.0},{"not_picked":["Darkness","Conserve Battery","Rip and Tear"],"picked":"SKIP","floor":10.0},{"not_picked":["Coolheaded","Beam Cell","Reinforced Body"],"picked":"SKIP","floor":11.0},{"not_picked":["Compile Driver","Scrape"],"picked":"Self Repair","floor":12.0},{"not_picked":["Steam","Cold Snap"],"picked":"FTL","floor":14.0},{"not_picked":["Thunder Strike","Fission"],"picked":"Machine Learning","floor":16.0},{"not_picked":["Reprogram","Hologram"],"picked":"Streamline","floor":18.0},{"not_picked":["Hologram","Conserve Battery"],"picked":"Amplify","floor":20.0},{"not_picked":["Undo","Ball Lightning+1"],"picked":"Double Energy","floor":20.0},{"not_picked":["Rebound","Genetic Algorithm","Hologram"],"picked":"Singing Bowl","floor":21.0},{"not_picked":["Chaos","Heatsinks","Fusion"],"picked":"Singing Bowl","floor":22.0},{"not_picked":["Steam Power","Turbo","Go for the Eyes+1"],"picked":"Singing Bowl","floor":22.0},{"not_picked":["Doom and Gloom+1","Barrage+1","Ball Lightning+1"],"picked":"Singing Bowl","floor":25.0},{"not_picked":["Hyperbeam+1","Coolheaded"],"picked":"Loop","floor":25.0},{"not_picked":["Turbo","Sunder+1","Consume"],"picked":"Singing Bowl","floor":27.0},{"not_picked":["Double Energy","Aggregate","Ball Lightning+1"],"picked":"Singing Bowl","floor":27.0},{"not_picked":["Creative AI+1","All For One+1","Meteor Strike+1"],"picked":"Biased Cognition+1","floor":33.0},{"not_picked":["Steam+1","Coolheaded+1","Doom and Gloom+1"],"picked":"Stack+1","floor":34.0},{"not_picked":["Go for the Eyes+1","Conserve Battery+1","Turbo+1"],"picked":"Stack+1","floor":35.0},{"not_picked":["Redo+1","Reinforced Body+1","Doom and Gloom+1","Barrage+1"],"picked":"Singing Bowl","floor":35.0},{"not_picked":["Chill+1","Blizzard+1","Scrape+1","Chaos+1"],"picked":"Singing Bowl","floor":39.0},{"not_picked":["Turbo+1","Conserve Battery+1","Machine Learning+1","Static Discharge+1"],"picked":"Singing Bowl","floor":40.0},{"not_picked":["Compile Driver+1","Beam Cell+1","Doom and Gloom+1","Conserve Battery+1"],"picked":"Singing Bowl","floor":48.0},{"not_picked":["Genetic Algorithm+1","Beam Cell+1","Leap+1"],"picked":"Storm+1","floor":48.0},{"not_picked":["Cleave+1","Whirlwind+1","Ghostly Armor+1"],"picked":"Fire Breathing+1","floor":54}],"player_experience":271967,"relics_obtained":[{"floor":6.0,"key":"Lantern"},{"floor":9.0,"key":"Matryoshka"},{"floor":12.0,"key":"StoneCalendar"},{"floor":17.0,"key":"Bag of Marbles"},{"floor":17.0,"key":"Singing Bowl"},{"floor":17.0,"key":"Lizard Tail"},{"floor":21.0,"key":"Red Mask"},{"floor":26.0,"key":"The Courier"},{"floor":26.0,"key":"Smiling Mask"},{"floor":29.0,"key":"Toxic Egg 2"},{"floor":29.0,"key":"Cables"},{"floor":44.0,"key":"Circlet"},{"floor":46.0,"key":"Circlet"},{"floor":54,"key":"Circlet"}],"event_choices":[{"cards_removed":["Strike_B"],"damage_healed":0.0,"max_hp_gain":0.0,"max_hp_loss":0.0,"gold_gain":0.0,"event_name":"Golden Wing","player_choice":"Card Removal","floor":2.0,"gold_loss":0.0,"damage_taken":7.0},{"damage_healed":0.0,"max_hp_gain":0.0,"max_hp_loss":0.0,"gold_gain":0.0,"event_name":"Masked Bandits","player_choice":"Fought Bandits","floor":21.0,"gold_loss":0.0,"damage_taken":0.0},{"cards_removed":["Defend_B"],"damage_healed":0.0,"max_hp_gain":0.0,"max_hp_loss":0.0,"gold_gain":0.0,"event_name":"Back to Basics","player_choice":"Elegance","floor":28.0,"gold_loss":0.0,"damage_taken":0.0},{"damage_healed":0.0,"max_hp_gain":0.0,"max_hp_loss":0.0,"gold_gain":0.0,"event_name":"Lab","player_choice":"Got Potions","floor":30.0,"gold_loss":0.0,"damage_taken":0.0},{"damage_healed":0.0,"max_hp_gain":0.0,"max_hp_loss":0.0,"gold_gain":222.0,"event_name":"Tomb of Lord Red Mask","player_choice":"Wore Mask","floor":38.0,"gold_loss":0.0,"damage_taken":0.0},{"damage_healed":0.0,"max_hp_gain":0.0,"max_hp_loss":0.0,"gold_gain":0.0,"event_name":"Mysterious Sphere","player_choice":"Fight","floor":39.0,"gold_loss":0.0,"damage_taken":0.0}],"is_beta":false,"boss_relics":[{"not_picked":["Nuclear Battery","SacredBark"],"picked":"Calling Bell"},{"not_picked":["Velvet Choker","Pandora\u0027s Box"],"picked":"Tiny House"}],"items_purged_floors":[4,8,13,19,24,31,36,37,41,53],"is_endless":false,"potions_floor_spawned":[3,6,10,12,16,18,20,22,27,33,35,39,40,48,54],"ascension_level":19}}