{"host":"ou23awlgcm0pi7o1","time":1612611163,"event":{"mods":["BaseMod","Colored Map","Downfall","Minty Spire (QoL Compilation)","StSLib","Unceasing Turn Reminder"],"gold_per_floor":[99,110,122,139,139,167,194,213,213,229,264,276,276,294,314,410,410,410,430,441,441,455,365,389,389,402,432,432,164,198,198,217,316,316,116,133,146,246,261,316,368,268,278,288,288,288,36,54,74,74,74,74,74,74],"floor_reached":52,"language":"ENG","playtime":3248,"items_purged":["bronze:Defend","bronze:Strike"],"score":798,"play_id":"d2770f43-177d-445e-a4d9-786b05e243d7","local_time":"20210206113243","is_ascension_mode":true,"campfire_choices":[{"data":"bronze:Replicate","floor":1.0,"key":"SMITH"},{"data":"bronze:FindAndReplace","floor":9.0,"key":"SMITH"},{"data":"bronze:ForceShield","floor":13.0,"key":"SMITH"},{"floor":18.0,"key":"RECALL"},{"data":"bronze:Repulsor","floor":35.0,"key":"SMITH"},{"data":"bronze:Optimize","floor":42.0,"key":"SMITH"},{"data":"bronze:HardenedForm","floor":46.0,"key":"SMITH"}],"circlet_count":0,"master_deck":["bronze:Strike","bronze:Strike","bronze:Defend","bronze:Defend","bronze:Replicate+1","bronze:Goto+1","bronze:Constructor+1","bronze:Optimize+1","bronze:Philosophize+1","bronze:DelayedGuard","bronze:FindAndReplace+1","bronze:ForceShield+1","bronze:CutThrough","bronze:Invalidate","bronze:NullPointer","bronze:HardenedForm+1","bronze:Overheat","bronze:Iterate","bronze:Verify","bronze:Separator","bronze:OilSpill+1","bronze:FollowUp","bronze:Repulsor+1","bronze:WhirlingStrike","bronze:Verify","bronze:Safeguard+1","bronze:Philosophize+1","bronze:Terminator+1","bronze:Terminator+1","bronze:Virus","bronze:ClassDefault","bronze:Iterate","bronze:ForLoop"],"relics":["bronze:PlatinumCore","Nunchaku","Blood Vial","Lantern","bronze:BottledCode","downfall:RedIOU","Bag of Marbles","hexamod:BolsterEngine","Philosopher\u0027s Stone","downfall:HeartBlessingRed","downfall:HeartBlessingGreen","Potion Belt","Thread and Needle","downfall:HeartBlessingBlue","Membership Card"],"acts_visited":["Exordium","TheCity","TheBeyond","TheEnding"],"potions_floor_usage":[50,52],"damage_taken":[{"damage":0.0,"enemies":"Small Slimes","floor":2.0,"turns":4.0},{"damage":0.0,"enemies":"Cultist","floor":3.0,"turns":4.0},{"damage":2.0,"enemies":"2 Louse","floor":4.0,"turns":3.0},{"damage":16.0,"enemies":"3 Sentries","floor":6.0,"turns":9.0},{"damage":0.0,"enemies":"Exordium Wildlife","floor":8.0,"turns":4.0},{"damage":0.0,"enemies":"Large Slime","floor":10.0,"turns":6.0},{"damage":0.0,"enemies":"Lagavulin","floor":11.0,"turns":7.0},{"damage":3.0,"enemies":"Blue Slaver","floor":12.0,"turns":3.0},{"damage":0.0,"enemies":"2 Fungi Beasts","floor":14.0,"turns":3.0},{"damage":6.0,"enemies":"Lots of Slimes","floor":15.0,"turns":5.0},{"damage":33.0,"enemies":"DF_ARCHETYPE_STREAMLINE","floor":16.0,"turns":9.0},{"damage":11.0,"enemies":"3 Byrds","floor":19.0,"turns":5.0},{"damage":0.0,"enemies":"Chosen","floor":20.0,"turns":4.0},{"damage":14.0,"enemies":"Shelled Parasite and Fungi","floor":22.0,"turns":4.0},{"damage":0.0,"enemies":"downfall:FleeingMerchant","floor":23.0,"turns":4.0},{"damage":0.0,"enemies":"Snecko","floor":26.0,"turns":4.0},{"damage":16.0,"enemies":"Slavers","floor":27.0,"turns":5.0},{"damage":0.0,"enemies":"downfall:FleeingMerchant","floor":29.0,"turns":4.0},{"damage":0.0,"enemies":"Book of Stabbing","floor":30.0,"turns":3.0},{"damage":0.0,"enemies":"Centurion and Healer","floor":32.0,"turns":3.0},{"damage":21.0,"enemies":"WA_ARCHETYPE_CALM","floor":33.0,"turns":7.0},{"damage":0.0,"enemies":"3 Darklings","floor":36.0,"turns":3.0},{"damage":0.0,"enemies":"Orb Walker","floor":37.0,"turns":2.0},{"damage":0.0,"enemies":"downfall:LadyInBlue","floor":38.0,"turns":5.0},{"damage":33.0,"enemies":"Maw","floor":39.0,"turns":6.0},{"damage":0.0,"enemies":"2 Orb Walkers","floor":40.0,"turns":3.0},{"damage":23.0,"enemies":"Spire Growth","floor":43.0,"turns":5.0},{"damage":0.0,"enemies":"4 Shapes","floor":44.0,"turns":3.0},{"damage":0,"enemies":"downfall:FleeingMerchant","floor":47,"turns":4},{"damage":16,"enemies":"Jaw Worm Horde","floor":48,"turns":3},{"damage":19,"enemies":"Spire Growth","floor":49,"turns":3},{"damage":16,"enemies":"SI_POISON_ARCHETYPE","floor":50,"turns":7},{"damage":61,"enemies":"downfall:CharBossMerchant","floor":52,"turns":6}],"seed_played":"-3209827971943729911","potions_obtained":[{"floor":4.0,"key":"Regen Potion"},{"floor":6.0,"key":"sneckomod:MuddlingPotion"},{"floor":8.0,"key":"Explosive Potion"},{"floor":16.0,"key":"Energy Potion"},{"floor":20.0,"key":"Dexterity Potion"},{"floor":27.0,"key":"SteroidPotion"},{"floor":28.0,"key":"CultistPotion"},{"floor":33.0,"key":"SmokeBomb"},{"floor":37.0,"key":"EssenceOfSteel"},{"floor":38.0,"key":"bronze:CleanCodePotion"},{"floor":38.0,"key":"ColorlessPotion"}],"is_trial":false,"path_per_floor":["R","M","M","M","?","E","T","M","R","M","E","M","R","M","M","B",null,"R","M","M","?","M","$","T","?","M","E","?","$","E","?","M","B",null,"R","M","M","?","M","?","T","R","M","M","?","R","$","M","M","B",null,"E"],"character_chosen":"THE_AUTOMATON","items_purchased":["bronze:FollowUp","bronze:Repulsor","Membership Card","bronze:Virus","bronze:ClassDefault"],"campfire_rested":0,"item_purchase_floors":[29,29,47,47,47],"current_hp_per_floor":[70,70,70,68,68,52,52,54,54,56,58,57,57,59,55,39,70,70,59,61,60,46,48,48,48,50,36,36,38,40,40,42,23,60,60,60,60,60,27,29,29,39,18,20,61,61,61,45,28,14,61,0,0,0],"gold":74,"neow_bonus":"REMOVE_CARD","is_daily":false,"chose_seed":false,"campfire_upgraded":6,"win_rate":0.0,"timestamp":1612611163,"path_taken":["R","M","M","M","?","E","T","M","R","M","E","M","R","?","M","BOSS","R","M","M","?","M","$","T","?","M","E","?","?","E","?","M","BOSS","R","M","M","?","?","?","T","R","M","M","?","R","$","M","M","BOSS","E"],"items_purchased_type":["Card","Card","Relic","Card","Card"],"build_version":"2020-12-22","purchased_purges":2,"victory":false,"max_hp_per_floor":[70,70,70,70,70,70,70,70,70,70,70,70,70,70,70,70,70,70,70,70,60,60,60,60,60,60,60,60,60,60,60,60,60,60,60,60,60,60,60,60,60,70,70,70,61,61,61,61,61,61,61,61,61,61],"card_choices":[{"not_picked":["bronze:GetLatest","bronze:BronzeArmor"],"picked":"bronze:Constructor","floor":2.0},{"not_picked":["bronze:BitShift","bronze:BuggyMess"],"picked":"bronze:Optimize","floor":3.0},{"not_picked":["bronze:BugBarrage","bronze:DelayedGuard"],"picked":"bronze:Philosophize","floor":4.0},{"not_picked":["bronze:DigitalCarnage","bronze:BugBarrage"],"picked":"bronze:DelayedGuard","floor":6.0},{"not_picked":["bronze:Overheat","bronze:Branch"],"picked":"bronze:FindAndReplace","floor":8.0},{"not_picked":["bronze:DelayedSlice","bronze:Shield"],"picked":"bronze:ForceShield","floor":10.0},{"not_picked":["bronze:Shield","bronze:Overheat"],"picked":"bronze:CutThrough","floor":11.0},{"not_picked":["bronze:Shield","bronze:WildBeam","bronze:BuggyMess"],"picked":"SKIP","floor":12.0},{"not_picked":["bronze:DarkDash","bronze:BitShift"],"picked":"bronze:Invalidate","floor":14.0},{"not_picked":["bronze:BugBarrage","bronze:Frontload"],"picked":"bronze:NullPointer","floor":15.0},{"not_picked":["bronze:Virus","bronze:FindAndReplace"],"picked":"bronze:HardenedForm","floor":16.0},{"not_picked":["bronze:Frontload+1","bronze:ForceShield"],"picked":"bronze:Overheat","floor":19.0},{"not_picked":["bronze:Backtrace","bronze:DigitalCarnage"],"picked":"bronze:Iterate","floor":20.0},{"not_picked":["bronze:Allocate","bronze:Turbo","bronze:Shield"],"picked":"SKIP","floor":22.0},{"not_picked":["bronze:DigitalCarnage+1","bronze:GetLatest"],"picked":"bronze:Verify","floor":23.0},{"not_picked":["bronze:Turbo","bronze:DelayedGuard+1"],"picked":"bronze:Separator","floor":26.0},{"not_picked":["bronze:Philosophize+1","bronze:Allocate+1"],"picked":"bronze:OilSpill+1","floor":27.0},{"not_picked":["bronze:NullPointer","bronze:Overload","bronze:Boost+1"],"picked":"SKIP","floor":29.0},{"not_picked":["bronze:BugBarrage","bronze:Overheat+1","bronze:Branch+1"],"picked":"SKIP","floor":30.0},{"not_picked":["bronze:Backtrace","bronze:BugBarrage"],"picked":"bronze:WhirlingStrike","floor":32.0},{"not_picked":["bronze:BurnOut","bronze:HardenedForm"],"picked":"bronze:Verify","floor":33.0},{"not_picked":["bronze:WhirlingStrike","bronze:Constructor+1"],"picked":"bronze:Safeguard+1","floor":36.0},{"not_picked":["bronze:WhirlingStrike","bronze:BitShift","bronze:BuggyMess"],"picked":"SKIP","floor":37.0},{"not_picked":["bronze:WildBeam","bronze:Turbo+1"],"picked":"bronze:Philosophize+1","floor":38.0},{"not_picked":["bronze:Overheat","bronze:Separator+1","bronze:BugBarrage+1"],"picked":"SKIP","floor":39.0},{"not_picked":["bronze:CutThrough+1","bronze:BugBarrage"],"picked":"bronze:Terminator+1","floor":40.0},{"not_picked":["bronze:ChosenStrike","bronze:Repair+1"],"picked":"bronze:Terminator+1","floor":43.0},{"not_picked":["bronze:Overheat+1","bronze:Shield","bronze:CutThrough"],"picked":"SKIP","floor":44.0},{"not_picked":["bronze:DelayedSlice","bronze:Turbo","bronze:DarkDash+1"],"picked":"SKIP","floor":47},{"not_picked":["bronze:FindAndReplace","bronze:Overheat+1"],"picked":"bronze:Iterate","floor":48},{"not_picked":["bronze:Invalidate+1","bronze:Safeguard"],"picked":"bronze:ForLoop","floor":49}],"player_experience":363057,"relics_obtained":[{"floor":6.0,"key":"Nunchaku"},{"floor":7.0,"key":"Blood Vial"},{"floor":11.0,"key":"Lantern"},{"floor":24.0,"key":"Akabeko"},{"floor":27.0,"key":"Bag of Marbles"},{"floor":30.0,"key":"hexamod:BolsterEngine"},{"floor":38.0,"key":"Potion Belt"},{"floor":40.0,"key":"Thread and Needle"}],"event_choices":[{"damage_healed":0.0,"max_hp_gain":0.0,"max_hp_loss":0.0,"gold_gain":0.0,"event_name":"Mysterious Sphere","player_choice":"Fight","floor":40.0,"gold_loss":0.0,"damage_taken":0.0}],"is_beta":false,"boss_relics":[{"not_picked":["Tiny House","Cursed Key"],"picked":"bronze:PlatinumCore"},{"not_picked":["Sozu","Calling Bell"],"picked":"Philosopher\u0027s Stone"}],"items_purged_floors":[23,29],"is_endless":false,"potions_floor_spawned":[4,6,8,16,20,22,27,33,37,40,48],"killed_by":"downfall:CharBossMerchant","ascension_level":1}}