{"host":"oigynbtg272c19pw","time":1612641271,"event":{"mods":["BaseMod","Colored Map","Minty Spire (QoL Compilation)","Relic Stats","Slay the Relics Exporter","StSLib"],"gold_per_floor":[114,114,34,109,119,119,148,148,148,158,43,73,87,99,99,174,174,134,134],"floor_reached":18,"playtime":491,"items_purged":["Regret"],"score":390,"play_id":"66ca11bf-79ac-45b5-8a3f-28ec155a0cc6","local_time":"20210206205431","is_ascension_mode":true,"campfire_choices":[{"data":"Wallop","floor":6.0,"key":"SMITH"},{"data":"SignatureMove","floor":8.0,"key":"SMITH"},{"data":"DeusExMachina","floor":15.0,"key":"SMITH"}],"circlet_count":0,"master_deck":["AscendersBane","Strike_P","Strike_P","Strike_P","Strike_P","Defend_P","Defend_P","Defend_P","Defend_P","Eruption","Vigilance","CrushJoints","SignatureMove+1","Wallop+1","DeusExMachina+1","WreathOfFlame","WindmillStrike","Ragnarok","Collect+1","Vault+1"],"relics":["PureWater","NeowsBlessing","Unceasing Top","Akabeko","Toxic Egg 2","Runic Pyramid"],"acts_visited":["Exordium","TheCity"],"potions_floor_usage":[],"damage_taken":[{"damage":0.0,"enemies":"Jaw Worm","floor":1.0,"turns":1.0},{"damage":0.0,"enemies":"2 Louse","floor":5.0,"turns":1.0},{"damage":0.0,"enemies":"Gremlin Nob","floor":7.0,"turns":1.0},{"damage":0.0,"enemies":"Cultist","floor":10.0,"turns":2.0},{"damage":5.0,"enemies":"Lagavulin","floor":12.0,"turns":7.0},{"damage":0.0,"enemies":"Large Slime","floor":13.0,"turns":3.0},{"damage":7.0,"enemies":"Lots of Slimes","floor":14.0,"turns":4.0},{"damage":26,"enemies":"Hexaghost","floor":16,"turns":8},{"damage":22,"enemies":"2 Thieves","floor":18,"turns":2}],"seed_played":"-4621525584636772757","potions_obtained":[{"floor":1.0,"key":"ColorlessPotion"},{"floor":7.0,"key":"Explosive Potion"},{"floor":10.0,"key":"FearPotion"},{"floor":12.0,"key":"LiquidBronze"},{"floor":16,"key":"SpeedPotion"}],"is_trial":false,"path_per_floor":["M","?","$","?","M","R","E","R","T","M","$","E","M","M","R","B",null,"M"],"character_chosen":"WATCHER","items_purchased":["SignatureMove","WindmillStrike"],"campfire_rested":0,"item_purchase_floors":[3,11],"current_hp_per_floor":[61,61,61,50,50,50,50,50,50,50,50,45,45,38,38,12,54,32,32],"gold":134,"neow_bonus":"THREE_ENEMY_KILL","is_daily":false,"chose_seed":false,"campfire_upgraded":3,"win_rate":0.0,"timestamp":1612641271,"path_taken":["M","?","$","?","M","R","E","R","T","M","$","E","M","?","R","BOSS","M"],"items_purchased_type":["Card","Card"],"build_version":"2020-12-13","purchased_purges":1,"victory":false,"max_hp_per_floor":[68,68,68,68,68,68,68,68,68,68,68,68,68,68,68,68,68,68,68],"relic_stats":{"counters":[9,29],"obtain_stats":[{"NeowsBlessing":0,"PureWater":0,"Toxic Egg 2":12,"Unceasing Top":2,"Akabeko":7,"Runic Pyramid":17},{"NeowsBlessing":0,"PureWater":0,"Toxic Egg 2":5,"Unceasing Top":1,"Akabeko":3,"Runic Pyramid":8},{"NeowsBlessing":0,"PureWater":0,"Toxic Egg 2":12,"Unceasing Top":1,"Akabeko":3,"Runic Pyramid":27}],"Unceasing Top":[0]},"card_choices":[{"not_picked":["Crescendo","JustLucky"],"picked":"CrushJoints","floor":1.0},{"not_picked":["Protect","FlurryOfBlows"],"picked":"Wallop","floor":5.0},{"not_picked":["WheelKick","Evaluate"],"picked":"DeusExMachina","floor":7.0},{"not_picked":["Crescendo","FlyingSleeves"],"picked":"WreathOfFlame","floor":10.0},{"not_picked":["WheelKick","FollowUp"],"picked":"Ragnarok","floor":12.0},{"not_picked":["FlurryOfBlows","CrushJoints","SashWhip"],"picked":"SKIP","floor":13.0},{"not_picked":["Indignation+1","Adaptation"],"picked":"Collect+1","floor":14.0},{"not_picked":["Blasphemy+1","Judgement+1"],"picked":"Vault+1","floor":16}],"player_experience":1553168,"relics_obtained":[{"floor":7.0,"key":"Akabeko"},{"floor":12.0,"key":"Toxic Egg 2"}],"event_choices":[{"damage_healed":0.0,"max_hp_gain":0.0,"max_hp_loss":0.0,"gold_gain":0.0,"event_name":"Big Fish","player_choice":"Box","floor":2.0,"gold_loss":0.0,"damage_taken":0.0,"relics_obtained":["Unceasing Top"],"cards_obtained":["Regret"]},{"damage_healed":0.0,"max_hp_gain":0.0,"max_hp_loss":0.0,"gold_gain":75.0,"event_name":"World of Goop","player_choice":"Gather Gold","floor":4.0,"gold_loss":0.0,"damage_taken":11.0}],"is_beta":false,"boss_relics":[{"not_picked":["HolyWater","Tiny House"],"picked":"Runic Pyramid"}],"items_purged_floors":[11],"is_endless":false,"potions_floor_spawned":[1,7,10,12,16],"killed_by":"2 Thieves","ascension_level":20}}