{"host":"mijx6czmnk03eucy","time":1612648291,"event":{"mods":["Aspiration","BaseMod","Better Altar","Better Skull","Better Third Choice","Better-Laid Plans","BetterRewards","Bossed Relics","Challenge The Spire","Colored Map","Colored Powertips","Conspire","Curses Come First","Debug Mod","Disable Question Mark Monsters","Displayed Cursed Tome","Energized Spire","Evolution","Force Act Four","Fox Events","GifTheSpireLib","Googly Eyes","Hermit","Highlight Path","Hubris","Infinite Spire","Jedi Mod","JesterMod","Mimic Mod","Minty Spire (QoL Compilation)","Quick Restart","Rare Cards Sparkle","Relic Filter","Relic Stats","Reliquary","Replay The Spire","SacredBarkPlus","Spicy Shops","Spire Arcade","StS++","StSLib","Stuff the Spire","The Blue Laboratory","The Jungle","Uncapped","Wandering Minibosses","Wide Potions"],"gold_per_floor":[15,15,15,35,47,80,80,105,105,105,118,118,17,31,31,126,126,137,137,137,154,173,173,202,214,214,214,214,214,214,12,12,114,114,134,134,154,6,22,49,49,49,86,86,86,117,117,117,117,117],"floor_reached":51,"language":"ENG","playtime":5925,"items_purged":["Defend_R","Defend_R"],"score":875,"play_id":"d5c91780-280d-4a2a-948a-3fa24df7fa69","local_time":"20210206215131","is_ascension_mode":true,"campfire_choices":[{"data":"hubris:ReadiedAction","floor":7.0,"key":"SMITH"},{"data":"Anger","floor":10.0,"key":"SMITH"},{"floor":12.0,"key":"REST"},{"data":"Bash","floor":15.0,"key":"SMITH"},{"data":"Replay:Many Hands","floor":23.0,"key":"SMITH"},{"data":"StSpp:Succumb","floor":23.0,"key":"SMITH"},{"floor":28.0,"key":"REST"},{"data":"infinitespire:NeuralNetwork","floor":29.0,"key":"SMITH"},{"data":"jedi:MakeshiftSword","floor":29.0,"key":"SMITH"},{"data":"Replay:Undeath\u0027s Touch","floor":30.0,"key":"SMITH"},{"data":"ReplayTheSpireMod:Echoes of Time","floor":30.0,"key":"SMITH"},{"floor":32.0,"key":"REST"},{"data":"Dark Embrace","floor":42,"key":"SMITH"},{"data":"hubris:StunningStrike","floor":42,"key":"SMITH"},{"data":"Rupture","floor":45,"key":"SMITH"},{"data":"Rupture","floor":45,"key":"SMITH"},{"data":"Headbutt","floor":47,"key":"SMITH"},{"data":"StSpp:Succumb","floor":47,"key":"SMITH"},{"data":"Crow Ritual","floor":49,"key":"SMITH"},{"data":"Impatience","floor":49,"key":"SMITH"}],"circlet_count":0,"master_deck":["Iron Wave","ReplayTheSpireMod:Strike From Hell","Sword Boomerang","Headbutt","Defend_R","Defend_R","Bash+1","hubris:ReadiedAction+1","Headbutt+1","StSpp:Succumb+1","Rupture+1","Anger+1","Replay:Undeath\u0027s Touch+1","Rupture+1","Replay:Many Hands+1","StSpp:Succumb+1","Bash+1","hubris:Fate","ReplayTheSpireMod:Echoes of Time+1","jedi:MakeshiftSword+1","Clash","Pommel Strike+1","infinitespire:NeuralNetwork+1","Bloodletting","hubris:StunningStrike+1","Dark Embrace+1","Headbutt+1","Infernal Blade+1","jedi:fear+1","StuffTheSpire:RockThrow+1","Secret Technique","Impatience+1","Crow Ritual+1"],"relics":["Burning Blood","EVO:Axolotl","infinitespire:Golems Mask","jedi:cryingmask","reliquary:BallBearing","Runic Cube","Replay:Arrowhead","wanderingMiniBosses:AbyssPearl","StSpp:SailorCap","WingedGreaves","Replay:Bottled Steam","infinitespire:EvilPickle","energizedSpire:DecayingSkull","Happy Flower","Strange Spoon","Pocketwatch","Replay:Rubber Ducky","hubris:Towel","hubris:IronBody"],"acts_visited":["Exordium","TheCity","TheBeyond"],"potions_floor_usage":[35,35,40,46,50],"damage_taken":[{"damage":12.0,"enemies":"Jaw Worm","floor":1.0,"turns":2.0},{"damage":0.0,"enemies":"Cultist","floor":4.0,"turns":2.0},{"damage":9.0,"enemies":"2 Louse","floor":5.0,"turns":3.0},{"damage":25.0,"enemies":"Lagavulin","floor":6.0,"turns":5.0},{"damage":19.0,"enemies":"Replay:BlueRogue","floor":8.0,"turns":6.0},{"damage":33.0,"enemies":"Exordium Thugs","floor":11.0,"turns":5.0},{"damage":3.0,"enemies":"Blue Slaver","floor":14.0,"turns":2.0},{"damage":35.0,"enemies":"The Guardian","floor":16.0,"turns":7.0},{"damage":12.0,"enemies":"Chosen","floor":18.0,"turns":3.0},{"damage":34.0,"enemies":"Shell Parasite","floor":21.0,"turns":5.0},{"damage":0.0,"enemies":"Sentry and Sphere","floor":22.0,"turns":2.0},{"damage":12.0,"enemies":"conspire:Head Lice","floor":24.0,"turns":3.0},{"damage":11.0,"enemies":"Chosen and Byrds","floor":25.0,"turns":4.0},{"damage":9,"enemies":"Pondfish","floor":33,"turns":5},{"damage":3,"enemies":"3 Shapes","floor":35,"turns":2},{"damage":3,"enemies":"Orb Walker","floor":37,"turns":2},{"damage":14,"enemies":"Sphere and 2 Shapes","floor":39,"turns":3},{"damage":3,"enemies":"Giant Head","floor":40,"turns":2},{"damage":7,"enemies":"3 Darklings","floor":43,"turns":4},{"damage":2,"enemies":"R_Hoarder","floor":46,"turns":5},{"damage":18,"enemies":"Replay:Hell Engine","floor":50,"turns":2}],"seed_played":"-7375970984316563041","potions_obtained":[{"floor":1.0,"key":"LiquidMemories"},{"floor":5.0,"key":"SkillPotion"},{"floor":6.0,"key":"Adrenaline Potion"},{"floor":16.0,"key":"blueLaboratory:BubblePotion"},{"floor":21.0,"key":"blueLaboratory:PyrophylliteBrew"},{"floor":25.0,"key":"Swift Potion"},{"floor":33,"key":"Block Potion"},{"floor":37,"key":"Dexterity Potion"},{"floor":40,"key":"blueLaboratory:TrueEctoplasm"},{"floor":46,"key":"Cursed Concoction"}],"is_trial":false,"path_per_floor":["M","?","$","M","M","E","R","E","T","R","M","R","$","M","R_BF","B",null,"M","?","AVR","M","M","R","E","M","T","?","R","R","R","$","R","B",null,"M","?","M","$","M","E","R","R","MIM","?","R","E","R","?","R","B",null],"character_chosen":"IRONCLAD","items_purchased":["Replay:Undeath\u0027s Touch","Replay:Bottled Steam","Bloodletting","Strange Spoon"],"campfire_rested":3,"item_purchase_floors":[13,31,31,38],"current_hp_per_floor":[74,74,74,80,77,58,58,45,45,45,18,42,42,45,45,16,80,74,74,74,46,52,52,46,41,41,21,45,45,45,45,69,66,80,80,65,68,68,60,63,63,63,62,62,62,66,66,56,56,44],"gold":117,"neow_bonus":"ONE_RARE_RELIC","is_daily":false,"chose_seed":false,"campfire_upgraded":17,"win_rate":0.0,"timestamp":1612648291,"path_taken":["M","?","$","?","M","E","R","E","T","R","?","R","$","M","R_BF","BOSS","M","?","AVR","M","?","R","E","M","T","?","R","R","R","?","R","BOSS","M","?","M","$","?","E","R","R","MIM","?","R","E","R","?","R","BOSS"],"items_purchased_type":["Card","Relic","Card","Relic"],"build_version":"2020-12-22","purchased_purges":2,"victory":true,"max_hp_per_floor":[80,80,80,80,80,80,80,80,80,80,80,80,80,80,80,80,80,80,80,80,80,80,80,80,80,80,80,80,80,80,80,80,80,80,80,80,80,80,80,80,80,80,80,80,80,80,80,80,80,80],"relic_stats":{"Strange Spoon":[12],"Happy Flower":[6],"counters":[21,74],"obtain_stats":[{"jedi:command_common":36,"StSpp:SailorCap":24,"Happy Flower":36,"wanderingMiniBosses:AbyssPearl":21,"EVO:Axolotl":0,"hubris:Towel":44,"Burning Blood":0,"Replay:Arrowhead":20,"Replay:Rubber Ducky":43,"infinitespire:EvilPickle":33,"Strange Spoon":38,"infinitespire:Golems Mask":0,"jedi:cryingmask":8,"reliquary:BallBearing":9,"WingedGreaves":26,"hubris:IronBody":46,"energizedSpire:DecayingSkull":34,"Runic Cube":17,"Replay:Bottled Steam":31,"Pocketwatch":40},{"jedi:command_common":15,"StSpp:SailorCap":12,"Happy Flower":15,"wanderingMiniBosses:AbyssPearl":10,"EVO:Axolotl":0,"hubris:Towel":19,"Burning Blood":0,"Replay:Arrowhead":9,"Replay:Rubber Ducky":19,"infinitespire:EvilPickle":14,"Strange Spoon":16,"infinitespire:Golems Mask":0,"jedi:cryingmask":5,"reliquary:BallBearing":5,"WingedGreaves":13,"hubris:IronBody":20,"energizedSpire:DecayingSkull":14,"Runic Cube":8,"Replay:Bottled Steam":13,"Pocketwatch":18},{"jedi:command_common":56,"StSpp:SailorCap":45,"Happy Flower":56,"wanderingMiniBosses:AbyssPearl":40,"EVO:Axolotl":0,"hubris:Towel":67,"Burning Blood":0,"Replay:Arrowhead":35,"Replay:Rubber Ducky":67,"infinitespire:EvilPickle":54,"Strange Spoon":58,"infinitespire:Golems Mask":0,"jedi:cryingmask":18,"reliquary:BallBearing":18,"WingedGreaves":49,"hubris:IronBody":72,"energizedSpire:DecayingSkull":54,"Runic Cube":32,"Replay:Bottled Steam":49,"Pocketwatch":63}],"Burning Blood":123,"Runic Cube":[0],"Pocketwatch":[3]},"card_choices":[{"not_picked":["Pommel Strike","Sword Boomerang"],"picked":"hubris:ReadiedAction","floor":1.0},{"not_picked":["Pommel Strike","StSpp:Vengeance"],"picked":"Headbutt","floor":4.0},{"not_picked":["Pommel Strike","Combust"],"picked":"StSpp:Succumb","floor":5.0},{"not_picked":["jedi:controlledanger","jedi:hate"],"picked":"Rupture","floor":6.0},{"not_picked":["True Grit","StuffTheSpire:Slingshot"],"picked":"Anger","floor":8.0},{"not_picked":["StSpp:BladeOfBlood","Entrench","Twin Strike"],"picked":"SKIP","floor":11.0},{"not_picked":["Abandon","Flex"],"picked":"Rupture","floor":14.0},{"not_picked":["Eclipse","Feed"],"picked":"Replay:Many Hands","floor":16.0},{"not_picked":["StSpp:TheBiggerTheyAre+1","Flex"],"picked":"StSpp:Succumb","floor":18.0},{"not_picked":["Heavy Blade","ReplayTheSpireMod:Strike From Hell"],"picked":"jedi:MakeshiftSword","floor":21.0},{"not_picked":["Warcry","StuffTheSpire:Slingshot"],"picked":"Clash","floor":22.0},{"not_picked":["Wild Strike+1","Power Through","Fire Breathing+1"],"picked":"SKIP","floor":24.0},{"not_picked":["StSpp:Turnabout","StuffTheSpire:Slingshot"],"picked":"Pommel Strike+1","floor":25.0},{"not_picked":["hubris:Fate","infinitespire:Fortify"],"picked":"infinitespire:NeuralNetwork","floor":27.0},{"not_picked":["Demon Form","Fiend Fire"],"picked":"hubris:StunningStrike","floor":33},{"not_picked":["Rage+1","Clash+1"],"picked":"Dark Embrace","floor":35},{"not_picked":["True Grit+1","Sentinel+1"],"picked":"Headbutt+1","floor":37},{"not_picked":["Wild Strike","ReplayTheSpireMod:Strike From Hell+1"],"picked":"Infernal Blade+1","floor":39},{"not_picked":["True Grit","Demon Form","Wild Strike"],"picked":"SKIP","floor":40},{"not_picked":["hubris:StunningStrike","Shrug It Off"],"picked":"jedi:fear+1","floor":43},{"not_picked":["Warcry","Infernal Blade"],"picked":"StuffTheSpire:RockThrow+1","floor":46},{"not_picked":["StSpp:MindBarrier","StSpp:Resilience"],"picked":"Secret Technique","floor":48},{"not_picked":["StuffTheSpire:PlasmaPunch","Madness"],"picked":"Impatience","floor":48},{"not_picked":["ReplayTheSpireMod:Trickstab","Impatience"],"picked":"Crow Ritual","floor":48}],"player_experience":747717,"relics_obtained":[{"floor":8.0,"key":"jedi:cryingmask"},{"floor":9.0,"key":"reliquary:BallBearing"},{"floor":21.0,"key":"wanderingMiniBosses:AbyssPearl"},{"floor":24.0,"key":"StSpp:SailorCap"},{"floor":26.0,"key":"WingedGreaves"},{"floor":40,"key":"Pocketwatch"},{"floor":43,"key":"Replay:Rubber Ducky"},{"floor":46,"key":"hubris:IronBody"}],"event_choices":[{"cards_removed":["Strike_R"],"damage_healed":0.0,"max_hp_gain":0.0,"max_hp_loss":0.0,"gold_gain":0.0,"event_name":"Bonfire Elementals","player_choice":"Offered Basic","floor":2.0,"gold_loss":0.0,"damage_taken":0.0},{"damage_healed":0.0,"max_hp_gain":0.0,"max_hp_loss":0.0,"gold_gain":0.0,"event_name":"Duplicator","player_choice":"Copied","floor":19.0,"gold_loss":0.0,"damage_taken":0.0,"cards_obtained":["Bash"]},{"damage_healed":0,"gold_gain":0,"player_choice":"Memory 3","damage_taken":10,"max_hp_gain":0,"max_hp_loss":0,"event_name":"SensoryStone","floor":48,"gold_loss":0}],"is_beta":false,"boss_relics":[{"not_picked":["aspiration:SilentSkillbook","reliquary:Ember"],"picked":"Runic Cube"},{"not_picked":["Velvet Choker","aspiration:RitualDagger"],"picked":"energizedSpire:DecayingSkull"}],"items_purged_floors":[13,20],"is_endless":false,"potions_floor_spawned":[1,5,6,16,21,25,33,37,40,46],"ascension_level":4}}