{"host":"uhnh33uh34qot0et","time":1612648088,"event":{"mods":["BaseMod","Colored Map","Downfall","Hermit","Marisa????????","Minty Spire (QoL Compilation)","StSLib","The Bug Knight","The Cursed","The Servant 0.9.4"],"gold_per_floor":[115,115,131,131,131,131,131,131,158,170,181,198,373,389,389,484,484,504,198,215,227,227,227,257,257,257,207,207,225,225,241,241,341,341,353,371,371,385,396,396,446,446,472,506,506,555,570,122,122,122,122],"floor_reached":50,"language":"ENG","playtime":1528,"items_purged":[],"score":557,"play_id":"6dab54e2-85d4-4c09-9b0d-5eb92a0e7313","local_time":"20210206224808","is_ascension_mode":false,"campfire_choices":[{"data":"Poisoned Stab","floor":6,"key":"SMITH"},{"data":"Bane","floor":8,"key":"SMITH"},{"data":"Terror","floor":15,"key":"SMITH"},{"data":"Crippling Poison","floor":23,"key":"SMITH"},{"data":"Slice","floor":25,"key":"SMITH"},{"data":"Dagger Spray","floor":28,"key":"SMITH"},{"floor":30,"key":"REST"},{"floor":32,"key":"REST"},{"floor":40,"key":"REST"},{"floor":42,"key":"REST"},{"data":"Envenom","floor":45,"key":"SMITH"},{"floor":49,"key":"REST"}],"circlet_count":0,"master_deck":["Strike_G","Strike_G","Strike_G","Strike_G","Strike_G+1","Defend_G","Defend_G","Defend_G","Defend_G","Defend_G+1","Survivor","Neutralize","Bane+1","Poisoned Stab+1","Dagger Throw","Crippling Poison+1","Dagger Spray+1","Doubt","Terror+1","Unload","Slice+1","Dagger Throw","Adrenaline","Slice","Noxious Fumes","Dodge and Roll+1","Envenom+1","Deadly Poison+1","Slice+1","Crippling Poison+1","Endless Agony","Deadly Poison","Bane+1","Endless Agony+1","Dark Shackles","Caltrops","Dagger Spray","Riddle With Holes","Magnetism"],"relics":["Ring of the Serpent","Bronze Scales","Blue Candle","Nunchaku","WristBlade","Membership Card","Snake Skull","Orichalcum","Bottled Flame","Slimebound:StickyStick","Du-Vu Doll","sneckomod:BlankCard","Sundial","Guardian:PocketSentry","champ:DuelingGlove"],"acts_visited":["Exordium","TheCity","TheBeyond"],"potions_floor_usage":[16,16,21,24,24,33,36,38,44,50,50,50],"damage_taken":[{"damage":1,"enemies":"Jaw Worm","floor":1,"turns":4},{"damage":0,"enemies":"2 Louse","floor":3,"turns":3},{"damage":0,"enemies":"Small Slimes","floor":10,"turns":1},{"damage":0,"enemies":"2 Fungi Beasts","floor":11,"turns":3},{"damage":0,"enemies":"Exordium Thugs","floor":12,"turns":3},{"damage":0,"enemies":"Gremlin Gang","floor":14,"turns":3},{"damage":16,"enemies":"The Guardian","floor":16,"turns":11},{"damage":10,"enemies":"Chosen","floor":18,"turns":4},{"damage":8,"enemies":"Spheric Guardian","floor":20,"turns":3},{"damage":0,"enemies":"Cultist and Chosen","floor":21,"turns":4},{"damage":0,"enemies":"Gremlin Leader","floor":24,"turns":5},{"damage":24,"enemies":"Snake Plant","floor":29,"turns":4},{"damage":2,"enemies":"Centurion and Healer","floor":31,"turns":4},{"damage":46,"enemies":"Collector","floor":33,"turns":8},{"damage":24,"enemies":"3 Darklings","floor":35,"turns":3},{"damage":2,"enemies":"Orb Walker","floor":36,"turns":2},{"damage":25,"enemies":"Jaw Worm Horde","floor":38,"turns":4},{"damage":11,"enemies":"Spire Growth","floor":39,"turns":4},{"damage":2,"enemies":"Mind Bloom Boss Battle","floor":41,"turns":7},{"damage":0,"enemies":"HollowMod:StalkingDevout","floor":44,"turns":3},{"damage":19,"enemies":"Maw","floor":47,"turns":5},{"damage":63,"enemies":"Awakened One","floor":50,"turns":9}],"seed_played":"837995593123989266","potions_obtained":[{"floor":1,"key":"CunningPotion"},{"floor":3,"key":"DuplicationPotion"},{"floor":10,"key":"AttackPotion"},{"floor":20,"key":"AttackPotion"},{"floor":21,"key":"SkillPotion"},{"floor":31,"key":"BlessingOfTheForge"},{"floor":33,"key":"Slimebound:ThreeZeroPotion"},{"floor":36,"key":"Explosive Potion"},{"floor":41,"key":"BlessingOfTheForge"},{"floor":47,"key":"EssenceOfSteel"}],"is_trial":false,"path_per_floor":["M","?","M","$","?","R","?","R","T","M","M","M","?","M","R","B",null,"M","$","M","M","?","R","E","R","T","?","R","M","R","M","R","B",null,"M","M","$","M","M","R","?","R","T","E","R","T","M","$","R","B"],"character_chosen":"THE_SILENT","items_purchased":["Membership Card","Snake Skull","Orichalcum","champ:DuelingGlove","EssenceOfSteel","FearPotion","Dark Shackles","Caltrops","Dagger Spray","Riddle With Holes","Magnetism"],"campfire_rested":5,"item_purchase_floors":[19,19,19,48,48,48,48,48,48,48,48],"current_hp_per_floor":[69,74,74,74,59,59,54,54,54,54,54,54,54,54,54,38,75,65,65,57,57,57,57,57,57,57,57,57,33,55,53,75,29,75,51,49,49,24,13,35,33,55,55,55,55,55,36,36,58,0,0],"gold":122,"neow_bonus":"RANDOM_COMMON_RELIC","is_daily":false,"chose_seed":false,"campfire_upgraded":7,"win_rate":0.0,"timestamp":1612648088,"path_taken":["M","?","M","$","?","R","?","R","T","M","?","M","?","M","R","BOSS","M","$","M","M","?","R","E","R","T","?","R","?","R","M","R","BOSS","M","M","$","M","?","R","?","R","T","E","R","?","M","$","R","BOSS"],"items_purchased_type":["Relic","Relic","Relic","Relic","Potion","Potion","Card","Card","Card","Card","Card"],"build_version":"2020-12-22","purchased_purges":0,"victory":false,"max_hp_per_floor":[70,75,75,75,75,75,75,75,75,75,75,75,75,75,75,75,75,75,75,75,75,75,75,75,75,75,75,75,75,75,75,75,75,75,75,75,75,75,75,75,75,75,75,75,75,75,75,75,75,75,75],"card_choices":[{"not_picked":["Choke","Slice"],"picked":"Bane","floor":1},{"not_picked":["Predator","Tactician"],"picked":"Poisoned Stab","floor":3},{"not_picked":["Dagger Spray","Quick Slash"],"picked":"Dagger Throw","floor":10},{"not_picked":["Flying Knee","Blade Dance"],"picked":"Crippling Poison","floor":11},{"not_picked":["Flying Knee","Well Laid Plans"],"picked":"Dagger Spray","floor":12},{"not_picked":["Calculated Gamble","Heel Hook"],"picked":"Terror","floor":14},{"not_picked":["Burst","Adrenaline"],"picked":"Unload","floor":16},{"not_picked":["Sucker Punch+1","Deflect+1"],"picked":"Slice","floor":18},{"not_picked":["Prepared+1","PiercingWail"],"picked":"Dagger Throw","floor":20},{"not_picked":["Underhanded Strike","Backflip"],"picked":"Adrenaline","floor":21},{"not_picked":["Expertise+1","Prepared"],"picked":"Slice","floor":24},{"not_picked":["Footwork","Dagger Throw"],"picked":"Noxious Fumes","floor":29},{"not_picked":["Expertise","Flying Knee"],"picked":"Dodge and Roll+1","floor":31},{"not_picked":["Die Die Die","Unload"],"picked":"Envenom","floor":33},{"not_picked":["Sucker Punch+1","Deflect"],"picked":"Deadly Poison+1","floor":35},{"not_picked":["Backflip+1","Deadly Poison+1"],"picked":"Slice+1","floor":36},{"not_picked":["Sucker Punch","Deflect"],"picked":"Crippling Poison+1","floor":38},{"not_picked":["Outmaneuver+1","Sucker Punch"],"picked":"Endless Agony","floor":39},{"not_picked":["Wraith Form v2","Quick Slash"],"picked":"Deadly Poison","floor":41},{"not_picked":["Heel Hook","Dagger Spray+1"],"picked":"Bane+1","floor":44},{"not_picked":["Poisoned Stab","PiercingWail"],"picked":"Endless Agony+1","floor":47}],"player_experience":18474,"relics_obtained":[{"floor":9,"key":"Nunchaku"},{"floor":24,"key":"Bottled Flame"},{"floor":26,"key":"Slimebound:StickyStick"},{"floor":41,"key":"Du-Vu Doll"},{"floor":43,"key":"sneckomod:BlankCard"},{"floor":44,"key":"Sundial"},{"floor":46,"key":"Guardian:PocketSentry"}],"event_choices":[{"damage_healed":0,"gold_gain":0,"player_choice":"Donut","damage_taken":0,"max_hp_gain":5,"max_hp_loss":0,"event_name":"Big Fish","floor":2,"gold_loss":0},{"damage_healed":0,"gold_gain":0,"player_choice":"Entered Light","damage_taken":15,"max_hp_gain":0,"max_hp_loss":0,"event_name":"Shining Light","floor":5,"gold_loss":0,"cards_upgraded":["Strike_G","Defend_G"]},{"damage_healed":0,"gold_gain":175,"player_choice":"AGREE","damage_taken":0,"max_hp_gain":0,"max_hp_loss":0,"event_name":"Liars Game","floor":13,"gold_loss":0,"cards_obtained":["Doubt"]},{"damage_healed":0,"gold_gain":0,"player_choice":"Ignored","damage_taken":0,"max_hp_gain":0,"max_hp_loss":0,"event_name":"Ghosts","floor":22,"gold_loss":0},{"damage_healed":0,"gold_gain":0,"player_choice":"Bet on Murderer","damage_taken":0,"max_hp_gain":0,"max_hp_loss":0,"event_name":"The Joust","floor":27,"gold_loss":50},{"damage_healed":0,"gold_gain":0,"player_choice":"Fight","damage_taken":0,"max_hp_gain":0,"max_hp_loss":0,"event_name":"MindBloom","floor":41,"gold_loss":0}],"is_beta":false,"boss_relics":[{"not_picked":["Black Star","Ectoplasm"],"picked":"WristBlade"},{"not_picked":["Philosopher\u0027s Stone","Coffee Dripper"],"picked":"Ring of the Serpent"}],"items_purged_floors":[],"is_endless":false,"potions_floor_spawned":[1,3,10,12,20,21,31,33,36,41,47],"killed_by":"Awakened One","ascension_level":0}}