{"host":"knspyp6dy614fx6e","time":1612622360,"event":{"mods":["ATMod(°¢èªMod)","Aspiration","BaseMod","Bestiary","Better Altar","Better Skull","Better Third Choice","Block Reminder","Card Filter","Conspire","DeckTracker","Dota2Spire","Energized Spire","Jedi Mod","Minty Spire (QoL Compilation)","Monster B Gone","Quick Restart","Relic Filter Mod","Relic Stats","Reliquary","Replay The Spire","Shop Mod","Spicy Shops","StSLib","TestMod","Waifu the Spire","Weighted Paths","¡¾ÒÅÎï¿¨ÅÆ¡¿REMEMod"],"gold_per_floor":[117,130,143,155,166,3,3,31,31,31,50,50,62,79,79,79,79],"floor_reached":16,"language":"ZHS","playtime":500,"items_purged":[],"score":312,"play_id":"f3f2c7e2-7592-44c0-a528-f42984944a5d","local_time":"20210206223920","is_ascension_mode":true,"campfire_choices":[{"data":"Rampage","floor":7.0,"key":"SMITH"},{"data":"AT_DrawKnifeCut","floor":10.0,"key":"SMITH"},{"data":"conspire:ExplosiveBarrier","floor":12.0,"key":"SMITH"},{"floor":15.0,"key":"REST"}],"circlet_count":0,"master_deck":["AscendersBane","Strike_R","Strike_R","Strike_R","Strike_R","Defend_R","Defend_R","Defend_R","Bash","Sword Boomerang","AT_DrawKnifeCut+1","conspire:ExplosiveBarrier+1","Rampage+1","Burning Pact+1","Feed"],"relics":["Burning Blood","AT_ATBox","testmod-TestBox","jedi:fakemustache","Bag of Marbles","Toxic Egg 2"],"acts_visited":["Exordium"],"potions_floor_usage":[16],"damage_taken":[{"damage":7.0,"enemies":"Cultist","floor":1.0,"turns":4.0},{"damage":10.0,"enemies":"Small Slimes","floor":2.0,"turns":3.0},{"damage":12.0,"enemies":"Jaw Worm","floor":3.0,"turns":3.0},{"damage":22.0,"enemies":"3 Louse","floor":4.0,"turns":2.0},{"damage":7.0,"enemies":"Exordium Wildlife","floor":5.0,"turns":3.0},{"damage":8.0,"enemies":"Gremlin Nob","floor":8.0,"turns":3.0},{"damage":0.0,"enemies":"2 Fungi Beasts","floor":11.0,"turns":2.0},{"damage":6.0,"enemies":"Looter","floor":13.0,"turns":3.0},{"damage":8.0,"enemies":"Large Slime","floor":14.0,"turns":3.0},{"damage":0,"enemies":"Slime Boss","floor":16,"turns":5}],"seed_played":"6927059307237617326","potions_obtained":[{"floor":4.0,"key":"Strength Potion"},{"floor":8.0,"key":"SteroidPotion"},{"floor":13.0,"key":"Strength Potion"},{"floor":14.0,"key":"Weak Potion"}],"is_trial":false,"path_per_floor":["M","M","M","M","M","$","R","E","T","R","M","R","M","M","R","B"],"character_chosen":"IRONCLAD","items_purchased":["jedi:fakemustache"],"campfire_rested":1,"item_purchase_floors":[6],"current_hp_per_floor":[49,45,39,23,22,32,32,30,30,30,36,36,36,34,56,56,56],"gold":79,"neow_bonus":"REMOVE_TWO","is_daily":false,"chose_seed":false,"campfire_upgraded":3,"win_rate":0.0,"timestamp":1612622360,"path_taken":["M","M","M","M","M","?","R","E","T","R","?","R","M","M","R","BOSS"],"items_purchased_type":["Relic"],"build_version":"2020-12-22","purchased_purges":0,"victory":false,"max_hp_per_floor":[75,75,75,75,75,75,75,75,75,75,75,75,75,75,75,75,75],"relic_stats":{"counters":[10,31],"obtain_stats":[{"jedi:fakemustache":6,"AT_ATBox":0,"testmod-TestBox":0,"Bag of Marbles":8,"Toxic Egg 2":9,"Burning Blood":0},{"jedi:fakemustache":5,"AT_ATBox":0,"testmod-TestBox":0,"Bag of Marbles":6,"Toxic Egg 2":6,"Burning Blood":0},{"jedi:fakemustache":15,"AT_ATBox":0,"testmod-TestBox":0,"Bag of Marbles":18,"Toxic Egg 2":18,"Burning Blood":0}],"Burning Blood":54},"card_choices":[{"not_picked":["Perfected Strike","Havoc"],"picked":"Sword Boomerang","floor":1.0},{"not_picked":["Havoc","Twin Strike","Cleave"],"picked":"SKIP","floor":2.0},{"not_picked":["Twin Strike","Spot Weakness"],"picked":"AT_DrawKnifeCut","floor":3.0},{"not_picked":["Reckless Charge","Clothesline"],"picked":"conspire:ExplosiveBarrier","floor":4.0},{"not_picked":["Shrug It Off","Twin Strike"],"picked":"Rampage","floor":5.0},{"not_picked":["Shrug It Off","Dual Wield","Thunderclap"],"picked":"SKIP","floor":8.0},{"not_picked":["Dark Embrace","AT_DrawKnifeCut"],"picked":"Burning Pact+1","floor":11.0},{"not_picked":["Iron Wave","Perfected Strike","Heavy Blade"],"picked":"SKIP","floor":13.0},{"not_picked":["Havoc+1","Thunderclap"],"picked":"Feed","floor":14.0}],"player_experience":331569,"relics_obtained":[{"floor":8.0,"key":"Bag of Marbles"},{"floor":9.0,"key":"Toxic Egg 2"}],"event_choices":[],"is_beta":false,"boss_relics":[],"items_purged_floors":[],"is_endless":false,"potions_floor_spawned":[4,8,13,14],"killed_by":"Slime Boss","ascension_level":20}}