{"host":"kq5z4hx2798lxd5l","time":1612637776,"event":{"mods":["BaseMod","Better Note","BetterRewards","Colored Map","Colored Powertips","Downfall","Hermit","Hubris","Infinite Spire","Jorbs\u0027s Wanderer Trilogy","Marisa????????","Minty Spire (QoL Compilation)","Rare Cards Sparkle","Reliquary","Replay The Spire","StSLib","The Cursed","The Disciple","The Hierophant","The Necromancer","The Runesmith","The Servant 0.9.4"],"gold_per_floor":[114,132,147,147,163,163,194,194,245,14,14,14,27,58,58,157,157,168,17,51,71,71,71,2,2,81,81,101,101,126,146,146,241,241,256,256,275,287,305,305,336,336,361,388,388,388,388],"floor_reached":46,"language":"SPA","playtime":3552,"items_purged":["TheCursedMod:Strike_TheCursed","TheCursedMod:Strike_TheCursed"],"score":701,"play_id":"0b18e5e9-2658-4c37-8051-74198d3c06b2","local_time":"20210206185616","is_ascension_mode":false,"campfire_choices":[{"data":"TheCursedMod:ReleasedKnowledge","floor":6,"key":"SMITH"},{"data":"TheCursedMod:TroublousMinions","floor":8,"key":"SMITH"},{"data":"TheCursedMod:DemonSword","floor":23,"key":"SMITH"},{"data":"TheCursedMod:HellsGateOpen","floor":25,"key":"SMITH"},{"data":"TheCursedMod:ManaCirculation","floor":27,"key":"SMITH"},{"data":"TheCursedMod:CleanUpWorkshop","floor":29,"key":"SMITH"},{"floor":32,"key":"DIG"},{"data":"TheCursedMod:Grudge","floor":40,"key":"SMITH"},{"data":"TheCursedMod:AntiAging","floor":45,"key":"SMITH"}],"circlet_count":0,"master_deck":["TheCursedMod:Defend_TheCursed","TheCursedMod:Defend_TheCursed","TheCursedMod:Defend_TheCursed","TheCursedMod:CursedWand","TheCursedMod:CleanUpWorkshop+1","TheCursedMod:Dregs","TheCursedMod:TacticalStrike+1","TheCursedMod:TroublousMinions+1","TheCursedMod:Stigma","TheCursedMod:ReleasedKnowledge+1","TheCursedMod:SpitefulPlan+1","TheCursedMod:WearCloak","TheCursedMod:ManaCirculation+1","TheCursedMod:CursedMace","TheCursedMod:ReleasedStrength","TheCursedMod:ReleasedStrength","TheCursedMod:DemonSword+1","TheCursedMod:LuckyCharm+1","TheCursedMod:CursedShiv","TheCursedMod:CursedAmulet","TheCursedMod:HellsGateOpen+1","TheCursedMod:HellsGateOpen+1","TheCursedMod:SmokeScreen+1","TheCursedMod:Grudge+1","TheCursedMod:AntiAging+1","TheCursedMod:Stretching","TheCursedMod:ForbiddenAlchemy"],"relics":["TheCursedMod:BlackMagic101","hubris:OldNail","infinitespire:Beetle Shell","ReplayTheSpireMod:Lightbulb","Tiny Chest","Coffee Dripper","Red Mask","Frozen Egg 2","reliquary:TatteredRug","Gremlin Food","hubris:Backtick","Quantum Egg","Chameleon Ring","reliquary:Knoch","ReplayFunnel"],"acts_visited":["Exordium","TheCity","TheBeyond"],"potions_floor_usage":[7,14,16,30,33,41,41,46],"damage_taken":[{"damage":0,"enemies":"2 Louse","floor":1,"turns":2},{"damage":0,"enemies":"Cultist","floor":2,"turns":3},{"damage":0,"enemies":"Jaw Worm","floor":3,"turns":3},{"damage":1,"enemies":"Exordium Wildlife","floor":5,"turns":5},{"damage":8,"enemies":"Lagavulin","floor":7,"turns":6},{"damage":1,"enemies":"2 Fungi Beasts","floor":13,"turns":4},{"damage":6,"enemies":"3 Sentries","floor":14,"turns":8},{"damage":33,"enemies":"Slime Boss","floor":16,"turns":11},{"damage":6,"enemies":"2 Thieves","floor":18,"turns":4},{"damage":20,"enemies":"Masked Bandits","floor":20,"turns":7},{"damage":0,"enemies":"Shell Parasite","floor":21,"turns":5},{"damage":0,"enemies":"Centurion and Healer","floor":28,"turns":4},{"damage":3,"enemies":"Book of Stabbing","floor":30,"turns":6},{"damage":0,"enemies":"3 Cultists","floor":31,"turns":6},{"damage":2,"enemies":"Automaton","floor":33,"turns":12},{"damage":1,"enemies":"Orb Walker","floor":35,"turns":5},{"damage":0,"enemies":"3 Darklings","floor":37,"turns":6},{"damage":0,"enemies":"Transient","floor":38,"turns":5},{"damage":6,"enemies":"Jaw Worm Horde","floor":39,"turns":5},{"damage":56,"enemies":"Nightmare","floor":41,"turns":8},{"damage":25,"enemies":"4 Shapes","floor":46,"turns":6}],"seed_played":"-8684742730774306321","potions_obtained":[{"floor":1,"key":"AttackPotion"},{"floor":2,"key":"Block Potion"},{"floor":7,"key":"Weak Potion"},{"floor":18,"key":"Block Potion"},{"floor":30,"key":"SkillPotion"},{"floor":31,"key":"Elixir"},{"floor":33,"key":"EssenceOfSteel"},{"floor":35,"key":"Fire Potion"},{"floor":42,"key":"infinitespire:BlackPotion"},{"floor":42,"key":"Dexterity Potion"}],"is_trial":false,"path_per_floor":["M","M","M","?","M","R","E","R","T","$","T","?","M","E","R_BF","B",null,"M","$","?","M","?","R","$","R","T","R","M","R","E","M","R_BF","B",null,"M","?","M","M","M","R","NM","R","T","T","R","M"],"character_chosen":"THE_CURSED","items_purchased":["TheCursedMod:TacticalStrike+1","TheCursedMod:ManaCirculation","TheCursedMod:LuckyCharm+1","TheCursedMod:HellsGateOpen"],"campfire_rested":0,"item_purchase_floors":[0,10,19,24],"current_hp_per_floor":[75,75,75,75,74,74,66,66,66,66,66,66,65,59,59,26,75,69,69,49,49,49,49,49,49,49,49,49,49,46,46,46,44,75,76,76,78,80,74,74,20,20,20,20,20,0,0],"gold":388,"neow_bonus":"","is_daily":false,"chose_seed":false,"campfire_upgraded":8,"win_rate":0.0,"timestamp":1612637776,"path_taken":["M","M","M","?","M","R","E","R","T","?","?","?","M","E","R_BF","BOSS","M","$","?","M","?","R","$","R","T","R","M","R","E","M","R_BF","BOSS","M","?","M","M","M","R","NM","R","T","?","R","M"],"items_purchased_type":["Card","Card","Card","Card"],"build_version":"2020-12-22","purchased_purges":2,"victory":false,"max_hp_per_floor":[75,75,75,75,75,75,75,75,75,75,75,75,75,75,75,75,75,75,75,75,75,75,75,75,75,75,75,75,75,75,75,75,75,75,77,77,79,81,81,81,83,83,83,83,83,86,86],"card_choices":[{"not_picked":["TheCursedMod:RapidMovement","TheCursedMod:SoulReap"],"picked":"TheCursedMod:TroublousMinions","floor":1},{"not_picked":["TheCursedMod:TacticalStrike","TheCursedMod:SurpriseAttack"],"picked":"TheCursedMod:Stigma","floor":2},{"not_picked":["TheCursedMod:ManaBullet","TheCursedMod:Wield"],"picked":"TheCursedMod:ReleasedKnowledge","floor":3},{"not_picked":["TheCursedMod:DoubleShield","TheCursedMod:CursedAmulet"],"picked":"TheCursedMod:SpitefulPlan","floor":5},{"not_picked":["TheCursedMod:CursedSpellbook","TheCursedMod:CursedShiv"],"picked":"TheCursedMod:WearCloak","floor":7},{"not_picked":["TheCursedMod:TacticalStrike","TheCursedMod:Hemoplague"],"picked":"TheCursedMod:CursedMace","floor":13},{"not_picked":["TheCursedMod:SpitefulPlan","TheCursedMod:FleshFromBone"],"picked":"TheCursedMod:ReleasedStrength","floor":14},{"not_picked":["TheCursedMod:NeowsMight","TheCursedMod:StunningStrike"],"picked":"TheCursedMod:DemonSword","floor":16},{"not_picked":["TheCursedMod:Stretching","TheCursedMod:CircleOfCorruption","TheCursedMod:TacticalStrike"],"picked":"SKIP","floor":18},{"not_picked":["TheCursedMod:VitalStrike+1","TheCursedMod:CursedMace"],"picked":"TheCursedMod:CursedShiv","floor":20},{"not_picked":["TheCursedMod:ReleasedStrength","TheCursedMod:HellfireBreathing"],"picked":"TheCursedMod:CursedAmulet","floor":21},{"not_picked":["TheCursedMod:CircleOfAmplification","TheCursedMod:CursedAmulet"],"picked":"TheCursedMod:HellsGateOpen+1","floor":28},{"not_picked":["TheCursedMod:PrepareRite","TheCursedMod:OutForBlood+1"],"picked":"TheCursedMod:SmokeScreen+1","floor":30},{"not_picked":["TheCursedMod:SpitefulStrike","TheCursedMod:CursedArmor+1"],"picked":"TheCursedMod:Grudge","floor":31},{"not_picked":["TheCursedMod:ManaCirculation+1","TheCursedMod:DemonSword"],"picked":"TheCursedMod:AntiAging","floor":33},{"not_picked":["TheCursedMod:SpitefulStrike","TheCursedMod:SpitefulPlan+1","TheCursedMod:CursedShiv+1"],"picked":"SKIP","floor":35},{"not_picked":["TheCursedMod:SpitefulStrike","TheCursedMod:SpitefulPlan+1","TheCursedMod:CursedShiv+1"],"picked":"SKIP","floor":35},{"not_picked":["TheCursedMod:SmokeScreen","TheCursedMod:CircleOfFocus+1","TheCursedMod:CursedMace"],"picked":"SKIP","floor":37},{"not_picked":["TheCursedMod:Mangle+1","TheCursedMod:CircleOfBlood+1","TheCursedMod:CursedBlade+1"],"picked":"SKIP","floor":38},{"not_picked":["TheCursedMod:SpitefulStrike","TheCursedMod:SpitefulPlan+1"],"picked":"TheCursedMod:ForbiddenAlchemy","floor":39},{"not_picked":["TheCursedMod:CursedMace+1","TheCursedMod:TacticalStrike","TheCursedMod:Stretching+1"],"picked":"SKIP","floor":41}],"player_experience":503890,"relics_obtained":[{"floor":7,"key":"hubris:OldNail"},{"floor":9,"key":"infinitespire:Beetle Shell"},{"floor":11,"key":"ReplayTheSpireMod:Lightbulb"},{"floor":14,"key":"Tiny Chest"},{"floor":20,"key":"Red Mask"},{"floor":26,"key":"Frozen Egg 2"},{"floor":30,"key":"reliquary:TatteredRug"},{"floor":32,"key":"Gremlin Food"},{"floor":41,"key":"Chameleon Ring"},{"floor":43,"key":"reliquary:Knoch"},{"floor":44,"key":"ReplayFunnel"}],"event_choices":[{"damage_healed":0,"gold_gain":0,"player_choice":"Ignored","damage_taken":0,"max_hp_gain":0,"max_hp_loss":0,"event_name":"betterNote:BetterNote","floor":4,"gold_loss":0,"cards_obtained":["hermit:Vantage"]},{"damage_healed":0,"gold_gain":0,"player_choice":"Fought Bandits","damage_taken":0,"max_hp_gain":0,"max_hp_loss":0,"event_name":"Masked Bandits","floor":20,"gold_loss":0},{"damage_healed":0,"gold_gain":0,"cards_transformed":["TheCursedMod:Defend_TheCursed"],"player_choice":"Transformed","damage_taken":0,"max_hp_gain":0,"max_hp_loss":0,"event_name":"Transmorgrifier","floor":36,"gold_loss":0,"cards_obtained":["TheCursedMod:Stretching"]}],"is_beta":false,"boss_relics":[{"not_picked":["Honey Jar","Velvet Choker"],"picked":"Coffee Dripper"},{"not_picked":["hubris:CrackedHourglass","Replay:Drink Me"],"picked":"hubris:Backtick"}],"items_purged_floors":[10,19],"is_endless":true,"potions_floor_spawned":[1,2,7,18,30,31,33,35],"killed_by":"4 Shapes","ascension_level":0}}