{"host":"g907ck67u7c3hrs6","time":1612619256,"event":{"mods":["BaseMod","Colored Map","DeckTracker","Highlight Path","Keyboard Shortcuts","Minty Spire (QoL Compilation)","Permanent Neow","Say the Spire","SuperFastMode"],"gold_per_floor":[118,12,26,40,55,89,129,141,153,183,214,236,289,311,323,446,458,483,508,554,582,639,651,697,709,721,753,799,821,442,462,462,571,571,589,608,620,455,555,592,592,608,608,279,323,339,33,49,49,49],"floor_reached":51,"language":"KOR","playtime":1568,"items_purged":["Zap","Defend_R","Defend_P","Defend_G+1"],"score":1100,"play_id":"eaca93cf-7f4c-4deb-8ab6-64c9cc831ba9","local_time":"20210206224736","daily_mods":["Chimera","Vintage","DeadlyEvents"],"is_ascension_mode":false,"campfire_choices":[{"data":"Wild Strike","floor":8,"key":"SMITH"},{"data":"Metallicize","floor":15,"key":"SMITH"},{"data":"Demon Form","floor":23,"key":"SMITH"},{"data":"Eruption","floor":25,"key":"SMITH"},{"data":"Apotheosis","floor":32,"key":"SMITH"},{"data":"Brutality","floor":41,"key":"SMITH"},{"data":"1","floor":49,"key":"LIFT"}],"circlet_count":0,"master_deck":["Bash+1","Survivor","Eruption+1","Strike_R","Strike_G","Strike_B","Second Wind+1","Wild Strike+1","Metallicize+1","Demon Form+1","Twin Strike+1","Ghostly","Ghostly","Ghostly","Ghostly","Ghostly","Brutality+1","Wild Strike","Apotheosis+1","Ghostly","Limit Break","Evolve","Dark Embrace+1","Master of Strategy","Pommel Strike","Headbutt+1"],"relics":["Burning Blood","PreservedInsect","Bag of Marbles","White Beast Statue","Gremlin Horn","Blue Candle","MawBank","Vajra","War Paint","Dream Catcher","Meat on the Bone","CeramicFish","TungstenRod","Kunai","Mark of Pain","Matryoshka","WingedGreaves","Red Mask","Sundial","Bronze Scales","Centennial Puzzle","Torii","Bottled Lightning","Bag of Preparation","Du-Vu Doll","DollysMirror","InkBottle","Velvet Choker","Letter Opener","Regal Pillow","Happy Flower","Frozen Egg 2","MealTicket","Akabeko","HornCleat","Girya","Whetstone","Lee\u0027s Waffle","Ancient Tea Set"],"acts_visited":["Exordium","TheCity","TheBeyond"],"potions_floor_usage":[7,13,20,50],"damage_taken":[{"damage":0,"enemies":"Cultist","floor":1,"turns":2},{"damage":2,"enemies":"Small Slimes","floor":3,"turns":4},{"damage":1,"enemies":"Jaw Worm","floor":4,"turns":4},{"damage":11,"enemies":"Blue Slaver","floor":5,"turns":3},{"damage":31,"enemies":"Lagavulin","floor":6,"turns":5},{"damage":12,"enemies":"Gremlin Nob","floor":7,"turns":3},{"damage":0,"enemies":"Looter","floor":10,"turns":1},{"damage":0,"enemies":"3 Louse","floor":11,"turns":1},{"damage":0,"enemies":"Gremlin Gang","floor":12,"turns":3},{"damage":4,"enemies":"3 Sentries","floor":13,"turns":4},{"damage":0,"enemies":"2 Fungi Beasts","floor":14,"turns":3},{"damage":68,"enemies":"The Guardian","floor":16,"turns":13},{"damage":0,"enemies":"Shell Parasite","floor":18,"turns":6},{"damage":15,"enemies":"Spheric Guardian","floor":19,"turns":7},{"damage":39,"enemies":"Masked Bandits","floor":20,"turns":5},{"damage":10,"enemies":"Centurion and Healer","floor":21,"turns":6},{"damage":0,"enemies":"Book of Stabbing","floor":24,"turns":5},{"damage":0,"enemies":"Snake Plant","floor":27,"turns":3},{"damage":0,"enemies":"Gremlin Leader","floor":28,"turns":4},{"damage":0,"enemies":"Cultist and Chosen","floor":29,"turns":4},{"damage":0,"enemies":"Chosen and Byrds","floor":31,"turns":3},{"damage":0,"enemies":"Collector","floor":33,"turns":6},{"damage":0,"enemies":"3 Darklings","floor":35,"turns":4},{"damage":0,"enemies":"Orb Walker","floor":36,"turns":3},{"damage":0,"enemies":"Jaw Worm Horde","floor":37,"turns":4},{"damage":0,"enemies":"Nemesis","floor":40,"turns":5},{"damage":0,"enemies":"Sphere and 2 Shapes","floor":42,"turns":3},{"damage":0,"enemies":"Giant Head","floor":45,"turns":4},{"damage":0,"enemies":"Maw","floor":46,"turns":4},{"damage":0,"enemies":"Writhing Mass","floor":48,"turns":3},{"damage":0,"enemies":"Awakened One","floor":50,"turns":5}],"seed_played":"6398972807402819313","potions_obtained":[{"floor":4,"key":"Ancient Potion"},{"floor":5,"key":"Swift Potion"},{"floor":6,"key":"BloodPotion"},{"floor":7,"key":"Explosive Potion"},{"floor":11,"key":"PowerPotion"},{"floor":13,"key":"Swift Potion"},{"floor":18,"key":"DuplicationPotion"},{"floor":19,"key":"SkillPotion"},{"floor":20,"key":"DuplicationPotion"},{"floor":36,"key":"Strength Potion"}],"is_trial":true,"path_per_floor":["M","?","M","M","M","E","E","R","T","M","M","M","E","M","R","B",null,"M","M","?","M","?","R","E","R","T","M","E","M","$","M","R","B",null,"M","M","M","$","?","E","R","M","T","$","E","M","$","M","R","B",null],"character_chosen":"IRONCLAD","items_purchased":["Apotheosis","DollysMirror","Evolve","Master of Strategy","Pommel Strike","Lee\u0027s Waffle"],"campfire_rested":0,"item_purchase_floors":[30,30,38,44,44,47],"current_hp_per_floor":[80,80,80,80,75,50,60,60,60,66,72,78,80,80,80,30,80,80,71,50,58,40,40,40,40,40,40,40,40,40,40,40,40,40,40,40,40,40,40,40,40,40,40,40,40,40,47,47,47,47],"gold":49,"neow_bonus":"","is_daily":false,"chose_seed":false,"campfire_upgraded":6,"win_rate":0.0,"timestamp":1612619256,"path_taken":["M","?","M","M","?","E","?","R","T","M","M","M","E","M","R","BOSS","M","M","?","M","?","R","E","R","T","M","E","M","$","M","R","BOSS","M","M","M","$","?","E","R","M","T","$","E","M","$","M","R","BOSS"],"items_purchased_type":["Card","Relic","Card","Card","Card","Relic"],"build_version":"2020-12-22","purchased_purges":4,"victory":true,"max_hp_per_floor":[80,80,80,80,80,80,80,80,80,80,80,80,80,80,80,80,80,80,80,80,80,40,40,40,40,40,40,40,40,40,40,40,40,40,40,40,40,40,40,40,40,40,40,40,40,40,47,47,47,47],"card_choices":[{"not_picked":["Headbutt","Armaments"],"picked":"Second Wind","floor":6},{"not_picked":["Sentinel","Heavy Blade"],"picked":"Wild Strike","floor":7},{"not_picked":["Clothesline","Pommel Strike"],"picked":"Metallicize","floor":13},{"not_picked":["Exhume","Fiend Fire"],"picked":"Demon Form","floor":16},{"not_picked":["Clothesline+1","Armaments+1"],"picked":"Twin Strike+1","floor":20},{"not_picked":["Perfected Strike+1","Battle Trance"],"picked":"Brutality","floor":24},{"not_picked":["Shrug It Off+1","Body Slam"],"picked":"Wild Strike","floor":28},{"not_picked":["Demon Form","Bludgeon"],"picked":"Limit Break","floor":33},{"not_picked":["Burning Pact","Havoc+1"],"picked":"Dark Embrace+1","floor":40},{"not_picked":["Body Slam","Shrug It Off"],"picked":"Headbutt","floor":45}],"player_experience":259524,"relics_obtained":[{"floor":1,"key":"PreservedInsect"},{"floor":3,"key":"White Beast Statue"},{"floor":4,"key":"Gremlin Horn"},{"floor":5,"key":"Blue Candle"},{"floor":6,"key":"MawBank"},{"floor":7,"key":"Vajra"},{"floor":9,"key":"War Paint"},{"floor":10,"key":"Dream Catcher"},{"floor":11,"key":"Meat on the Bone"},{"floor":12,"key":"CeramicFish"},{"floor":13,"key":"TungstenRod"},{"floor":14,"key":"Kunai"},{"floor":18,"key":"Matryoshka"},{"floor":19,"key":"WingedGreaves"},{"floor":20,"key":"Red Mask"},{"floor":21,"key":"Sundial"},{"floor":24,"key":"Bronze Scales"},{"floor":26,"key":"Centennial Puzzle"},{"floor":26,"key":"Torii"},{"floor":27,"key":"Bottled Lightning"},{"floor":28,"key":"Bag of Preparation"},{"floor":29,"key":"Du-Vu Doll"},{"floor":31,"key":"InkBottle"},{"floor":35,"key":"Letter Opener"},{"floor":36,"key":"Regal Pillow"},{"floor":37,"key":"Happy Flower"},{"floor":40,"key":"Frozen Egg 2"},{"floor":42,"key":"MealTicket"},{"floor":43,"key":"Akabeko"},{"floor":43,"key":"HornCleat"},{"floor":45,"key":"Girya"},{"floor":46,"key":"Whetstone"},{"floor":48,"key":"Ancient Tea Set"}],"event_choices":[{"damage_healed":0,"gold_gain":0,"player_choice":"Paid Gold","damage_taken":0,"relics_obtained":["Bag of Marbles"],"max_hp_gain":0,"max_hp_loss":0,"event_name":"WeMeetAgain","floor":2,"gold_loss":106},{"damage_healed":0,"gold_gain":0,"player_choice":"Fought Bandits","damage_taken":0,"max_hp_gain":0,"max_hp_loss":0,"event_name":"Masked Bandits","floor":20,"gold_loss":0},{"damage_healed":0,"gold_gain":0,"player_choice":"Became a Ghost","damage_taken":0,"max_hp_gain":0,"max_hp_loss":40,"event_name":"Ghosts","floor":22,"gold_loss":0,"cards_obtained":["Ghostly","Ghostly","Ghostly","Ghostly","Ghostly"]},{"damage_healed":0,"gold_gain":100,"player_choice":"Pray","damage_taken":0,"max_hp_gain":0,"max_hp_loss":0,"event_name":"Golden Shrine","floor":39,"gold_loss":0}],"is_beta":false,"boss_relics":[{"not_picked":["Astrolabe","Philosopher\u0027s Stone"],"picked":"Mark of Pain"},{"not_picked":["Tiny House","Black Blood"],"picked":"Velvet Choker"}],"items_purged_floors":[30,38,44,47],"is_endless":false,"potions_floor_spawned":[4,5,6,7,10,11,12,13,14,16,18,19,20,21,24,27,28,29,31,33,35,36,37,40,42,45,46,48],"ascension_level":0}}