{"host":"ekyl8r8j8fco3zlk","time":1612631320,"event":{"mods":["Act Like it!","Arknights","BaseMod","CapriCore","Decade(王小明)","Dota2Spire","Friendly Minions","Gensokyo","Marisa（F雨　魔理沙）","Minty Spire (QoL Compilation)","READ ME - Guardian Mod","Rare Cards Sparkle","Reimu（博丽灵梦）","StSLib","The Alterego","The Immortal","The Jungle","The Senshi","TheWitcher","Waifu the Spire","WarShipGirlsR/战舰少女R mod","Yakumo Yukari mod","【遗物卡牌】REMEMod"],"gold_per_floor":[116,116,129,148,67,67,95,95,121,121,141,141,153,2,2,97,97,109,19,32,32,32,32,32,62,62,162,173,17,58,79,79,186,186,202,220,220,269,288,322,343,385,385,429,442,442,465,480,480,480],"floor_reached":51,"language":"ZHS","playtime":2139,"items_purged":[],"score":775,"play_id":"d5ad0472-e8b0-4e79-a901-5d3cd03933a8","local_time":"20210207010840","is_ascension_mode":false,"campfire_choices":[{"data":"ats:Armor Crushing Shot","floor":6,"key":"SMITH"},{"data":"ats:Part Time Job","floor":8,"key":"SMITH"},{"data":"ats:Apocalypse","floor":10,"key":"SMITH"},{"data":"ats:Magnetic Hammer","floor":15,"key":"SMITH"},{"data":"Panacea","floor":23,"key":"SMITH"},{"data":"ats:Healing Strengthening","floor":32,"key":"SMITH"},{"data":"Madness","floor":46,"key":"SMITH"},{"data":"Madness","floor":49,"key":"SMITH"}],"circlet_count":0,"master_deck":["ats:Strike C","ats:Strike G","ats:Strike S+1","ats:Strike V","ats:Armor Crushing Shot+1","ats:Emotion Absorption+1","Panacea+1","ats:Overload","ats:Shell Defense","ats:Apocalypse+1","ats:Magnetic Hammer+1","ats:Part Time Job+1","ats:Soul Absorption+1","ats:Curse Doll+1","ats:Shadow Assault","ats:Blood Oath","ats:Cat Scratch","ats:Hook Shot+1","ats:Healing Strengthening+1","ats:Thermite Blade+1","ats:Closed Bolt Burst Fire","ats:Red Shift+1","ats:Calcification","Madness+1","Madness+1","ats:Consecutive Shot Auto+1","ats:Charging Defense","ats:Serious Mode+1","ats:Flexible Camouflage+1","ats:Counter Healing Mode+1","ats:Sashimi Platter"],"relics":["ats:Sanity","REME_ComplimentaryCards","ats:Originium","Bag of Preparation","Regal Pillow","Vajra","Empty Cage","Centennial Puzzle","Dota2Spire:DrumOfEndurance","Bird Faced Urn","Dota2Spire:MonkeyKingBar","CeramicFish","Question Card","SlaversCollar","CatCart","CrazyTorch:ReiMu","Incense Burner","Dota2Spire:HeartOfTarrasque","War Paint"],"acts_visited":["Exordium","TheCity","TheBeyond"],"potions_floor_usage":[7,16,16,25,27,30,30,33,38,45,50],"damage_taken":[{"damage":6,"enemies":"Jaw Worm","floor":1,"turns":3},{"damage":0,"enemies":"Small Slimes","floor":3,"turns":2},{"damage":6,"enemies":"Cultist","floor":4,"turns":3},{"damage":53,"enemies":"Lagavulin","floor":7,"turns":7},{"damage":34,"enemies":"Large Slime","floor":11,"turns":10},{"damage":14,"enemies":"Exordium Thugs","floor":13,"turns":6},{"damage":18,"enemies":"The Guardian","floor":16,"turns":8},{"damage":13,"enemies":"3 Byrds","floor":18,"turns":6},{"damage":16,"enemies":"Shell Parasite","floor":20,"turns":6},{"damage":18,"enemies":"Gremlin Leader","floor":25,"turns":6},{"damage":8,"enemies":"Colosseum Slavers","floor":27,"turns":4},{"damage":30,"enemies":"Colosseum Nobs","floor":27,"turns":5},{"damage":15,"enemies":"Snake Plant","floor":28,"turns":4},{"damage":18,"enemies":"Book of Stabbing","floor":30,"turns":3},{"damage":10,"enemies":"Cultist and Chosen","floor":31,"turns":5},{"damage":86,"enemies":"Automaton","floor":33,"turns":8},{"damage":15,"enemies":"3 Darklings","floor":35,"turns":4},{"damage":60,"enemies":"Orin","floor":38,"turns":11},{"damage":12,"enemies":"Orb Walker","floor":39,"turns":4},{"damage":24,"enemies":"Giant Head","floor":40,"turns":7},{"damage":18,"enemies":"4 Shapes","floor":41,"turns":3},{"damage":8,"enemies":"Reptomancer","floor":42,"turns":4},{"damage":56,"enemies":"Nemesis","floor":44,"turns":5},{"damage":0,"enemies":"Transient","floor":45,"turns":5},{"damage":30,"enemies":"3 Darklings","floor":47,"turns":5},{"damage":27,"enemies":"Spire Growth","floor":48,"turns":5},{"damage":35,"enemies":"Donu and Deca","floor":50,"turns":6}],"seed_played":"-1732188936673378566","potions_obtained":[{"floor":3,"key":"ats:Emergency Sanity Potion"},{"floor":4,"key":"Energy Potion"},{"floor":7,"key":"ZuzhouPotion:ReiMu"},{"floor":13,"key":"GrandPatriotsElixir:ReiMu"},{"floor":16,"key":"EssenceOfSteel"},{"floor":18,"key":"Energy Potion"},{"floor":20,"key":"Dota2Spire:Clarity"},{"floor":27,"key":"Weak Potion"},{"floor":30,"key":"LiquidMemories"},{"floor":31,"key":"Dota2Spire:HealingSalve"},{"floor":35,"key":"Explosive Potion"},{"floor":42,"key":"AttackPotion"},{"floor":45,"key":"LiquidMemories"}],"is_trial":false,"path_per_floor":["M","?","M","M","$","R","E","R","T","R","M","?","M","$","R","B",null,"M","?","M","$","?","R","$","E","T","?","M","$","E","M","R","B",null,"M","?","?","?","M","E","M","E","T","E","M","R","M","M","R","B",null],"character_chosen":"DOCTOR_CLASS","items_purchased":["ats:Magnetic Hammer","Vajra","CeramicFish"],"campfire_rested":0,"item_purchase_floors":[5,14,29],"current_hp_per_floor":[66,66,66,60,60,60,26,26,26,26,29,29,36,36,36,39,72,66,66,68,68,68,68,68,67,67,42,49,49,40,50,50,22,72,58,49,49,52,49,71,58,70,78,45,71,71,75,54,54,80],"gold":480,"neow_bonus":"REMOVE_CARD","is_daily":false,"chose_seed":false,"campfire_upgraded":8,"win_rate":0.0,"timestamp":1612631320,"path_taken":["M","?","M","M","$","R","E","R","T","R","M","?","?","$","R","BOSS","M","?","M","?","?","R","$","E","T","?","M","$","E","M","R","BOSS","M","?","?","?","M","E","M","E","T","E","M","R","M","M","R","BOSS"],"items_purchased_type":["Card","Relic","Relic"],"build_version":"2020-12-22","purchased_purges":0,"victory":true,"max_hp_per_floor":[72,72,72,72,72,72,72,72,72,72,72,72,72,72,72,72,72,72,72,72,72,72,72,72,72,72,72,72,72,72,72,72,72,72,72,72,72,72,72,72,72,72,80,80,80,80,80,80,80,80],"card_choices":[{"not_picked":["ats:Soul Absorption","ats:Sashimi Platter"],"picked":"ats:Overload","floor":1},{"not_picked":["ats:Explosion Area Strengthen","ats:Consecutive Shot Auto"],"picked":"ats:Shell Defense","floor":3},{"not_picked":["ats:Overload","ats:Soul Absorption"],"picked":"ats:Apocalypse","floor":4},{"not_picked":["ats:Powerful Strike","ats:Overload"],"picked":"ats:Part Time Job","floor":7},{"not_picked":["ats:Consecutive Shot Auto","ats:Magnetic Hammer"],"picked":"ats:Soul Absorption","floor":11},{"not_picked":["ats:Leaping Hammer","ats:Powerful Strike"],"picked":"ats:Curse Doll","floor":13},{"not_picked":["ats:Roar Of Ursus","ats:Volcano"],"picked":"ats:Shadow Assault","floor":16},{"not_picked":["ats:Guard Mode","ats:Absolute Focus"],"picked":"ats:Blood Oath","floor":18},{"not_picked":["ats:Powerful Strike","ats:Guard Mode","ats:Curse Doll"],"picked":"SKIP","floor":20},{"not_picked":["ats:Leaping Hammer+1","ats:Absolute Focus"],"picked":"ats:Hook Shot+1","floor":25},{"not_picked":["ats:Poison Spread","ats:Literary Storm"],"picked":"ats:Healing Strengthening","floor":27},{"not_picked":["ats:Shell Defense","ats:Serious Mode"],"picked":"ats:Thermite Blade+1","floor":28},{"not_picked":["ats:Rat Pack","ats:Curse Doll+1"],"picked":"ats:Closed Bolt Burst Fire","floor":30},{"not_picked":["ats:Rapid Magazine","ats:Shadow Raid","ats:Magnetic Hammer+1"],"picked":"ats:Red Shift+1","floor":31},{"not_picked":["ats:Wolf Pack","ats:Disruption Kick","ats:Shadow Assault"],"picked":"ats:Calcification","floor":33},{"not_picked":["ats:Hook Shot+1","ats:Poison Spread+1","ats:Absolute Focus","ats:Cat Scratch+1"],"picked":"SKIP","floor":35},{"not_picked":["ats:Fractured Body","ats:Apocalypse","ats:Hook Shot+1"],"picked":"ats:Consecutive Shot Auto+1","floor":39},{"not_picked":["ats:Leaping Hammer+1","ats:Closed Bolt Burst Fire+1","ats:Overload"],"picked":"ats:Charging Defense","floor":40},{"not_picked":["ats:Very Hot Blade","ats:Soul Rend","ats:Literary Storm"],"picked":"ats:Serious Mode+1","floor":41},{"not_picked":["ats:Apocalypse+1","ats:Ignite","ats:Very Hot Blade"],"picked":"ats:Flexible Camouflage+1","floor":42},{"not_picked":["ats:Apocalypse","ats:Steam Pump+1","ats:Shell Defense"],"picked":"ats:Counter Healing Mode+1","floor":44},{"not_picked":["ats:Rapid Magazine+1","ats:Roar Of Ursus","ats:Flexible Camouflage+1","ats:Hammer On"],"picked":"SKIP","floor":45},{"not_picked":["ats:Soul Absorption+1","ats:Leaping Hammer+1","ats:Cat Scratch+1"],"picked":"ats:Sashimi Platter","floor":47},{"not_picked":["ats:Absolute Focus+1","ats:Curse Doll+1","ats:Powerful Strike","ats:Ignite"],"picked":"SKIP","floor":48}],"player_experience":598505,"relics_obtained":[{"floor":7,"key":"ats:Originium"},{"floor":7,"key":"Bag of Preparation"},{"floor":9,"key":"Regal Pillow"},{"floor":25,"key":"ats:Originium"},{"floor":25,"key":"Centennial Puzzle"},{"floor":26,"key":"Dota2Spire:DrumOfEndurance"},{"floor":27,"key":"Bird Faced Urn"},{"floor":27,"key":"Dota2Spire:MonkeyKingBar"},{"floor":30,"key":"ats:Originium"},{"floor":30,"key":"Question Card"},{"floor":38,"key":"CatCart"},{"floor":40,"key":"ats:Originium"},{"floor":40,"key":"CrazyTorch:ReiMu"},{"floor":42,"key":"Incense Burner"},{"floor":43,"key":"Dota2Spire:HeartOfTarrasque"},{"floor":44,"key":"War Paint"}],"event_choices":[{"damage_healed":0,"gold_gain":0,"player_choice":"Ignored","damage_taken":0,"max_hp_gain":0,"max_hp_loss":0,"event_name":"Golden Wing","floor":2,"gold_loss":0},{"damage_healed":0,"gold_gain":0,"player_choice":"Forge","damage_taken":0,"max_hp_gain":0,"max_hp_loss":0,"event_name":"Accursed Blacksmith","floor":12,"gold_loss":0,"cards_upgraded":["ats:Soul Absorption"]},{"cards_removed":["ats:Defend"],"damage_healed":0,"gold_gain":0,"player_choice":"Upgrade and Remove","damage_taken":0,"max_hp_gain":0,"max_hp_loss":0,"event_name":"Designer","floor":19,"gold_loss":90,"cards_upgraded":["ats:Strike S"]},{"damage_healed":0,"gold_gain":0,"player_choice":"Read","damage_taken":0,"max_hp_gain":0,"max_hp_loss":0,"event_name":"The Library","floor":22,"gold_loss":0,"cards_obtained":["ats:Cat Scratch"]},{"damage_healed":0,"gold_gain":0,"player_choice":"Fight","damage_taken":0,"max_hp_gain":0,"max_hp_loss":0,"event_name":"Colosseum","floor":27,"gold_loss":0},{"damage_healed":0,"gold_gain":0,"player_choice":"Fought Nobs","damage_taken":0,"max_hp_gain":0,"max_hp_loss":0,"event_name":"Colosseum","floor":27,"gold_loss":0},{"damage_healed":0,"gold_gain":0,"player_choice":"Embrace Madness","damage_taken":9,"max_hp_gain":0,"max_hp_loss":0,"event_name":"Winding Halls","floor":36,"gold_loss":0,"cards_obtained":["Madness","Madness"]},{"damage_healed":0,"gold_gain":0,"player_choice":"Fight","damage_taken":0,"max_hp_gain":0,"max_hp_loss":0,"event_name":"OrinTheCat","floor":38,"gold_loss":0}],"is_beta":false,"boss_relics":[{"not_picked":["RedLine:ReiMu","Tiny House"],"picked":"Empty Cage"},{"not_picked":["Snecko Eye","Busted Crown"],"picked":"SlaversCollar"}],"items_purged_floors":[],"is_endless":false,"potions_floor_spawned":[3,4,7,13,16,18,20,27,30,31,35,42,45],"ascension_level":0}}