{"host":"4a6fro0of1ie0h2w","time":1612626132,"event":{"mods":["Aspiration","BaseMod","CCEM2","Colored Map","Conspire","Downfall","GifTheSpireLib","Halation","Highlight Path","Hubris","Infinite Spire","Marisa????????","Minty Spire (QoL Compilation)","Permanent Neow","Replay The Spire","StSLib","Stuff the Spire","The Servant 0.9.4"],"gold_per_floor":[99,118,137,149,149,159,237,269,269,169,202,102,113,23,33,129,129,129,146,160,170,270,286,286,286,286,286],"floor_reached":25,"language":"ENG","playtime":1057,"items_purged":["champ:Defend"],"score":237,"play_id":"4767284e-825d-4927-a18d-4c3a39dda105","local_time":"20210206174212","is_ascension_mode":true,"campfire_choices":[{"data":"champ:Taunt","floor":1,"key":"SMITH"},{"floor":10,"key":"RECALL"},{"data":"champ:FlashCut","floor":12,"key":"SMITH"},{"data":"champ:EnchantCrown","floor":18,"key":"SMITH"}],"circlet_count":0,"master_deck":["champ:Strike","champ:Strike","champ:Defend","champ:Execute","champ:Taunt+1","champ:FlashCut","champ:FlashCut","champ:ShieldSigil","champ:FlashCut+1","champ:BladeFlurry","champ:BladeFlurry","champ:ShieldWall","champ:EnchantCrown+1","champ:PerfectedStrike","champ:RapidStrikes+1","champ:BringItOn","champ:PreciseThrust","J.A.X.","champ:DefensiveShout"],"relics":["champ:ChampionCrown","StuffTheSpire:HeavyRock","StuffTheSpire:Mouthbags","downfall:HeartBlessingBlue","StuffTheSpire:Gunfinga","downfall:HeartBlessingRed","CCEMRelics:ExpiredCReal","MutagenicStrength","CaptainsWheel"],"acts_visited":["Exordium","TheCity"],"potions_floor_usage":[14,22,23,23],"damage_taken":[{"damage":12,"enemies":"2 Louse","floor":2,"turns":4},{"damage":20,"enemies":"Jaw Worm","floor":3,"turns":4},{"damage":10,"enemies":"Small Slimes","floor":4,"turns":3},{"damage":15,"enemies":"Blue Slaver","floor":6,"turns":3},{"damage":22,"enemies":"Lagavulin","floor":8,"turns":5},{"damage":12,"enemies":"Gremlin Nob","floor":11,"turns":3},{"damage":0,"enemies":"Red Slaver","floor":13,"turns":2},{"damage":30,"enemies":"downfall:FleeingMerchant","floor":14,"turns":4},{"damage":0,"enemies":"Exordium Wildlife","floor":15,"turns":2},{"damage":21,"enemies":"DF_ARCHETYPE_STREAMLINE","floor":16,"turns":7},{"damage":14,"enemies":"Shell Parasite","floor":19,"turns":5},{"damage":22,"enemies":"Sentry and Sphere","floor":20,"turns":5},{"damage":32,"enemies":"Snecko","floor":21,"turns":7},{"damage":42,"enemies":"downfall:Augmenter","floor":22,"turns":7},{"damage":29,"enemies":"Snake Plant","floor":23,"turns":4},{"damage":20,"enemies":"Gremlin Leader","floor":25,"turns":2}],"seed_played":"3055705903169906502","potions_obtained":[{"floor":2,"key":"Elixir"},{"floor":11,"key":"Slimebound:ThreeZeroPotion"},{"floor":13,"key":"Adrenaline Potion"},{"floor":15,"key":"SkillPotion"},{"floor":22,"key":"Energy Potion"}],"is_trial":false,"path_per_floor":["R","M","M","M","?","M","T","E","?","R","E","R","M","$","M","B",null,"R","M","M","M","?","M","T","E"],"character_chosen":"THE_CHAMP","items_purchased":[],"campfire_rested":0,"item_purchase_floors":[],"current_hp_per_floor":[90,88,88,88,88,83,83,81,81,91,89,89,89,89,89,68,100,100,96,84,52,30,11,11,0,0,0],"gold":286,"neow_bonus":"RANDOM_COMMON_RELIC","is_daily":false,"chose_seed":false,"campfire_upgraded":3,"win_rate":0.0,"timestamp":1612626132,"path_taken":["R","M","M","M","?","M","T","E","?","R","E","R","M","$","M","BOSS","R","M","M","M","?","M","T","E"],"items_purchased_type":[],"build_version":"2020-12-22","purchased_purges":1,"victory":false,"max_hp_per_floor":[90,90,90,90,90,90,90,90,90,100,100,100,100,100,100,100,100,100,100,100,100,100,100,100,100,100,100],"card_choices":[{"not_picked":["champ:SwordSigil","champ:SkillfulDodge"],"picked":"champ:FlashCut","floor":2},{"not_picked":["champ:TornadoPunch","champ:FanOfKnives"],"picked":"champ:FlashCut","floor":3},{"not_picked":["champ:Haymaker","champ:FanOfKnives"],"picked":"champ:FlashCut","floor":4},{"not_picked":["champ:Haymaker","champ:CheapShot"],"picked":"champ:ShieldSigil","floor":6},{"not_picked":["champ:VampiricStrike","champ:Circumvent"],"picked":"champ:BladeFlurry","floor":8},{"not_picked":["champ:SkillfulDodge","champ:CheapShot","champ:RecklessLeap"],"picked":"SKIP","floor":11},{"not_picked":["champ:Backstep","champ:Circumvent"],"picked":"champ:BladeFlurry","floor":13},{"not_picked":["champ:CrownThrow","champ:EnchantCrown"],"picked":"champ:ShieldWall","floor":14},{"not_picked":["champ:CalledShot","champ:CrownThrow","champ:FlashCut"],"picked":"SKIP","floor":15},{"not_picked":["champ:SteelEdge","champ:HeavySlash"],"picked":"champ:EnchantCrown","floor":16},{"not_picked":["champ:SetATrap","champ:Backstep"],"picked":"champ:PerfectedStrike","floor":19},{"not_picked":["champ:PerfectedStrike+1","champ:DeathBlow","champ:SetATrap"],"picked":"SKIP","floor":20},{"not_picked":["champ:StanceDance","champ:Encircle"],"picked":"champ:RapidStrikes+1","floor":21},{"not_picked":[],"picked":"J.A.X.","floor":22},{"not_picked":["champ:Shatter","champ:GutPunch"],"picked":"champ:DefensiveShout","floor":23}],"player_experience":231715,"relics_obtained":[{"floor":8,"key":"StuffTheSpire:Mouthbags"},{"floor":11,"key":"StuffTheSpire:Gunfinga"},{"floor":22,"key":"MutagenicStrength"},{"floor":24,"key":"CaptainsWheel"}],"event_choices":[{"cards_removed":["champ:Strike"],"damage_healed":0,"gold_gain":0,"player_choice":"Card Removal","damage_taken":0,"max_hp_gain":0,"max_hp_loss":0,"event_name":"The Cleric","floor":5,"gold_loss":0}],"is_beta":false,"boss_relics":[{"not_picked":["ChewingGum","StuffTheSpire:Kangaroo"],"picked":"CCEMRelics:ExpiredCReal"}],"items_purged_floors":[14],"is_endless":false,"potions_floor_spawned":[2,11,13,15,16,21,22],"killed_by":"Gremlin Leader","ascension_level":2}}