{"host":"j3zzt5y7g79qwjgw","time":1612631507,"event":{"mods":["BaseMod","Downfall","Minty Spire (QoL Compilation)","StSLib"],"gold_per_floor":[99,111,128,143,158,178,178,212,212,212,212,237,25,38,52,155,155,155,168,179,20,20,30,30,30,30,30],"floor_reached":25,"language":"ENG","playtime":1669,"items_purged":[],"score":240,"play_id":"eb177e80-7f86-47ba-8ad4-144cb11df878","local_time":"20210206224147","is_ascension_mode":false,"campfire_choices":[{"data":"Apotheosis","floor":1.0,"key":"SMITH"},{"data":"sneckomod:CheapStock","floor":9.0,"key":"SMITH"},{"data":"sneckomod:Unknown","floor":11.0,"key":"SMITH"},{"floor":18,"key":"RECALL"}],"circlet_count":0,"master_deck":["sneckomod:Strike","sneckomod:Strike","sneckomod:Strike","sneckomod:Defend","sneckomod:Defend","sneckomod:Defend","sneckomod:TailWhip","sneckomod:SnekBite","sneckomod:Unknown+1","sneckomod:Unknown","Apotheosis+1","sneckomod:UnknownDraw","sneckomod:UnknownDraw","sneckomod:CheapStock+1","sneckomod:UnknownBlock","sneckomod:SnakeSap","sneckomod:Unknown0Cost","sneckomod:UnknownUncommonPower","sneckomod:MasterEye","sneckomod:SlitherStrike","sneckomod:UnknownRarePower","sneckomod:Unknown2Cost","sneckomod:UnknownDraw+1","downfall:Bewildered","sneckomod:SnekBeam","sneckomod:UnknownClassBLUE"],"relics":["sneckomod:SneckoSoul","Matryoshka","Pen Nib","sneckomod:ConfusingCodex","Chemical X","Runic Pyramid","ClockworkSouvenir","sneckomod:BabySnecko","sneckomod:SneckoCommon","Eternal Feather"],"acts_visited":["Exordium","TheCity"],"potions_floor_usage":[20,21,21],"damage_taken":[{"damage":0.0,"enemies":"Cultist","floor":2.0,"turns":3.0},{"damage":1.0,"enemies":"Jaw Worm","floor":3.0,"turns":4.0},{"damage":2.0,"enemies":"Small Slimes","floor":4.0,"turns":4.0},{"damage":4.0,"enemies":"Exordium Wildlife","floor":5.0,"turns":4.0},{"damage":0.0,"enemies":"Blue Slaver","floor":6.0,"turns":2.0},{"damage":0.0,"enemies":"Gremlin Nob","floor":8.0,"turns":3.0},{"damage":3.0,"enemies":"Lagavulin","floor":12.0,"turns":5.0},{"damage":0.0,"enemies":"downfall:FleeingMerchant","floor":13.0,"turns":4.0},{"damage":12.0,"enemies":"2 Fungi Beasts","floor":14.0,"turns":2.0},{"damage":0.0,"enemies":"Red Slaver","floor":15.0,"turns":6.0},{"damage":18.0,"enemies":"IC_STATUS_ARCHETYPE","floor":16.0,"turns":5.0},{"damage":25,"enemies":"Spheric Guardian","floor":19,"turns":5},{"damage":16,"enemies":"Shelled Parasite and Fungi","floor":20,"turns":6},{"damage":13,"enemies":"downfall:FleeingMerchant","floor":21,"turns":4},{"damage":13,"enemies":"Snake Plant","floor":23,"turns":2},{"damage":19,"enemies":"Book of Stabbing","floor":25,"turns":4}],"seed_played":"-2386396024148013499","potions_obtained":[{"floor":3.0,"key":"sneckomod:DiceRollPotion"},{"floor":4.0,"key":"DuplicationPotion"},{"floor":5.0,"key":"Fire Potion"},{"floor":14.0,"key":"Block Potion"},{"floor":15.0,"key":"Energy Potion"},{"floor":19,"key":"hexamod:SoulburnPotion"}],"is_trial":false,"path_per_floor":["R","M","M","M","M","M","T","E","R","?","R","E","$","M","M","B",null,"R","M","M","$","?","M","T","E"],"character_chosen":"THE_SNECKO","items_purchased":["Chemical X","ColorlessPotion","ClockworkSouvenir"],"campfire_rested":0,"item_purchase_floors":[13,13,21],"current_hp_per_floor":[81,81,80,78,74,74,74,74,74,79,79,76,76,64,64,46,86,86,61,45,32,32,19,19,0,0,0],"gold":30,"neow_bonus":"RANDOM_COLORLESS_2","is_daily":false,"chose_seed":false,"campfire_upgraded":3,"win_rate":0.0,"timestamp":1612631507,"path_taken":["R","M","M","?","M","M","T","E","R","?","R","E","$","M","M","BOSS","R","M","M","$","?","M","T","E"],"items_purchased_type":["Relic","Potion","Relic"],"build_version":"2020-12-22","purchased_purges":0,"victory":false,"max_hp_per_floor":[81,81,81,81,81,81,81,81,81,86,86,86,86,86,86,86,86,86,86,86,86,86,86,86,86,86,86],"card_choices":[{"not_picked":["Sadistic Nature","Panache"],"picked":"Apotheosis","floor":0.0},{"not_picked":["sneckomod:Nope","sneckomod:WideSting"],"picked":"sneckomod:UnknownDraw","floor":2.0},{"not_picked":["sneckomod:QuickMove","sneckomod:Nope"],"picked":"sneckomod:UnknownDraw","floor":3.0},{"not_picked":["sneckomod:DiceCrush","sneckomod:UnknownCommonSkill"],"picked":"sneckomod:CheapStock","floor":4.0},{"not_picked":["sneckomod:DiceBoulder","sneckomod:ImprovisedGuard"],"picked":"sneckomod:UnknownBlock","floor":5.0},{"not_picked":["sneckomod:WideSting","sneckomod:DiceBlock","sneckomod:CheapStock"],"picked":"SKIP","floor":6.0},{"not_picked":["sneckomod:SoulRoll","sneckomod:TrashToTreasure"],"picked":"sneckomod:SnakeSap","floor":8.0},{"not_picked":["sneckomod:SoulRoll","sneckomod:CheapStock"],"picked":"sneckomod:Unknown0Cost","floor":12.0},{"not_picked":["sneckomod:UnknownCommonAttack","sneckomod:WideSting"],"picked":"sneckomod:UnknownUncommonPower","floor":13.0},{"not_picked":["sneckomod:QuickMove","sneckomod:ImprovisedAttack"],"picked":"sneckomod:MasterEye","floor":14.0},{"not_picked":["sneckomod:UnknownDraw","sneckomod:UnknownBlock"],"picked":"sneckomod:SlitherStrike","floor":15.0},{"not_picked":["sneckomod:UnlimitedRolls","sneckomod:SerpentMind"],"picked":"sneckomod:UnknownRarePower","floor":16.0},{"not_picked":["sneckomod:Unknown1Cost","sneckomod:UnknownClassSLIMEBOUND"],"picked":"sneckomod:Unknown2Cost","floor":19},{"not_picked":["sneckomod:IronFang","sneckomod:DiceBlock"],"picked":"sneckomod:UnknownDraw+1","floor":20},{"not_picked":["sneckomod:WideSting+1","sneckomod:UnknownDraw","sneckomod:SoulDraw"],"picked":"SKIP","floor":21},{"not_picked":["sneckomod:QuickMove","sneckomod:Cheat"],"picked":"sneckomod:SnekBeam","floor":23}],"player_experience":311052,"relics_obtained":[{"floor":7.0,"key":"Matryoshka"},{"floor":8.0,"key":"Pen Nib"},{"floor":12.0,"key":"sneckomod:ConfusingCodex"},{"floor":24,"key":"sneckomod:SneckoCommon"},{"floor":24,"key":"Eternal Feather"}],"event_choices":[{"damage_healed":0.0,"max_hp_gain":5.0,"max_hp_loss":0.0,"gold_gain":0.0,"event_name":"Big Fish","player_choice":"Donut","floor":10.0,"gold_loss":0.0,"damage_taken":0.0}],"is_beta":false,"boss_relics":[{"not_picked":["Tiny House","Velvet Choker"],"picked":"Runic Pyramid"}],"items_purged_floors":[],"is_endless":false,"potions_floor_spawned":[3,4,5,14,15,19],"killed_by":"Book of Stabbing","ascension_level":0}}