{"host":"djfsqftupta9xgss","time":1612619084,"event":{"mods":["ATMod(阿瑾Mod)","Act Like it!","BaseMod","Downfall","Gensokyo","Minty Spire (QoL Compilation)","MostiFishMod","Replay The Spire","Spicy Shops","StSLib","TestMod"],"gold_per_floor":[99,117,137,137,170,7,7,23,39,66,76,76,107,134,151,253,253,53,70,70,385,403,403,403,438,438,463,563,588,603,619,637,739,739,639,658,483,483,181,181,227,239,97,97,149,163,163,197,208,208,208,242,242,242,242,242],"floor_reached":57,"language":"ZHS","playtime":2805,"items_purged":["sneckomod:Strike+1","sneckomod:Defend"],"score":1652,"play_id":"3dc7e289-7f9c-430a-b095-d7c2add420fb","local_time":"20210206214444","is_ascension_mode":false,"campfire_choices":[{"floor":18.0,"key":"RECALL"}],"circlet_count":0,"master_deck":["sneckomod:SnekBite+1","sneckomod:Unknown+1","AT_FamilyPortrait+1","testmod-Mystery+1","MostiFishMod:Opportunism+1","Pain","sneckomod:UnknownDraw+1","sneckomod:TrashToTreasure+1","sneckomod:MorePower+1","sneckomod:Unknown0Cost+1","sneckomod:UnknownRarePower+1","sneckomod:SerpentMind+1","Gensokyo:AllTheWorldsEvil","downfall:Haunted","sneckomod:UnknownRarePower+1","sneckomod:UnknownRarePower+1","sneckomod:Restock+1","sneckomod:Restock+1","AT_KneejerkReflex+1","sneckomod:UnknownClassGREEN","MostiFishMod:Culaccino+1"],"relics":["sneckomod:SneckoSoul","AT_ATBox","testmod-TestBox","testmod-ObsoleteBoomerang","Technique","WarpedTongs","Ying","Dream Catcher","Blue Candle","Pet Ghost","ReplayTheSpireMod:Lightbulb","Replay:Grab Bag","Fusion Hammer","Runic Dome","Kintsugi","Thread and Needle","Replay:Bottled Eggs","Enchiridion","testmod-Justice","Potion Belt","Omamori","Replay:Bronze Core","testmod-Charity","sneckomod:SneckoCommon","DaveBox","TimeKeys","AT_BellDemon","Replay:Wax Seal","Civilization","testmod-EqualTreatment","Replay:Mystery Machine","testmod-Acrobat","Bag of Preparation","testmod-OneHitWonder","ReplayTheSpireMod:TigerMarble","testmod-CyclicPeriapt","SentryEyes"],"acts_visited":["Exordium","TheCity","TheBeyond","TheEnding"],"potions_floor_usage":[29,30,33,55,55],"damage_taken":[{"damage":3.0,"enemies":"Small Slimes","floor":2.0,"turns":3.0},{"damage":0.0,"enemies":"Cultist","floor":3.0,"turns":2.0},{"damage":9.0,"enemies":"Jaw Worm","floor":5.0,"turns":2.0},{"damage":8.0,"enemies":"downfall:FleeingMerchant","floor":6.0,"turns":4.0},{"damage":12.0,"enemies":"Exordium Thugs","floor":8.0,"turns":3.0},{"damage":0.0,"enemies":"3 Louse","floor":9.0,"turns":1.0},{"damage":11.0,"enemies":"Lagavulin","floor":10.0,"turns":6.0},{"damage":12.0,"enemies":"Red Slaver","floor":11.0,"turns":3.0},{"damage":12.0,"enemies":"3 Sentries","floor":13.0,"turns":4.0},{"damage":15.0,"enemies":"Exordium Thugs","floor":15.0,"turns":3.0},{"damage":1.0,"enemies":"WA_ARCHETYPE_RETAIN","floor":16.0,"turns":5.0},{"damage":0.0,"enemies":"3 Byrds","floor":19.0,"turns":1.0},{"damage":2.0,"enemies":"downfall:FleeingMerchant","floor":21.0,"turns":4.0},{"damage":3,"enemies":"3 Cultists","floor":22,"turns":3},{"damage":10,"enemies":"Book of Stabbing","floor":25,"turns":2},{"damage":0,"enemies":"Slavers","floor":27,"turns":1},{"damage":2,"enemies":"downfall:LadyInBlue","floor":28,"turns":2},{"damage":10,"enemies":"Book of Stabbing","floor":29,"turns":2},{"damage":0,"enemies":"Snake Plant","floor":30,"turns":1},{"damage":2,"enemies":"Cultist and Chosen","floor":31,"turns":2},{"damage":1,"enemies":"Centurion and Healer","floor":32,"turns":1},{"damage":7,"enemies":"DF_ARCHETYPE_CLAW","floor":33,"turns":2},{"damage":5,"enemies":"3 Shapes","floor":36,"turns":2},{"damage":5,"enemies":"Orb Walker","floor":42,"turns":1},{"damage":4,"enemies":"2 Orb Walkers","floor":45,"turns":1},{"damage":2,"enemies":"4 Shapes","floor":46,"turns":1},{"damage":3,"enemies":"Giant Head","floor":48,"turns":1},{"damage":3,"enemies":"Spire Growth","floor":49,"turns":1},{"damage":3,"enemies":"IC_BLOCK_ARCHETYPE","floor":50,"turns":1},{"damage":2,"enemies":"downfall:CharBossMerchant","floor":52,"turns":1},{"damage":0,"enemies":"downfall:NeowBoss","floor":55,"turns":3},{"damage":16,"enemies":"downfall:NeowBossFinal","floor":56,"turns":3}],"seed_played":"-2973770554727766480","potions_obtained":[{"floor":2.0,"key":"SpeedPotion"},{"floor":3.0,"key":"bronze:BurnAndBuffPotion"},{"floor":10.0,"key":"Strength Potion"},{"floor":13.0,"key":"FearPotion"},{"floor":25,"key":"Fire Potion"},{"floor":27,"key":"CultistPotion"},{"floor":28,"key":"Fire Potion"},{"floor":28,"key":"Guardian:BlockOnCardUsePotion"},{"floor":28,"key":"LifebloodPotion"},{"floor":30,"key":"ColorlessPotion"},{"floor":31,"key":"Elixir"},{"floor":36,"key":"SteroidPotion"},{"floor":45,"key":"Adrenaline Potion"},{"floor":49,"key":"SkillPotion"}],"is_trial":false,"path_per_floor":["R","M","M","?","M","$","T","M","M","E","M","?","E","T","M","B",null,"R","M","?","$","M","?","T","E","?","E","?","E","M","M","M","B",null,"R","M","$","?","$","?","T","M","?","?","?","M","?","E","M","B",null,"E","$","R","B","B",null],"character_chosen":"THE_SNECKO","items_purchased":["Ying","testmod-Charity","sneckomod:SneckoCommon","Replay:Wax Seal","Civilization"],"campfire_rested":0,"item_purchase_floors":[6,39,39,43,43],"current_hp_per_floor":[90,87,87,87,78,70,70,58,58,47,35,30,18,18,3,2,90,100,100,100,98,95,95,95,90,74,74,72,64,64,62,61,54,100,100,95,95,90,90,90,91,87,87,87,86,90,90,101,112,128,148,158,158,158,179,186],"gold":242,"neow_bonus":"RANDOM_COLORLESS","is_daily":false,"chose_seed":false,"campfire_upgraded":0,"win_rate":0.0,"timestamp":1612619084,"path_taken":["R","M","M","?","?","$","T","M","M","E","M","?","E","?","M","BOSS","R","M","?","?","M","?","T","E","?","E","?","E","M","M","M","BOSS","R","M","$","?","$","?","T","M","?","?","?","?","?","E","M","BOSS","E","$","R","BOSS","BOSS"],"items_purchased_type":["Relic","Relic","Relic","Relic","Relic"],"build_version":"2020-12-22","purchased_purges":2,"victory":true,"max_hp_per_floor":[90,90,90,90,90,90,90,90,90,90,90,90,90,90,90,90,90,100,100,100,100,100,100,100,100,100,100,100,100,100,100,100,100,100,100,100,100,90,90,90,91,92,92,92,95,101,101,115,129,148,148,160,160,160,181,204],"card_choices":[{"not_picked":["testmod-Collector","AT_CelerityRune"],"picked":"testmod-Mystery","floor":0.0},{"not_picked":["sneckomod:SoulDraw","sneckomod:QuickBite","sneckomod:DiceBlock"],"picked":"SKIP","floor":2.0},{"not_picked":["sneckomod:WideSting","sneckomod:UnknownCommonSkill","sneckomod:ImprovisedAttack"],"picked":"SKIP","floor":3.0},{"not_picked":["sneckomod:QuickMove","sneckomod:CheapStock"],"picked":"sneckomod:UnknownDraw","floor":5.0},{"not_picked":["sneckomod:UnknownCommonAttack","sneckomod:IronFang"],"picked":"sneckomod:UnknownRareAttack","floor":6.0},{"not_picked":["sneckomod:SnakeSap","sneckomod:ImprovisedGuard"],"picked":"sneckomod:TrashToTreasure","floor":8.0},{"not_picked":["sneckomod:DiceBoulder","sneckomod:SoulRoll","sneckomod:UnknownUncommonSkill"],"picked":"SKIP","floor":9.0},{"not_picked":["sneckomod:ImprovisedAttack","sneckomod:DiceBlock"],"picked":"sneckomod:MorePower","floor":10.0},{"not_picked":["sneckomod:Unknown1Cost","sneckomod:UnknownBlock"],"picked":"sneckomod:Unknown0Cost","floor":11.0},{"not_picked":["sneckomod:SoulRoll","sneckomod:TrashToTreasure","sneckomod:Unknown1Cost"],"picked":"SKIP","floor":13.0},{"not_picked":["sneckomod:UnknownBoss+1","sneckomod:UnknownClassGREEN+1"],"picked":"sneckomod:Unknown3Cost+1","floor":15.0},{"not_picked":["sneckomod:UnknownUncommonAttack","sneckomod:UnknownClassGUARDIAN","sneckomod:Unknown1Cost"],"picked":"SKIP","floor":15.0},{"not_picked":["sneckomod:UnknownUncommonAttack+1","sneckomod:UnknownX+1"],"picked":"sneckomod:UnknownRarePower+1","floor":16.0},{"not_picked":["sneckomod:UnknownRarePower","sneckomod:UnknownBoss"],"picked":"sneckomod:SerpentMind","floor":16.0},{"not_picked":["sneckomod:Unknown1Cost","sneckomod:WideSting","sneckomod:QuickBite"],"picked":"SKIP","floor":19.0},{"not_picked":["sneckomod:UnknownUncommonPower+1","sneckomod:UnknownBlock+1"],"picked":"sneckomod:UnknownRarePower+1","floor":21},{"not_picked":["sneckomod:UnknownClassGREEN+1","sneckomod:Unknown2Cost+1"],"picked":"sneckomod:UnknownRarePower+1","floor":22},{"not_picked":["sneckomod:UnknownCommonSkill+1","sneckomod:Unknown2Cost","sneckomod:RainOfDice+1"],"picked":"SKIP","floor":22},{"not_picked":["sneckomod:UnknownCommonSkill","sneckomod:Nope","sneckomod:DiceCrush"],"picked":"SKIP","floor":25},{"not_picked":["sneckomod:RainOfDice","sneckomod:UnendingSupply"],"picked":"sneckomod:Restock","floor":27},{"not_picked":["sneckomod:Cheat","sneckomod:UnknownStrike","sneckomod:UnknownCommonAttack"],"picked":"SKIP","floor":29},{"not_picked":["sneckomod:DiceBlock","sneckomod:Unknown1Cost","sneckomod:UnknownBlock+1"],"picked":"SKIP","floor":30},{"not_picked":["sneckomod:CheapStock","sneckomod:UnendingSupply","sneckomod:UnknownStrike"],"picked":"SKIP","floor":31},{"not_picked":["sneckomod:DiceCrush","sneckomod:UnknownUncommonSkill","sneckomod:Nope"],"picked":"SKIP","floor":32},{"not_picked":["sneckomod:Mudshield","sneckomod:Cheat"],"picked":"sneckomod:Restock","floor":33},{"not_picked":["sneckomod:DiceBlock","sneckomod:Unknown1Cost+1","sneckomod:UnknownClassGREEN+1"],"picked":"SKIP","floor":36},{"not_picked":["sneckomod:SoulDraw+1","sneckomod:RainOfDice","sneckomod:QuickMove+1"],"picked":"SKIP","floor":42},{"not_picked":["sneckomod:RainOfDice","sneckomod:UnknownCommonSkill","sneckomod:SoulCleanse+1"],"picked":"SKIP","floor":46},{"not_picked":["sneckomod:UnknownClassGREEN+1","sneckomod:Unknown0Cost+1"],"picked":"sneckomod:UnknownRareSkill+1","floor":48},{"not_picked":["sneckomod:Unknown1Cost","sneckomod:ImprovisedAttack+1","sneckomod:UnknownWeak+1"],"picked":"SKIP","floor":48},{"not_picked":["sneckomod:QuickMove","sneckomod:Memorize","sneckomod:UnknownDraw+1"],"picked":"SKIP","floor":49},{"not_picked":["sneckomod:WideSting+1","sneckomod:UnknownCommonSkill","sneckomod:UnlimitedRolls"],"picked":"SKIP","floor":52}],"player_experience":425752,"relics_obtained":[{"floor":10.0,"key":"Dream Catcher"},{"floor":13.0,"key":"Pet Ghost"},{"floor":14.0,"key":"ReplayTheSpireMod:Lightbulb"},{"floor":24,"key":"Thread and Needle"},{"floor":25,"key":"Replay:Bottled Eggs"},{"floor":26,"key":"Enchiridion"},{"floor":27,"key":"testmod-Justice"},{"floor":28,"key":"Potion Belt"},{"floor":29,"key":"Omamori"},{"floor":41,"key":"AT_BellDemon"},{"floor":45,"key":"testmod-EqualTreatment"},{"floor":45,"key":"Replay:Mystery Machine"},{"floor":46,"key":"testmod-Acrobat"},{"floor":48,"key":"Bag of Preparation"},{"floor":48,"key":"testmod-OneHitWonder"},{"floor":49,"key":"ReplayTheSpireMod:TigerMarble"},{"floor":52,"key":"testmod-CyclicPeriapt"},{"floor":52,"key":"SentryEyes"}],"event_choices":[{"damage_healed":0.0,"max_hp_gain":0.0,"max_hp_loss":0.0,"gold_gain":0.0,"event_name":"Accursed Blacksmith","player_choice":"Rummage","floor":4.0,"gold_loss":0.0,"damage_taken":0.0,"relics_obtained":["WarpedTongs"],"cards_obtained":["Pain"]},{"damage_healed":0.0,"max_hp_gain":0.0,"max_hp_loss":0.0,"gold_gain":0.0,"event_name":"NoteForYourself","player_choice":"Ignored","floor":20.0,"gold_loss":0.0,"damage_taken":0.0},{"damage_healed":0,"gold_gain":0,"player_choice":"Ignored","damage_taken":0,"max_hp_gain":0,"max_hp_loss":0,"event_name":"NoteForYourself","floor":21,"gold_loss":0},{"damage_healed":0,"gold_gain":0,"player_choice":"Ignored","damage_taken":0,"max_hp_gain":0,"max_hp_loss":0,"event_name":"Vampires","floor":23,"gold_loss":0},{"damage_healed":0,"gold_gain":0,"player_choice":"Swap Relic","damage_taken":0,"relics_obtained":["DaveBox"],"max_hp_gain":0,"max_hp_loss":0,"event_name":"给自己的盒子","floor":40,"relics_lost":["DaveBox"],"gold_loss":0},{"damage_healed":0,"gold_gain":0,"player_choice":"Fight","damage_taken":0,"max_hp_gain":0,"max_hp_loss":0,"event_name":"Mysterious Sphere","floor":45,"gold_loss":0},{"cards_removed":["sneckomod:UnknownRareAttack"],"damage_healed":0,"gold_gain":0,"player_choice":"Removed Attack","damage_taken":0,"max_hp_gain":0,"max_hp_loss":0,"event_name":"Falling","floor":47,"gold_loss":0}],"is_beta":false,"boss_relics":[{"not_picked":["sneckomod:SuperSneckoSoul","Replay:Wanted Poster"],"picked":"Replay:Grab Bag"},{"not_picked":["SlaversCollar","Sozu"],"picked":"Fusion Hammer"},{"not_picked":["Busted Crown","Cursed Key"],"picked":"Runic Dome"},{"not_picked":["FixedStarFall","testmod-NegativeEmotionEnhancer"],"picked":"Kintsugi"},{"not_picked":["bronze:MakeshiftBattery","xbg"],"picked":"Replay:Bronze Core"}],"items_purged_floors":[37,37],"is_endless":false,"potions_floor_spawned":[2,3,10,11,13,25,27,30,31,36,45,49,52],"ascension_level":0}}