{"host":"bakf0s4odzu8z5xt","time":1612600525,"event":{"mods":["2.2 Compatiblity","BaseMod","Downfall","Friendly Minions","Minty Spire (QoL Compilation)","StSLib"],"gold_per_floor":[349,369,388,399,63,163,190,7,33,44,59,59,74,74,87,183,183,83,100,115,20,38,56,56,104,120,120,130,9,41,60,71,175,175,75,85,85,103,80,80,80,92,126,145,155,155,155,180,80,80,80,113,39,39,39,39],"floor_reached":57,"language":"ENG","playtime":6038,"items_purged":["bronze:Strike","bronze:Strike"],"score":1265,"play_id":"c05d56a9-3f86-4782-bbbd-7996b2a4da9e","local_time":"20210206023525","is_ascension_mode":false,"campfire_choices":[{"floor":1.0,"key":"REST"},{"data":"bronze:Optimize","floor":12.0,"key":"SMITH"},{"floor":18.0,"key":"RECALL"},{"data":"bronze:Verify","floor":27.0,"key":"SMITH"},{"data":"bronze:Turbo","floor":35,"key":"SMITH"},{"data":"bronze:Assembly","floor":46,"key":"SMITH"},{"data":"bronze:Assembly","floor":49,"key":"SMITH"},{"data":"bronze:Repulsor","floor":54,"key":"SMITH"}],"circlet_count":0,"master_deck":["bronze:Strike","bronze:Defend","bronze:Defend","bronze:Defend","bronze:Defend","bronze:Replicate+1","bronze:Goto","bronze:Boost+1","bronze:Optimize+1","bronze:ChildClass+1","bronze:RecursiveStrike","bronze:FollowUp","bronze:BitShift","bronze:FineTuning","bronze:InfiniteBeams","bronze:Verify+1","bronze:Iterate","bronze:Assembly+1","bronze:Fortify+1","bronze:ClassDefault","bronze:Flail+1","Panache","bronze:Turbo+1","bronze:Iterate","bronze:Constructor+1","bronze:Assembly+1","bronze:ChildClass","bronze:Constructor","bronze:Library","bronze:Constructor+1","bronze:Refactor","bronze:Repulsor+1","bronze:Repulsor+1"],"relics":["bronze:BronzeCore","Shuriken","Bottled Tornado","Runic Pyramid","downfall:HeartBlessingBlue","bronze:DecasWashers","Slimebound:PreparedRelic","Busted Crown","downfall:HeartBlessingRed","Sundial","Omamori","Bronze Scales","downfall:HeartBlessingGreen","Akabeko"],"acts_visited":["Exordium","TheCity","TheBeyond","TheEnding"],"potions_floor_usage":[33,50,50,56],"damage_taken":[{"damage":1.0,"enemies":"Cultist","floor":2.0,"turns":4.0},{"damage":0.0,"enemies":"Small Slimes","floor":3.0,"turns":4.0},{"damage":4.0,"enemies":"2 Louse","floor":4.0,"turns":3.0},{"damage":0.0,"enemies":"downfall:FleeingMerchant","floor":5.0,"turns":4.0},{"damage":2.0,"enemies":"downfall:FleeingMerchant","floor":8.0,"turns":4.0},{"damage":5.0,"enemies":"Lagavulin","floor":9.0,"turns":5.0},{"damage":17.0,"enemies":"Lots of Slimes","floor":10.0,"turns":3.0},{"damage":1.0,"enemies":"Exordium Wildlife","floor":11.0,"turns":3.0},{"damage":0.0,"enemies":"Large Slime","floor":13.0,"turns":2.0},{"damage":5.0,"enemies":"3 Louse","floor":15.0,"turns":3.0},{"damage":5.0,"enemies":"DF_ARCHETYPE_STREAMLINE","floor":16.0,"turns":4.0},{"damage":2.0,"enemies":"Spheric Guardian","floor":19.0,"turns":3.0},{"damage":5.0,"enemies":"3 Byrds","floor":20.0,"turns":4.0},{"damage":0.0,"enemies":"downfall:FleeingMerchant","floor":21.0,"turns":4.0},{"damage":12.0,"enemies":"Centurion and Healer","floor":22.0,"turns":3.0},{"damage":24.0,"enemies":"Snake Plant","floor":23.0,"turns":4.0},{"damage":0.0,"enemies":"downfall:FleeingMerchant","floor":25.0,"turns":1.0},{"damage":0.0,"enemies":"Chosen and Byrds","floor":26.0,"turns":3.0},{"damage":0.0,"enemies":"Cultist and Chosen","floor":28.0,"turns":3.0},{"damage":6.0,"enemies":"Book of Stabbing","floor":30.0,"turns":5.0},{"damage":9.0,"enemies":"Shelled Parasite and Fungi","floor":31.0,"turns":5.0},{"damage":19.0,"enemies":"Centurion and Healer","floor":32.0,"turns":3.0},{"damage":1,"enemies":"SI_MIRROR_ARCHETYPE","floor":33,"turns":7},{"damage":0,"enemies":"Orb Walker","floor":36,"turns":2},{"damage":9,"enemies":"3 Shapes","floor":38,"turns":2},{"damage":0,"enemies":"Jaw Worm Horde","floor":42,"turns":2},{"damage":0,"enemies":"Giant Head","floor":43,"turns":4},{"damage":0,"enemies":"Transient","floor":44,"turns":5},{"damage":0,"enemies":"Maw","floor":45,"turns":5},{"damage":0,"enemies":"Reptomancer","floor":48,"turns":3},{"damage":23,"enemies":"WA_ARCHETYPE_DIVINITY","floor":50,"turns":4},{"damage":0,"enemies":"downfall:CharBossMerchant","floor":52,"turns":6},{"damage":1,"enemies":"downfall:NeowBoss","floor":55,"turns":8},{"damage":40,"enemies":"downfall:NeowBossFinal","floor":56,"turns":11}],"seed_played":"-9000069250146946256","potions_obtained":[{"floor":2.0,"key":"bronze:BurnAndBuffPotion"},{"floor":10.0,"key":"LiquidMemories"},{"floor":11.0,"key":"Dexterity Potion"},{"floor":15.0,"key":"SteroidPotion"},{"floor":20.0,"key":"BlessingOfTheForge"},{"floor":22.0,"key":"bronze:BurnAndBuffPotion"},{"floor":23.0,"key":"hexamod:SoulburnPotion"},{"floor":26.0,"key":"Explosive Potion"},{"floor":28.0,"key":"sneckomod:MuddlingPotion"},{"floor":30.0,"key":"Slimebound:ThreeZeroPotion"},{"floor":33,"key":"BlessingOfTheForge"},{"floor":38,"key":"DuplicationPotion"},{"floor":42,"key":"ColorlessPotion"}],"is_trial":false,"path_per_floor":["R","M","M","M","$","?","T","$","E","M","M","R","M","?","M","B",null,"R","M","M","$","M","M","T","$","M","R","M","$","E","M","M","B",null,"R","M","?","M","$","?","T","M","E","M","M","R","?","E","R","B",null,"E","$","R","B","B",null],"character_chosen":"THE_AUTOMATON","items_purchased":["Shuriken","bronze:FollowUp","bronze:FineTuning","bronze:InfiniteBeams","bronze:ClassDefault","Panache","bronze:Turbo","bronze:Iterate","Weak Potion","bronze:Constructor","bronze:Repulsor"],"campfire_rested":1,"item_purchase_floors":[5,5,8,8,21,25,29,29,29,39,53],"current_hp_per_floor":[70,69,69,65,65,65,65,63,58,41,40,40,40,40,35,30,70,80,78,73,73,61,37,37,37,37,37,37,37,31,22,3,2,80,80,80,80,71,71,71,71,71,71,71,71,71,71,71,71,48,80,80,80,80,79,39],"gold":39,"neow_bonus":"TWO_FIFTY_GOLD","is_daily":false,"chose_seed":false,"campfire_upgraded":6,"win_rate":0.0,"timestamp":1612600525,"path_taken":["R","M","M","M","$","?","T","$","E","M","M","R","M","?","M","BOSS","R","M","M","$","M","M","T","$","M","R","M","?","E","M","M","BOSS","R","M","?","M","?","?","T","M","E","M","?","R","?","E","R","BOSS","E","$","R","BOSS","BOSS"],"items_purchased_type":["Relic","Card","Card","Card","Card","Card","Card","Card","Potion","Card","Card"],"build_version":"2020-12-22","purchased_purges":2,"victory":true,"max_hp_per_floor":[70,70,70,70,70,70,70,70,70,70,70,70,70,70,70,70,70,80,80,80,80,80,80,80,80,80,80,80,80,80,80,80,80,80,80,80,80,80,80,80,80,80,80,80,80,80,80,80,80,80,80,80,80,80,80,80],"card_choices":[{"not_picked":["bronze:Separator","bronze:Frontload"],"picked":"bronze:Boost","floor":2.0},{"not_picked":["bronze:BronzeArmor","bronze:WildBeam"],"picked":"bronze:Optimize","floor":3.0},{"not_picked":["bronze:Invalidate","bronze:DelayedSlice"],"picked":"bronze:ChildClass","floor":4.0},{"not_picked":["bronze:WildBeam","bronze:BronzeArmor"],"picked":"bronze:RecursiveStrike","floor":5.0},{"not_picked":["bronze:Shell","bronze:Return"],"picked":"bronze:BitShift","floor":8.0},{"not_picked":["bronze:OilSpill","bronze:Overload"],"picked":"bronze:Verify","floor":9.0},{"not_picked":["bronze:Deprecate","bronze:Turbo"],"picked":"bronze:Iterate","floor":10.0},{"not_picked":["bronze:Invalidate","bronze:Constructor","bronze:Separator"],"picked":"SKIP","floor":11.0},{"not_picked":["bronze:ChildClass","bronze:Branch","bronze:DelayedSlice"],"picked":"SKIP","floor":13.0},{"not_picked":["bronze:OilSpill","bronze:WildBeam","bronze:GetLatest"],"picked":"SKIP","floor":15.0},{"not_picked":["bronze:WildBeam","bronze:Branch","bronze:Constructor"],"picked":"SKIP","floor":19.0},{"not_picked":["bronze:Deprecate","bronze:Overheat+1"],"picked":"bronze:Assembly","floor":20.0},{"not_picked":["bronze:DelayedGuard","bronze:Frontload+1"],"picked":"bronze:Fortify+1","floor":21.0},{"not_picked":["bronze:BuggyMess","bronze:BugBarrage","bronze:DelayedGuard"],"picked":"SKIP","floor":22.0},{"not_picked":["bronze:Constructor","bronze:FineTuning"],"picked":"bronze:Flail+1","floor":23.0},{"not_picked":["bronze:Separator","bronze:BitShift+1","bronze:Frontload"],"picked":"SKIP","floor":25.0},{"not_picked":["bronze:InfiniteLoop","bronze:Frontload","bronze:Overheat"],"picked":"SKIP","floor":26.0},{"not_picked":["bronze:Separator","bronze:Backtrace","bronze:Overheat+1"],"picked":"SKIP","floor":28.0},{"not_picked":["bronze:Overload","bronze:Refactor","bronze:Constructor"],"picked":"SKIP","floor":30.0},{"not_picked":["bronze:Separator","bronze:Terminator+1","bronze:Break"],"picked":"SKIP","floor":31.0},{"not_picked":["bronze:ClassDefault","bronze:CloningBeam"],"picked":"bronze:Constructor","floor":32.0},{"not_picked":["bronze:Library","bronze:AlphaBuild"],"picked":"bronze:Assembly","floor":33},{"not_picked":[],"picked":"bronze:ChildClass","floor":36},{"not_picked":["bronze:BugBarrage"],"picked":"SKIP","floor":38},{"not_picked":["bronze:Overheat+1"],"picked":"SKIP","floor":42},{"not_picked":["bronze:DelayedGuard"],"picked":"SKIP","floor":43},{"not_picked":[],"picked":"bronze:Constructor+1","floor":44},{"not_picked":["bronze:BuggyMess"],"picked":"SKIP","floor":45},{"not_picked":[],"picked":"bronze:Refactor","floor":48},{"not_picked":[],"picked":"bronze:Repulsor+1","floor":52}],"player_experience":2093585,"relics_obtained":[{"floor":9.0,"key":"Bottled Tornado"},{"floor":24.0,"key":"bronze:DecasWashers"},{"floor":30.0,"key":"Slimebound:PreparedRelic"},{"floor":41,"key":"Sundial"},{"floor":43,"key":"Omamori"},{"floor":48,"key":"Bronze Scales"},{"floor":52,"key":"Akabeko"}],"event_choices":[{"damage_healed":0,"gold_gain":0,"player_choice":"Relic","damage_taken":0,"max_hp_gain":0,"max_hp_loss":0,"event_name":"Wheel of Change","floor":47,"gold_loss":0}],"is_beta":false,"boss_relics":[{"not_picked":["SlaversCollar","Astrolabe"],"picked":"Runic Pyramid"},{"not_picked":["sneckomod:SneckoTalon","Empty Cage"],"picked":"Busted Crown"}],"items_purged_floors":[8,25],"is_endless":false,"potions_floor_spawned":[2,10,11,13,15,20,22,23,26,28,30,33,38,42,44,48],"ascension_level":0}}