{"host":"bp73yv6vym73vckj","time":1612602627,"event":{"mods":["BaseMod","Colored Powertips","Conspire","Downfall","Hermit","Highlight Path","Hubris","Infinite Spire","Ironclad Rager","Minty Spire (QoL Compilation)","Quick Restart","Replay The Spire","StSLib","The Construct","The Cursed","The Hierophant","The IronCluck","The Runesmith"],"gold_per_floor":[99,119,119,139,239,257,257,269,289,117,144,144,163,163,181,283,283,283,297,297,297,297],"floor_reached":20,"language":"ENG","playtime":1371,"items_purged":[],"score":176,"play_id":"1c888a49-a0a6-46ad-ba96-6fba4f06f43d","local_time":"20210206041026","is_ascension_mode":false,"campfire_choices":[{"data":"sneckomod:Unknown","floor":12,"key":"SMITH"},{"floor":18,"key":"RECALL"}],"circlet_count":0,"master_deck":["sneckomod:Strike","sneckomod:Strike","sneckomod:Defend","sneckomod:Defend","sneckomod:Defend","sneckomod:TailWhip","sneckomod:SnekBite","sneckomod:Unknown","sneckomod:Unknown+1","sneckomod:SlitherStrike","sneckomod:SoulCleanse","sneckomod:Unknown2Cost","sneckomod:UnknownBlock","sneckomod:UnknownDraw","sneckomod:SoulRoll","sneckomod:SoulRoll","sneckomod:CheapStock+1","Replay:BasicMightCard","sneckomod:UnknownDraw","sneckomod:TrashToTreasure","sneckomod:DefensiveFlair","sneckomod:Mudshield","CurseOfTheBell","sneckomod:UnknownUncommonPower"],"relics":["hubris:VirtuousBlindfold","hubris:Towel","Ice Cream","Letter Opener","Replay:Bottled Flurry","Calling Bell","conspire:TopHat","conspire:Flyswatter","conspire:GlowingRock"],"acts_visited":["Exordium","TheCity"],"potions_floor_usage":[],"damage_taken":[{"damage":0,"enemies":"Cultist","floor":2,"turns":3},{"damage":6,"enemies":"2 Louse","floor":4,"turns":2},{"damage":6,"enemies":"Jaw Worm","floor":6,"turns":2},{"damage":12,"enemies":"Blue Slaver","floor":8,"turns":3},{"damage":0,"enemies":"Large Slime","floor":9,"turns":5},{"damage":0,"enemies":"downfall:FleeingMerchant","floor":10,"turns":4},{"damage":1,"enemies":"Replay:BlueRogue","floor":11,"turns":7},{"damage":10,"enemies":"Gremlin Gang","floor":13,"turns":3},{"damage":1,"enemies":"3 Louse","floor":15,"turns":3},{"damage":1,"enemies":"SI_SHIV_ARCHETYPE","floor":16,"turns":13},{"damage":47,"enemies":"3 Byrds","floor":19,"turns":7},{"damage":44,"enemies":"Sentry and Sphere","floor":20,"turns":5}],"seed_played":"1121597047899636017","potions_obtained":[{"floor":2,"key":"Weak Potion"},{"floor":8,"key":"SteroidPotion"},{"floor":11,"key":"LiquidMemories"},{"floor":15,"key":"hexamod:SoulburnPotion"}],"is_trial":false,"path_per_floor":["R","M","?","M","?","M","T","M","M","$","E","R","M","T","M","B",null,"R","M","M"],"character_chosen":"THE_SNECKO","items_purchased":["sneckomod:CheapStock+1","Replay:BasicMightCard"],"campfire_rested":0,"item_purchase_floors":[10,10],"current_hp_per_floor":[90,90,90,84,84,78,78,66,66,66,65,65,55,55,54,53,90,90,43,0,0,0],"gold":297,"neow_bonus":"BOSS_RELIC","is_daily":false,"chose_seed":false,"campfire_upgraded":1,"win_rate":0.0,"timestamp":1612602626,"path_taken":["R","M","?","M","?","?","T","M","M","?","E","R","M","?","M","BOSS","R","M","M"],"items_purchased_type":["Card","Card"],"build_version":"2020-12-22","purchased_purges":0,"victory":false,"max_hp_per_floor":[90,90,90,90,90,90,90,90,90,90,90,90,90,90,90,90,90,90,90,90,90,90],"card_choices":[{"not_picked":["sneckomod:SoulDraw","sneckomod:RainOfDice"],"picked":"sneckomod:SoulCleanse","floor":2},{"not_picked":["sneckomod:QuickBite","sneckomod:QuickMove"],"picked":"sneckomod:Unknown2Cost","floor":4},{"not_picked":["sneckomod:DiceCrush","sneckomod:SnekBeam"],"picked":"sneckomod:UnknownBlock","floor":6},{"not_picked":["sneckomod:SoulDraw","sneckomod:RainOfDice"],"picked":"sneckomod:UnknownDraw","floor":8},{"not_picked":["sneckomod:SoulDraw","sneckomod:SlitherStrike"],"picked":"sneckomod:SoulRoll","floor":9},{"not_picked":["sneckomod:SnekBeam","sneckomod:SoulDraw"],"picked":"sneckomod:SoulRoll","floor":10},{"not_picked":["sneckomod:IronFang","sneckomod:UnknownCommonSkill"],"picked":"sneckomod:UnknownDraw","floor":11},{"not_picked":["sneckomod:UnknownUncommonSkill","sneckomod:UnknownExhaust"],"picked":"sneckomod:TrashToTreasure","floor":13},{"not_picked":["sneckomod:UnknownVulnerable","sneckomod:SoulRoll"],"picked":"sneckomod:DefensiveFlair","floor":15},{"not_picked":["sneckomod:Cheat","sneckomod:Restock"],"picked":"sneckomod:Mudshield","floor":16},{"not_picked":["sneckomod:RainOfDice","sneckomod:Unknown2Cost"],"picked":"sneckomod:UnknownUncommonPower","floor":19}],"player_experience":1007633,"relics_obtained":[{"floor":7,"key":"Ice Cream"},{"floor":11,"key":"Letter Opener"},{"floor":14,"key":"Replay:Bottled Flurry"},{"floor":17,"key":"conspire:TopHat"},{"floor":17,"key":"conspire:Flyswatter"},{"floor":17,"key":"conspire:GlowingRock"}],"event_choices":[],"is_beta":false,"boss_relics":[{"not_picked":["Velvet Choker","Kintsugi"],"picked":"Calling Bell"}],"items_purged_floors":[],"is_endless":false,"potions_floor_spawned":[2,8,11,13,15],"killed_by":"Sentry and Sphere","ascension_level":0}}