{"host":"37ccm3d17clopct7","time":1612608764,"event":{"mods":["BaseMod","Hermit","Lobotomy","Minty Spire (QoL Compilation)","StSLib","The Bug Knight","The Cursed","The Hierophant","The Jungle","The Runesmith"],"gold_per_floor":[110,129,149,149,74,100,65,99,126,126,126,17,34,53,53,157,157,170,170,170,189,189,189,201,201,201,215,215,248,258,258,258,356,356,373,41,91,109,0,35,35,47,47,59,71,34,34,60,60,60,60],"floor_reached":52,"language":"KOR","playtime":2831,"items_purged":["Runesmith:Defend_RS","Runesmith:Strike_RS"],"score":745,"play_id":"88e81efd-d691-40a0-a902-94cd23768461","local_time":"20210206195244","is_ascension_mode":true,"campfire_choices":[{"floor":11,"key":"REST"},{"floor":15,"key":"REST"},{"floor":23,"key":"REST"},{"floor":25,"key":"REST"},{"data":"Runesmith:Fortify","floor":28,"key":"SMITH"},{"floor":32,"key":"REST"},{"floor":41,"key":"REST"},{"floor":44,"key":"REST"},{"floor":47,"key":"REST"},{"floor":49,"key":"REST"}],"circlet_count":0,"master_deck":["Runesmith:Strike_RS","Runesmith:Strike_RS","Runesmith:Strike_RS","Runesmith:Defend_RS","Runesmith:Defend_RS","Runesmith:Defend_RS","Runesmith:CraftFirestone","Runesmith:Fortify+1","Runesmith:Grindstone","Runesmith:CraftMagma","Runesmith:CraftSpiculum","Runesmith:HeatedChisel","Runesmith:CraftObretio","Runesmith:Firestorm","Runesmith:CraftMagma","Runesmith:HeatExchange","Runesmith:RuneHurl","Runesmith:EarthShield","Runesmith:CraftProtectio","Runesmith:GrandSlam","Runesmith:LithiumIon","Runesmith:BackupBattery","Runesmith:PerfectChisel+1","Runesmith:RunicBlueprint+1","Runesmith:EnergizedChisel+1"],"relics":["Runesmith:BrokenRuby","Anchor","HollowMod:PaleOreRelic","Oddly Smooth Stone","Gremlin Horn","SlaversCollar","MutagenicStrength","Matryoshka","Lantern","Sling","Bird Faced Urn","Red Mask","Incense Burner","MawBank","Shuriken","Boot","Bottled Tornado","Nunchaku"],"acts_visited":["Exordium","TheCity","TheBeyond"],"potions_floor_usage":[8,8,27,33,33,40,40,50],"damage_taken":[{"damage":0,"enemies":"Small Slimes","floor":1,"turns":4},{"damage":0,"enemies":"Jaw Worm","floor":2,"turns":5},{"damage":0,"enemies":"2 Louse","floor":3,"turns":3},{"damage":33,"enemies":"3 Sentries","floor":6,"turns":8},{"damage":29,"enemies":"Gremlin Nob","floor":8,"turns":4},{"damage":13,"enemies":"Exordium Wildlife","floor":13,"turns":4},{"damage":0,"enemies":"Large Slime","floor":14,"turns":4},{"damage":33,"enemies":"Hexaghost","floor":16,"turns":9},{"damage":0,"enemies":"Chosen","floor":18,"turns":6},{"damage":23,"enemies":"Centurion and Healer","floor":21,"turns":7},{"damage":25,"enemies":"Snake Plant","floor":24,"turns":4},{"damage":1,"enemies":"Shelled Parasite and Fungi","floor":27,"turns":6},{"damage":47,"enemies":"Gremlin Leader","floor":29,"turns":8},{"damage":3,"enemies":"3 Cultists","floor":30,"turns":6},{"damage":33,"enemies":"Champ","floor":33,"turns":17},{"damage":11,"enemies":"3 Shapes","floor":35,"turns":5},{"damage":15,"enemies":"Mind Bloom Boss Battle","floor":37,"turns":8},{"damage":4,"enemies":"Orb Walker","floor":38,"turns":6},{"damage":46,"enemies":"Reptomancer","floor":40,"turns":7},{"damage":32,"enemies":"Spire Growth","floor":42,"turns":6},{"damage":6,"enemies":"Giant Head","floor":48,"turns":10},{"damage":17,"enemies":"Time Eater","floor":50,"turns":14}],"seed_played":"-7792486798634433044","potions_obtained":[{"floor":2,"key":"Fire Potion"},{"floor":3,"key":"Strength Potion"},{"floor":14,"key":"Dexterity Potion"},{"floor":21,"key":"Explosive Potion"},{"floor":27,"key":"SpeedPotion"},{"floor":30,"key":"Dexterity Potion"},{"floor":33,"key":"Dexterity Potion"},{"floor":40,"key":"Fire Potion"},{"floor":48,"key":"CultistPotion"}],"is_trial":false,"path_per_floor":["M","M","M","?","$","E","?","E","T","T","R","$","M","M","R","B",null,"M","?","?","M","?","R","M","R","T","M","R","E","M","?","R","B",null,"M","$","?","M","?","E","R","M","T","R","T","$","R","E","R","B",null,null],"character_chosen":"RUNESMITH_CLASS","items_purchased":["Runesmith:CraftObretio","Runesmith:Firestorm","Runesmith:LithiumIon","Sling","Block Potion"],"campfire_rested":9,"item_purchase_floors":[12,12,36,36,46],"current_hp_per_floor":[77,77,77,82,82,49,69,40,40,40,64,64,51,51,75,42,82,82,82,82,59,59,82,57,81,81,80,80,33,30,30,54,21,82,71,71,56,56,56,14,38,10,10,34,34,34,58,56,80,65,65],"gold":60,"neow_bonus":"TEN_PERCENT_HP_BONUS","is_daily":false,"chose_seed":false,"campfire_upgraded":1,"win_rate":0.0,"timestamp":1612608764,"path_taken":["M","M","M","?","$","E","?","E","T","?","R","$","M","M","R","BOSS","M","?","?","?","?","R","M","R","T","M","R","E","M","?","R","BOSS","M","$","?","M","?","E","R","M","T","R","?","$","R","E","R","BOSS"],"items_purchased_type":["Card","Card","Card","Relic","Potion"],"build_version":"2020-12-22","purchased_purges":2,"victory":true,"max_hp_per_floor":[77,77,77,82,82,82,82,82,82,82,82,82,82,82,82,82,82,82,82,82,82,82,82,82,82,82,82,82,82,82,82,82,82,82,82,82,82,82,82,82,82,82,82,82,82,82,82,82,82,82,82],"card_choices":[{"not_picked":["Runesmith:Prism","Runesmith:CraftReservo"],"picked":"Runesmith:Grindstone","floor":1},{"not_picked":["Runesmith:FrozenChisel","Runesmith:UnstableHammer"],"picked":"Runesmith:CraftMagma","floor":2},{"not_picked":["Runesmith:WhiteBalance","Runesmith:NanitesCloud"],"picked":"Runesmith:CraftSpiculum","floor":3},{"not_picked":["Runesmith:CraftSpiculum","Runesmith:Grindstone","Runesmith:FissionHammer"],"picked":"SKIP","floor":6},{"not_picked":["Runesmith:Discharge","Runesmith:Overpower"],"picked":"Runesmith:HeatedChisel","floor":8},{"not_picked":["Runesmith:Firestorm","Runesmith:FieryHammer"],"picked":"Runesmith:CraftMagma","floor":13},{"not_picked":["Runesmith:Firestorm","Runesmith:Firewall"],"picked":"Runesmith:HeatExchange","floor":14},{"not_picked":["Runesmith:UnstableHammer","Runesmith:MakeshiftArmor"],"picked":"Runesmith:RuneHurl","floor":18},{"not_picked":["Runesmith:RuneHurl","Runesmith:HammerThrow","Runesmith:CraftPrismatica"],"picked":"SKIP","floor":21},{"not_picked":["Runesmith:FrozenChisel","Runesmith:Grindstone+1"],"picked":"Runesmith:EarthShield","floor":24},{"not_picked":["Runesmith:CraftMagma","Runesmith:UnstableHammer","Runesmith:StaticCage"],"picked":"SKIP","floor":27},{"not_picked":["Runesmith:ShiftingStrike","Runesmith:Overpower+1","Runesmith:HeatExchange"],"picked":"SKIP","floor":29},{"not_picked":["Runesmith:HeatExchange","Runesmith:Repurpose"],"picked":"Runesmith:CraftProtectio","floor":30},{"not_picked":["Runesmith:CraftIndustria","Runesmith:LightningRod"],"picked":"Runesmith:GrandSlam","floor":33},{"not_picked":["Runesmith:FrozenChisel","Runesmith:HammerThrow+1","Runesmith:OneForEveryone+1"],"picked":"SKIP","floor":35},{"not_picked":["Runesmith:CraftProtectio+1","Runesmith:MakeshiftArmor+1"],"picked":"Runesmith:BackupBattery","floor":37},{"not_picked":["Runesmith:HeatedChisel+1","Runesmith:Overpower","Runesmith:StaticCage+1"],"picked":"SKIP","floor":38},{"not_picked":["Runesmith:Repurpose+1","Runesmith:ChiselStab"],"picked":"Runesmith:PerfectChisel+1","floor":40},{"not_picked":["Runesmith:RuneHurl+1","Runesmith:StaticCage+1"],"picked":"Runesmith:RunicBlueprint+1","floor":42},{"not_picked":["Runesmith:Repurpose+1","Runesmith:ChiselStab"],"picked":"Runesmith:EnergizedChisel+1","floor":48}],"player_experience":128742,"relics_obtained":[{"floor":6,"key":"Anchor"},{"floor":8,"key":"HollowMod:PaleOreRelic"},{"floor":9,"key":"Oddly Smooth Stone"},{"floor":10,"key":"Gremlin Horn"},{"floor":26,"key":"Matryoshka"},{"floor":29,"key":"Lantern"},{"floor":37,"key":"Bird Faced Urn"},{"floor":40,"key":"Incense Burner"},{"floor":43,"key":"MawBank"},{"floor":43,"key":"Shuriken"},{"floor":45,"key":"Boot"},{"floor":45,"key":"Bottled Tornado"},{"floor":48,"key":"Nunchaku"}],"event_choices":[{"damage_healed":0,"gold_gain":0,"player_choice":"Donut","damage_taken":0,"max_hp_gain":5,"max_hp_loss":0,"event_name":"Big Fish","floor":4,"gold_loss":0},{"damage_healed":20,"gold_gain":0,"player_choice":"Healed","damage_taken":0,"max_hp_gain":0,"max_hp_loss":0,"event_name":"The Cleric","floor":7,"gold_loss":35},{"damage_healed":0,"gold_gain":0,"player_choice":"Inject Mutagens","damage_taken":0,"relics_obtained":["MutagenicStrength"],"max_hp_gain":0,"max_hp_loss":0,"event_name":"Drug Dealer","floor":19,"gold_loss":0},{"damage_healed":0,"gold_gain":0,"player_choice":"Ignored","damage_taken":0,"max_hp_gain":0,"max_hp_loss":0,"event_name":"Ghosts","floor":20,"gold_loss":0},{"damage_healed":0,"gold_gain":0,"player_choice":"Ignored","damage_taken":0,"max_hp_gain":0,"max_hp_loss":0,"event_name":"Vampires","floor":22,"gold_loss":0},{"damage_healed":0,"gold_gain":0,"player_choice":"Ignored","damage_taken":0,"max_hp_gain":0,"max_hp_loss":0,"event_name":"N\u0027loth","floor":31,"gold_loss":0},{"damage_healed":0,"gold_gain":0,"player_choice":"Fight","damage_taken":0,"max_hp_gain":0,"max_hp_loss":0,"event_name":"MindBloom","floor":37,"gold_loss":0},{"damage_healed":0,"gold_gain":0,"player_choice":"Paid","damage_taken":0,"relics_obtained":["Red Mask"],"max_hp_gain":0,"max_hp_loss":0,"event_name":"Tomb of Lord Red Mask","floor":39,"gold_loss":109}],"is_beta":false,"boss_relics":[{"not_picked":["Coffee Dripper","Velvet Choker"],"picked":"SlaversCollar"},{"not_picked":["Runic Dome","Philosopher\u0027s Stone","Snecko Eye"]}],"items_purged_floors":[5,36],"is_endless":false,"potions_floor_spawned":[2,3,14,21,27,30,33,40,48],"ascension_level":1}}