{"host":"z9x5nldzhmx4jdfi","time":1612647457,"event":{"mods":["2.2 Compatiblity","BaseMod","Better Altar","Better Match","Better Note","Better Sensory Stone","Better Skull","Better Third Choice","BetterRewards","Block Reminder","Card Filter","Colored Powertips","Infinite Spire","Minty Spire (QoL Compilation)","Relic Filter","StSLib","Td1madao Mod","The Animator","The Servant 0.9.4","Wandering Minibosses"],"gold_per_floor":[126,126,148,223,2,2,13,51,51,63,63],"floor_reached":10,"language":"ENG","playtime":454,"items_purged":["animator:Strike"],"score":99,"play_id":"7b5ddfc3-feab-4111-9dab-49ba7e0d81fa","local_time":"20210206153737","is_ascension_mode":true,"campfire_choices":[{"data":"animator:KrulTepes","floor":6.0,"key":"SMITH"}],"circlet_count":0,"master_deck":["AscendersBane","animator:Strike_Fate","animator:Defend_Fate","animator:Strike","animator:Strike","animator:Defend","animator:Defend","animator:Defend","animator:Alexander","animator:Rider","animator:KrulTepes+1","infinitespire:TheBestDefense","animator:Illya","animator:RinTohsaka","animator:Berserker"],"relics":["animator:LivingPicture","animator:TheMissingPiece","HandDrill","Blood Vial","Matryoshka","MawBank","Paper Crane"],"acts_visited":["Exordium"],"potions_floor_usage":[],"damage_taken":[{"damage":8.0,"enemies":"Jaw Worm","floor":1.0,"turns":7.0},{"damage":3.0,"enemies":"2 Louse","floor":3.0,"turns":3.0},{"damage":1.0,"enemies":"Cultist","floor":7.0,"turns":4.0},{"damage":18.0,"enemies":"Gremlin Nob","floor":8.0,"turns":5.0},{"damage":9,"enemies":"Lagavulin","floor":10,"turns":5}],"seed_played":"-4346556845057757616","potions_obtained":[{"floor":3.0,"key":"ColorlessPotion"}],"is_trial":false,"path_per_floor":["M","?","M","?","$","R","M","E","T","E"],"character_chosen":"THE_ANIMATOR","items_purchased":["HandDrill"],"campfire_rested":0,"item_purchase_floors":[5],"current_hp_per_floor":[57,38,35,24,24,24,24,6,6,0,0],"gold":63,"neow_bonus":"TEN_PERCENT_HP_BONUS","is_daily":false,"chose_seed":false,"campfire_upgraded":1,"win_rate":0.0,"timestamp":1612647457,"path_taken":["M","?","M","?","?","R","?","E","T","E"],"items_purchased_type":["Relic"],"build_version":"2020-12-22","purchased_purges":1,"victory":false,"max_hp_per_floor":[72,72,72,72,72,72,73,73,73,73,73],"card_choices":[{"not_picked":["animator:HighElfArcher","animator:Rider"],"picked":"animator:KrulTepes","floor":1.0},{"not_picked":["infinitespire:FutureSight","infinitespire:Execution"],"picked":"infinitespire:TheBestDefense","floor":2.0},{"not_picked":["animator:PandorasActor","animator:Spearman"],"picked":"animator:Illya","floor":3.0},{"not_picked":["animator:Cocytus","animator:Archer"],"picked":"animator:RinTohsaka","floor":7.0},{"not_picked":["animator:Alexander","animator:Archer"],"picked":"animator:Berserker","floor":8}],"player_experience":1517352,"relics_obtained":[{"floor":8,"key":"Blood Vial"},{"floor":8,"key":"Matryoshka"},{"floor":9,"key":"MawBank"},{"floor":9,"key":"Paper Crane"}],"event_choices":[{"damage_healed":0.0,"max_hp_gain":0.0,"max_hp_loss":0.0,"gold_gain":75.0,"event_name":"betterThird:BetterGoop","player_choice":"Gold","floor":4.0,"gold_loss":0.0,"damage_taken":11.0}],"is_beta":false,"boss_relics":[],"items_purged_floors":[5],"is_endless":false,"potions_floor_spawned":[3],"killed_by":"Lagavulin","ascension_level":10}}