{"host":"8d3fefv2347kqkpz","time":1612582044,"event":{"mods":["AchievementEnabler","Act Like it!","Aspiration","BaseMod","Better Vampires","Colored Map","Colored Powertips","Conspire","GifTheSpireLib","Highlight Path","Hubris","Mimic Mod","Minty Spire (QoL Compilation)","Quick Restart","Rare Cards Sparkle","Relic Stats","Replay The Spire","Spicy Shops","StSLib","The Jungle","Waifu the Spire"],"gold_per_floor":[117,117,42,142,158,158,158,172,207,16,16,16,32,32,32,129,129,144,144,176,176,176,176,190,201,201,201,228,228,241,259,259,360,360,375,390,390,390],"floor_reached":37,"language":"ZHS","playtime":2044,"items_purged":["Zap"],"score":396,"play_id":"9c4c70e7-4266-4f8d-a95a-dff2f557f4f9","local_time":"20210206112724","is_ascension_mode":true,"campfire_choices":[{"data":"Reprogram","floor":6.0,"key":"SMITH"},{"data":"Apotheosis","floor":12.0,"key":"SMITH"},{"data":"Conserve Battery","floor":23.0,"key":"SMITH"},{"floor":29.0,"key":"REST"},{"floor":32.0,"key":"REST"}],"circlet_count":0,"master_deck":["Strike_B","Defend_B","Reprogram+1","ReplayGash+1","Apotheosis+1","Gash","Hyperbeam","BootSequence+1","Sweeping Beam+1","Conserve Battery+1","Scrape","Conserve Battery","ReplayRNGCard","Reprogram"],"relics":["Cracked Core","Bag of Marbles","aspiration:Lifesprig","Astrolabe","Red Mask","hubris:Potato","Garlic","SlaversCollar"],"acts_visited":["Exordium","TheCity","TheBeyond"],"potions_floor_usage":[],"damage_taken":[{"damage":7.0,"enemies":"Small Slimes","floor":1.0,"turns":4.0},{"damage":1.0,"enemies":"2 Louse","floor":5.0,"turns":3.0},{"damage":0.0,"enemies":"Cultist","floor":8.0,"turns":3.0},{"damage":0.0,"enemies":"Large Slime","floor":9.0,"turns":7.0},{"damage":0.0,"enemies":"Large Slime","floor":13.0,"turns":3.0},{"damage":35.0,"enemies":"Slime Boss","floor":16.0,"turns":8.0},{"damage":0.0,"enemies":"Spheric Guardian","floor":18.0,"turns":3.0},{"damage":13.0,"enemies":"Masked Bandits","floor":20.0,"turns":4.0},{"damage":0.0,"enemies":"Chosen","floor":24.0,"turns":3.0},{"damage":3.0,"enemies":"Snake Plant","floor":25.0,"turns":5.0},{"damage":16.0,"enemies":"Book of Stabbing","floor":28.0,"turns":5.0},{"damage":0.0,"enemies":"3 Cultists","floor":30.0,"turns":3.0},{"damage":0.0,"enemies":"Cultist and Chosen","floor":31.0,"turns":5.0},{"damage":27.0,"enemies":"conspire:MysteriousRune","floor":33.0,"turns":10.0},{"damage":0,"enemies":"3 Shapes","floor":35,"turns":3},{"damage":13,"enemies":"3 Darklings","floor":36,"turns":4},{"damage":87,"enemies":"Transient","floor":37,"turns":5}],"seed_played":"1995431412262872188","potions_obtained":[{"floor":5.0,"key":"Strength Potion"},{"floor":8.0,"key":"Weak Potion"},{"floor":13.0,"key":"LifebloodPotion"},{"floor":16.0,"key":"Explosive Potion"},{"floor":25.0,"key":"Strength Potion"}],"is_trial":false,"path_per_floor":["M","?","$","?","M","R","?","M","MIM","$","?","R","M","$","R_BF","B",null,"M","?","?","?","?","R","M","M","T","?","E","R","M","M","R","B",null,"M","M","M"],"character_chosen":"DEFECT","items_purchased":["Apotheosis"],"campfire_rested":2,"item_purchase_floors":[10],"current_hp_per_floor":[61,61,61,61,60,60,60,60,60,60,60,60,60,60,68,33,68,68,68,55,55,55,55,55,52,52,52,36,56,56,56,68,41,68,68,55,0,0],"gold":390,"neow_bonus":"REMOVE_TWO","is_daily":false,"chose_seed":false,"campfire_upgraded":3,"win_rate":0.0,"timestamp":1612582044,"path_taken":["M","?","$","?","?","R","?","M","MIM","$","?","R","M","?","R_BF","BOSS","M","?","?","?","?","R","M","M","T","?","E","R","M","M","R","BOSS","M","?","M"],"items_purchased_type":["Card"],"build_version":"2020-12-22","purchased_purges":1,"victory":false,"max_hp_per_floor":[68,68,68,68,68,68,68,68,68,68,68,68,68,68,68,68,68,68,68,68,68,68,68,68,68,68,68,68,68,68,68,68,68,68,68,68,68,68],"relic_stats":{"counters":[17,78],"Astrolabe":["Chill","BootSequence","Sweeping Beam"],"obtain_stats":[{"SlaversCollar":34,"aspiration:Lifesprig":9,"Astrolabe":17,"Bag of Marbles":7,"Red Mask":20,"Garlic":28,"Cracked Core":0,"hubris:Potato":26},{"SlaversCollar":14,"aspiration:Lifesprig":4,"Astrolabe":6,"Bag of Marbles":2,"Red Mask":8,"Garlic":11,"Cracked Core":0,"hubris:Potato":10},{"SlaversCollar":66,"aspiration:Lifesprig":17,"Astrolabe":28,"Bag of Marbles":7,"Red Mask":35,"Garlic":48,"Cracked Core":0,"hubris:Potato":43}]},"card_choices":[{"not_picked":["Coolheaded","Chaos"],"picked":"Reprogram","floor":1.0},{"not_picked":["conspire:SharedLibrary","hubris:PowerSurge","Cold Snap"],"picked":"SKIP","floor":5.0},{"not_picked":["Rebound","Coolheaded"],"picked":"ReplayGash","floor":8.0},{"not_picked":["Stack","Reboot"],"picked":"Gash","floor":13.0},{"not_picked":["Seek","hubris:DoWhile"],"picked":"Hyperbeam","floor":16.0},{"not_picked":["FIFO Queue+1","Consume"],"picked":"Conserve Battery","floor":18.0},{"not_picked":["Stack","FTL"],"picked":"Conserve Battery","floor":24.0},{"not_picked":["Glacier","ReplayTheSpireMod:GoodbyeWorld","conspire:SharedLibrary"],"picked":"SKIP","floor":25.0},{"not_picked":["Redo","Aggregate","Barrage"],"picked":"SKIP","floor":28.0},{"not_picked":["Sweeping Beam","Panic Button"],"picked":"Reprogram","floor":30.0},{"not_picked":["Stack","Chaos","Hologram"],"picked":"SKIP","floor":31.0},{"not_picked":["Cold Snap+1","Streamline+1","Aggregate"],"picked":"SKIP","floor":35},{"not_picked":["Aggregate","Sweeping Beam+1","Streamline"],"picked":"SKIP","floor":36}],"player_experience":264013,"relics_obtained":[{"floor":9.0,"key":"aspiration:Lifesprig"},{"floor":20.0,"key":"Red Mask"},{"floor":26.0,"key":"hubris:Potato"},{"floor":28.0,"key":"Garlic"}],"event_choices":[{"damage_healed":0.0,"max_hp_gain":0.0,"max_hp_loss":0.0,"gold_gain":0.0,"event_name":"conspire:Investor","player_choice":"Leave","floor":2.0,"gold_loss":0.0,"damage_taken":0.0},{"damage_healed":0.0,"max_hp_gain":0.0,"max_hp_loss":0.0,"gold_gain":100.0,"event_name":"Golden Shrine","player_choice":"Pray","floor":4.0,"gold_loss":0.0,"damage_taken":0.0},{"damage_healed":0.0,"max_hp_gain":0.0,"max_hp_loss":0.0,"gold_gain":0.0,"event_name":"WeMeetAgain","player_choice":"Gave Potion","floor":7.0,"gold_loss":0.0,"damage_taken":0.0,"relics_obtained":["Bag of Marbles"]},{"damage_healed":0.0,"max_hp_gain":0.0,"max_hp_loss":0.0,"gold_gain":0.0,"event_name":"Masked Bandits","player_choice":"Fought Bandits","floor":20.0,"gold_loss":0.0,"damage_taken":0.0},{"damage_healed":0.0,"max_hp_gain":0.0,"max_hp_loss":0.0,"gold_gain":0.0,"cards_transformed":["Chill","Strike_B"],"event_name":"Drug Dealer","player_choice":"Became Test Subject","floor":21.0,"gold_loss":0.0,"damage_taken":0.0,"cards_obtained":["Scrape","Reboot"]},{"damage_healed":0.0,"max_hp_gain":0.0,"max_hp_loss":0.0,"gold_gain":0.0,"cards_transformed":["Reboot"],"event_name":"Transmorgrifier","player_choice":"Transformed","floor":27.0,"gold_loss":0.0,"damage_taken":0.0,"cards_obtained":["ReplayRNGCard"]}],"is_beta":false,"boss_relics":[{"not_picked":["conspire:SeveredTorchhead","Abe\u0027s Treasure"],"picked":"Astrolabe"},{"not_picked":["Painkiller Herb","aspiration:FutureDiary"],"picked":"SlaversCollar"}],"items_purged_floors":[3],"is_endless":false,"potions_floor_spawned":[5,8,13,16,25,28,31,36],"killed_by":"Transient","ascension_level":1}}