{"host":"5icjlaq41ghjcr7h","time":1612594586,"event":{"mods":["AchievementEnabler","BaseMod","Colored Map","Minty Spire (QoL Compilation)","SuperFastMode","everything is the same but u backflip on backflip"],"gold_per_floor":[109,32,32,49,49,75,96,115,115,40,75,93,93,110,110,209,209,228,49,49,49,49,49,81,100,100,127,91,91,120,139,139,237,237,249,249,249,249,263,263,119,154,227,243,266,281,281,281,281,281,281],"floor_reached":50,"language":"KOR","playtime":1423,"items_purged":["Strike_B","Strike_B"],"score":691,"play_id":"2464abc8-33ac-4999-8b9b-8bebc4f74b7e","local_time":"20210206155626","is_ascension_mode":true,"campfire_choices":[{"data":"Storm","floor":15,"key":"SMITH"},{"data":"Electrodynamics","floor":23,"key":"SMITH"},{"data":"Zap","floor":29,"key":"SMITH"},{"data":"Capacitor","floor":32,"key":"SMITH"},{"floor":40,"key":"RECALL"},{"data":"Turbo","floor":49,"key":"SMITH"}],"circlet_count":0,"master_deck":["Strike_B","Defend_B","Defend_B","Defend_B","Defend_B","Zap+1","Dualcast","Static Discharge","Storm+1","Leap","Electrodynamics+1","Cold Snap","Tempest","Turbo","Core Surge","Defragment+1","Glacier","Turbo+1","White Noise+1","Double Energy+1","Glacier","Static Discharge","Capacitor+1","Heatsinks","Thunder Strike","Decay","Conserve Battery","Stack","Writhe"],"relics":["FrozenCore","Juzu Bracelet","Mercury Hourglass","Ice Cream","Odd Mushroom","Meat on the Bone","Question Card","Ginger","Pear","White Beast Statue","Sozu","Centennial Puzzle","Mango","Darkstone Periapt","Toy Ornithopter"],"acts_visited":["Exordium","TheCity","TheBeyond"],"potions_floor_usage":[7,11,14,24,33],"damage_taken":[{"damage":1,"enemies":"Cultist","floor":1,"turns":3},{"damage":12,"enemies":"2 Louse","floor":4,"turns":3},{"damage":16,"enemies":"Lagavulin","floor":6,"turns":5},{"damage":8,"enemies":"The Mushroom Lair","floor":7,"turns":3},{"damage":2,"enemies":"Jaw Worm","floor":8,"turns":3},{"damage":7,"enemies":"Gremlin Nob","floor":11,"turns":4},{"damage":12,"enemies":"Large Slime","floor":12,"turns":4},{"damage":0,"enemies":"Gremlin Gang","floor":14,"turns":1},{"damage":29,"enemies":"Hexaghost","floor":16,"turns":10},{"damage":17,"enemies":"2 Thieves","floor":18,"turns":4},{"damage":14,"enemies":"Gremlin Leader","floor":24,"turns":6},{"damage":12,"enemies":"3 Byrds","floor":25,"turns":3},{"damage":16,"enemies":"Slavers","floor":27,"turns":2},{"damage":3,"enemies":"Gremlin Leader","floor":30,"turns":2},{"damage":3,"enemies":"Snake Plant","floor":31,"turns":3},{"damage":27,"enemies":"Collector","floor":33,"turns":7},{"damage":12,"enemies":"3 Darklings","floor":35,"turns":3},{"damage":2,"enemies":"Orb Walker","floor":39,"turns":4},{"damage":53,"enemies":"Nemesis","floor":42,"turns":5},{"damage":9,"enemies":"Spire Growth","floor":44,"turns":4},{"damage":14,"enemies":"Sphere and 2 Shapes","floor":46,"turns":3},{"damage":90,"enemies":"Awakened One","floor":50,"turns":5}],"seed_played":"-7276003213935397850","potions_obtained":[{"floor":1,"key":"Swift Potion"},{"floor":7,"key":"FocusPotion"},{"floor":12,"key":"SneckoOil"},{"floor":18,"key":"Strength Potion"},{"floor":31,"key":"Swift Potion"},{"floor":33,"key":"SteroidPotion"}],"is_trial":false,"path_per_floor":["M","$","?","M","?","E","?","M","T","$","E","M","?","M","R","B",null,"M","$","?","$","?","R","E","M","T","E","$","R","E","M","R","B",null,"M","?","?","?","M","R","$","E","T","M","T","M","?","?","R","B"],"character_chosen":"DEFECT","items_purchased":["Storm","Glacier","Turbo","Static Discharge","Centennial Puzzle"],"campfire_rested":0,"item_purchase_floors":[2,19,19,28,41],"current_hp_per_floor":[74,74,79,67,64,48,40,38,38,38,43,43,43,43,43,26,80,63,63,63,63,63,63,49,49,49,55,55,55,52,49,49,34,90,78,78,78,78,76,76,76,49,49,52,52,50,82,82,82,0,0],"gold":281,"neow_bonus":"RANDOM_COMMON_RELIC","is_daily":false,"chose_seed":false,"campfire_upgraded":5,"win_rate":0.0,"timestamp":1612594586,"path_taken":["M","?","?","M","?","E","?","M","T","$","E","M","?","M","R","BOSS","M","$","?","$","?","R","E","M","T","E","?","R","E","M","R","BOSS","M","?","?","?","M","R","$","E","T","M","?","M","?","?","R","BOSS"],"items_purchased_type":["Card","Card","Card","Card","Relic"],"build_version":"2020-12-22","purchased_purges":2,"victory":false,"max_hp_per_floor":[75,75,80,80,80,80,80,80,80,80,80,80,80,80,80,80,80,80,80,80,80,80,80,80,80,80,90,90,90,90,90,90,90,90,90,90,90,90,90,90,90,104,104,104,104,104,110,110,110,110,110],"card_choices":[{"not_picked":["Self Repair","Rebound"],"picked":"Static Discharge","floor":1},{"not_picked":["Consume","Stack"],"picked":"Leap","floor":4},{"not_picked":["Streamline","Aggregate"],"picked":"Electrodynamics","floor":6},{"not_picked":["Redo","Streamline"],"picked":"Cold Snap","floor":8},{"not_picked":["Stack","Multi-Cast","Barrage"],"picked":"SKIP","floor":11},{"not_picked":["Streamline","Melter","Sweeping Beam"],"picked":"Tempest","floor":12},{"not_picked":["Stack","Rip and Tear","Beam Cell"],"picked":"Turbo","floor":14},{"not_picked":["Fission","Rainbow","Meteor Strike"],"picked":"Core Surge","floor":16},{"not_picked":["Turbo","Hello World","Tempest"],"picked":"Defragment","floor":18},{"not_picked":["Melter","Sunder","Hologram"],"picked":"White Noise+1","floor":24},{"not_picked":["Cold Snap","Coolheaded","Stack+1"],"picked":"Double Energy+1","floor":25},{"not_picked":["Beam Cell+1","Rebound","Cold Snap+1"],"picked":"Glacier","floor":27},{"not_picked":["Core Surge","Gash","Redo"],"picked":"Capacitor","floor":30},{"not_picked":["Stack","Hologram","Consume"],"picked":"Heatsinks","floor":31},{"not_picked":["Machine Learning","Echo Form","Rainbow"],"picked":"Thunder Strike","floor":33},{"not_picked":["Rebound+1","Gash+1","Ball Lightning+1","Fusion+1"],"picked":"SKIP","floor":35},{"not_picked":["BootSequence+1","Melter","Sweeping Beam+1"],"picked":"Conserve Battery","floor":39},{"not_picked":["Rebound","Meteor Strike","Tempest","Hologram+1"],"picked":"SKIP","floor":42},{"not_picked":["Leap+1","Melter","Compile Driver+1"],"picked":"Stack","floor":44},{"not_picked":["Barrage","Steam","Go for the Eyes","Redo+1"],"picked":"SKIP","floor":46}],"player_experience":154817,"relics_obtained":[{"floor":6,"key":"Ice Cream"},{"floor":7,"key":"Odd Mushroom"},{"floor":9,"key":"Meat on the Bone"},{"floor":11,"key":"Question Card"},{"floor":24,"key":"Ginger"},{"floor":27,"key":"Pear"},{"floor":30,"key":"White Beast Statue"},{"floor":42,"key":"Mango"},{"floor":43,"key":"Darkstone Periapt"},{"floor":45,"key":"Toy Ornithopter"}],"event_choices":[{"damage_healed":0,"gold_gain":0,"player_choice":"Donut","damage_taken":0,"max_hp_gain":5,"max_hp_loss":0,"event_name":"Big Fish","floor":3,"gold_loss":0},{"damage_healed":0,"gold_gain":0,"player_choice":"Success","damage_taken":3,"relics_obtained":["Mercury Hourglass"],"max_hp_gain":0,"max_hp_loss":0,"event_name":"Scrap Ooze","floor":5,"gold_loss":0},{"damage_healed":0,"gold_gain":0,"player_choice":"Fought Mushrooms","damage_taken":0,"max_hp_gain":0,"max_hp_loss":0,"event_name":"Mushrooms","floor":7,"gold_loss":0},{"cards_removed":["Strike_B"],"damage_healed":0,"gold_gain":0,"player_choice":"Purged","damage_taken":0,"max_hp_gain":0,"max_hp_loss":0,"event_name":"Purifier","floor":13,"gold_loss":0},{"damage_healed":0,"gold_gain":0,"player_choice":"1 cards matched","damage_taken":0,"max_hp_gain":0,"max_hp_loss":0,"event_name":"Match and Keep!","floor":20,"gold_loss":0,"cards_obtained":["Steam Power"]},{"damage_healed":0,"gold_gain":0,"player_choice":"Forge","damage_taken":0,"max_hp_gain":0,"max_hp_loss":0,"event_name":"Accursed Blacksmith","floor":22,"gold_loss":0,"cards_upgraded":["Defragment"]},{"cards_removed":["Steam Power"],"damage_healed":0,"gold_gain":0,"player_choice":"Removed Skill","damage_taken":0,"max_hp_gain":0,"max_hp_loss":0,"event_name":"Falling","floor":36,"gold_loss":0},{"damage_healed":0,"gold_gain":0,"player_choice":"Cursed","damage_taken":0,"max_hp_gain":0,"max_hp_loss":0,"event_name":"Wheel of Change","floor":37,"gold_loss":0,"cards_obtained":["Decay"]},{"damage_healed":0,"gold_gain":0,"player_choice":"Memory 1","damage_taken":0,"max_hp_gain":0,"max_hp_loss":0,"event_name":"SensoryStone","floor":38,"gold_loss":0},{"damage_healed":26,"gold_gain":0,"player_choice":"Writhe","damage_taken":0,"max_hp_gain":0,"max_hp_loss":0,"event_name":"Winding Halls","floor":47,"gold_loss":0,"cards_obtained":["Writhe"]},{"damage_healed":0,"gold_gain":0,"player_choice":"Ignored","damage_taken":0,"max_hp_gain":0,"max_hp_loss":0,"event_name":"Tomb of Lord Red Mask","floor":48,"gold_loss":0}],"is_beta":false,"boss_relics":[{"not_picked":["Snecko Eye","Astrolabe"],"picked":"FrozenCore"},{"not_picked":["Runic Dome","Fusion Hammer"],"picked":"Sozu"}],"items_purged_floors":[10,19],"is_endless":false,"potions_floor_spawned":[1,7,12,18,31,33,35,39,42,44,46],"killed_by":"Awakened One","ascension_level":4}}