{"host":"x8sop9v6zw8yitbt","time":1612638448,"event":{"mods":["BaseMod","Best Route Mod","Block Reminder","Challenge The Spire","Colored Powertips","Custom Start","Dark Map","DeckTracker","Minty Spire (QoL Compilation)","Permanent Neow","Quick Restart","Rare Cards Sparkle","Reliquary","Spicy Shops","Spikes Relics","StSLib","Virulent Crown"],"gold_per_floor":[110,110,121,134,59,59,59,85,85,85,119,119,138,138,138,138,138],"floor_reached":16,"language":"ENG","playtime":350,"items_purged":["Strike_G"],"score":113,"play_id":"32ffe92e-9ea1-4266-b7b3-19440b6b3325","local_time":"20210206140728","is_ascension_mode":true,"campfire_choices":[{"data":"Neutralize","floor":6,"key":"SMITH"},{"data":"Dagger Spray","floor":10,"key":"SMITH"},{"data":"Dash","floor":15,"key":"SMITH"}],"circlet_count":0,"master_deck":["Strike_G","Strike_G","Strike_G","Defend_G","Defend_G","Defend_G","Defend_G","Defend_G","Survivor","Neutralize+1","Die Die Die","All Out Attack","Dash+1","Backflip","Dagger Spray+1"],"relics":["Ring of the Snake","reliquary:IridiumChain","Eternal Feather","Vajra","RoseTintedShades","Meat on the Bone"],"acts_visited":["Exordium"],"potions_floor_usage":[],"damage_taken":[{"damage":2,"enemies":"Small Slimes","floor":1,"turns":3},{"damage":1,"enemies":"Cultist","floor":3,"turns":3},{"damage":1,"enemies":"Jaw Worm","floor":4,"turns":3},{"damage":27,"enemies":"Lagavulin","floor":8,"turns":12},{"damage":4,"enemies":"Gremlin Nob","floor":11,"turns":4},{"damage":0,"enemies":"2 Fungi Beasts","floor":13,"turns":2},{"damage":33,"enemies":"Hexaghost","floor":16,"turns":9}],"seed_played":"2750797324927686517","potions_obtained":[{"floor":3,"key":"Poison Potion"},{"floor":11,"key":"SneckoOil"},{"floor":13,"key":"BlessingOfTheForge"}],"is_trial":false,"path_per_floor":["M","?","M","M","$","R","?","E","T","R","E","?","M","?","R","B"],"character_chosen":"THE_SILENT","items_purchased":[],"campfire_rested":0,"item_purchase_floors":[],"current_hp_per_floor":[68,68,67,66,66,66,71,44,44,53,49,49,49,46,55,22,22],"gold":138,"neow_bonus":"ONE_RANDOM_RARE_CARD","is_daily":false,"chose_seed":false,"campfire_upgraded":3,"win_rate":0.0,"timestamp":1612638448,"path_taken":["M","?","M","?","$","R","?","E","T","R","E","?","M","?","R","BOSS"],"items_purchased_type":[],"build_version":"2020-12-22","purchased_purges":1,"victory":false,"max_hp_per_floor":[70,70,70,70,70,70,75,75,75,75,75,75,75,75,75,75,75],"card_choices":[{"not_picked":["Deadly Poison","PiercingWail"],"picked":"All Out Attack","floor":1},{"not_picked":["Cloak And Dagger","Prepared"],"picked":"Dash","floor":3},{"not_picked":["Quick Slash","Bouncing Flask"],"picked":"Backflip","floor":4},{"not_picked":["PiercingWail","Dagger Throw"],"picked":"Dagger Spray","floor":8},{"not_picked":["Catalyst","Cloak And Dagger","Heel Hook"],"picked":"SKIP","floor":11},{"not_picked":["Glass Knife","Sucker Punch","Quick Slash"],"picked":"SKIP","floor":13}],"player_experience":897851,"relics_obtained":[{"floor":8,"key":"reliquary:IridiumChain"},{"floor":9,"key":"Eternal Feather"},{"floor":11,"key":"Vajra"}],"event_choices":[{"cards_removed":["Strike_G"],"damage_healed":0,"gold_gain":0,"player_choice":"Offered Basic","damage_taken":0,"max_hp_gain":0,"max_hp_loss":0,"event_name":"Bonfire Elementals","floor":2,"gold_loss":0},{"damage_healed":0,"gold_gain":0,"player_choice":"Donut","damage_taken":0,"max_hp_gain":5,"max_hp_loss":0,"event_name":"Big Fish","floor":7,"gold_loss":0},{"damage_healed":0,"gold_gain":0,"player_choice":"Searched \u00271\u0027 times","damage_taken":0,"relics_obtained":["RoseTintedShades"],"max_hp_gain":0,"max_hp_loss":0,"event_name":"Dead Adventurer","floor":12,"gold_loss":0},{"damage_healed":0,"gold_gain":0,"player_choice":"Success","damage_taken":3,"relics_obtained":["Meat on the Bone"],"max_hp_gain":0,"max_hp_loss":0,"event_name":"Scrap Ooze","floor":14,"gold_loss":0}],"is_beta":false,"boss_relics":[],"items_purged_floors":[5],"is_endless":false,"potions_floor_spawned":[3,11,13],"killed_by":"Hexaghost","ascension_level":1}}