{"host":"87fdiiwflhrwsj8a","time":1612629285,"event":{"mods":["Aspiration","BaseMod","Better Match","Better Third Choice","BetterRewards","Colored Map","Conspire","GifTheSpireLib","Infinite Spire","Minty Spire (QoL Compilation)","Quick Restart","Relic Sorter","Replay The Spire","StSLib","Stuff the Spire","The Marked","The Servant 0.9.4"],"gold_per_floor":[110,110,130,130,130,160,160,195,248,248,278,203,220,240,240,240,240],"floor_reached":16,"language":"ENG","playtime":592,"items_purged":["StuffTheSpire:CuriosityCurse"],"score":164,"play_id":"74f7441d-e7d4-49bb-b375-a49750431ae4","local_time":"20210206113445","is_ascension_mode":true,"campfire_choices":[{"data":"Solidify","floor":7.0,"key":"SMITH"},{"floor":10,"key":"REST"},{"data":"KidneyShot","floor":15,"key":"SMITH"}],"circlet_count":0,"master_deck":["Strike_S","Strike_S","Strike_S","Strike_S","Defend_S","Defend_S","Defend_S","Defend_S","KidneyShot+1","Exchange","Rearm","Injury","Solidify+1"],"relics":["Uniform","NeowsBlessing","ReplayTheSpireMod:Ring of Collecting","ReplayTheSpireMod:Ring of Exchange","Snack Pack","Bronze Scales","Vajra","ReplayTheSpireMod:TigerMarble","infinitespire:CursedDice"],"acts_visited":["Exordium"],"potions_floor_usage":[14],"damage_taken":[{"damage":3.0,"enemies":"conspire:RoseBush","floor":1.0,"turns":1.0},{"damage":0.0,"enemies":"Small Slimes","floor":3.0,"turns":1.0},{"damage":0.0,"enemies":"Gremlin Nob","floor":6.0,"turns":1.0},{"damage":47.0,"enemies":"3 Sentries","floor":8.0,"turns":8.0},{"damage":29,"enemies":"Gremlin Nob","floor":11,"turns":4},{"damage":3,"enemies":"2 Louse","floor":13,"turns":3},{"damage":4,"enemies":"Blue Slaver","floor":14,"turns":3},{"damage":18,"enemies":"Hexaghost","floor":16,"turns":12}],"seed_played":"-3274044162151374383","potions_obtained":[{"floor":13,"key":"Fire Potion"},{"floor":14,"key":"Ancient Potion"}],"is_trial":false,"path_per_floor":["M","$","M","?","?","E","R","E","T","R","E","$","M","M","R","B"],"character_chosen":"THE_SERVANT","items_purchased":[],"campfire_rested":1,"item_purchase_floors":[],"current_hp_per_floor":[62,62,62,62,62,62,62,19,19,38,11,11,8,11,11,0,0],"gold":240,"neow_bonus":"THREE_ENEMY_KILL","is_daily":false,"chose_seed":false,"campfire_upgraded":2,"win_rate":0.0,"timestamp":1612629285,"path_taken":["M","$","?","?","?","E","R","E","T","R","E","?","?","M","R","BOSS"],"items_purchased_type":[],"build_version":"2020-12-22","purchased_purges":1,"victory":false,"max_hp_per_floor":[65,65,65,65,65,65,65,65,65,65,65,65,65,65,65,65,65],"card_choices":[{"not_picked":["Ricochet","RealityMarble"],"picked":"Rearm","floor":1.0},{"not_picked":["Unruled","Defy","Advance"],"picked":"SKIP","floor":3.0},{"not_picked":["Replace","Collapse"],"picked":"Solidify","floor":6.0},{"not_picked":["StarChef","Collapse","Shuttle"],"picked":"SKIP","floor":8.0},{"not_picked":["Alleviate","ReturningBlade","Revamp"],"picked":"SKIP","floor":11},{"not_picked":["Spin","Alleviate","Foresight"],"picked":"SKIP","floor":13},{"not_picked":["BestPractice","Orbit","Moonlight"],"picked":"SKIP","floor":14}],"player_experience":2586018,"relics_obtained":[{"floor":4.0,"key":"ReplayTheSpireMod:Ring of Collecting"},{"floor":4.0,"key":"ReplayTheSpireMod:Ring of Exchange"},{"floor":6.0,"key":"Bronze Scales"},{"floor":8.0,"key":"Vajra"},{"floor":9,"key":"ReplayTheSpireMod:TigerMarble"},{"floor":11,"key":"infinitespire:CursedDice"}],"event_choices":[],"is_beta":false,"boss_relics":[],"items_purged_floors":[12],"is_endless":false,"potions_floor_spawned":[13,14],"killed_by":"Hexaghost","ascension_level":3}}