{"host":"z609fbm6pkeriks8","time":1612608148,"event":{"mods":["AchievementEnabler","BaseMod","Colored Map","Colored Powertips","Downfall","Highlight Path","Marisa£®ÏF”Í°°ƒß¿Ì…≥£©","Minty Spire (QoL Compilation)","StSLib","The Cursed","The Servant 0.9.4"],"gold_per_floor":[113,38,54,67,67,67,103,103,158,58,21,59,59,99,99,220,220,233,254,107,107,35,35,35],"floor_reached":23,"language":"ZHS","playtime":1184,"items_purged":["Strike_R","Strike_R"],"score":215,"play_id":"0b6d9a88-1038-4e65-a7b4-c115ac1108a7","local_time":"20210206184228","is_ascension_mode":true,"campfire_choices":[{"data":"Armaments","floor":6,"key":"SMITH"},{"floor":13,"key":"REST"},{"floor":15,"key":"REST"}],"circlet_count":0,"master_deck":["Strike_R","Strike_R","Strike_R","Defend_R+1","Defend_R","Defend_R","Bash","Armaments+1","Evolve","Second Wind+1","Feel No Pain","Dark Embrace","Demon Form","Flame Barrier","Heavy Blade","Hemokinesis"],"relics":["Black Blood","NeowsBlessing","Golden Idol","Pen Nib","Mercury Hourglass","War Paint","Regal Pillow","Boot","OrangePellets"],"acts_visited":["Exordium","TheCity"],"potions_floor_usage":[14,16,18],"damage_taken":[{"damage":0,"enemies":"2 Louse","floor":1,"turns":1},{"damage":0,"enemies":"Small Slimes","floor":3,"turns":1},{"damage":0,"enemies":"Jaw Worm","floor":4,"turns":1},{"damage":25,"enemies":"3 Sentries","floor":7,"turns":14},{"damage":35,"enemies":"Lagavulin","floor":12,"turns":11},{"damage":29,"enemies":"Gremlin Nob","floor":14,"turns":6},{"damage":50,"enemies":"The Guardian","floor":16,"turns":19},{"damage":26,"enemies":"Shell Parasite","floor":18,"turns":8},{"damage":46,"enemies":"Spheric Guardian","floor":19,"turns":9},{"damage":37,"enemies":"Book of Stabbing","floor":23,"turns":5}],"seed_played":"4922887995413149970","potions_obtained":[{"floor":12,"key":"Explosive Potion"},{"floor":14,"key":"Weak Potion"},{"floor":16,"key":"Weak Potion"}],"is_trial":false,"path_per_floor":["M","$","M","M","?","R","E","?","T","$","$","E","R","E","R","B",null,"M","M","$","?","$","E"],"character_chosen":"IRONCLAD","items_purchased":["Feel No Pain","OrangePellets","Hemokinesis"],"campfire_rested":2,"item_purchase_floors":[11,20,22],"current_hp_per_floor":[80,80,80,80,60,60,41,38,38,38,38,9,48,25,64,20,80,66,32,32,32,32,0,0],"gold":35,"neow_bonus":"THREE_ENEMY_KILL","is_daily":false,"chose_seed":false,"campfire_upgraded":1,"win_rate":0.0,"timestamp":1612608148,"path_taken":["M","$","M","M","?","R","E","?","T","?","$","E","R","E","R","BOSS","M","M","$","?","$","E"],"items_purchased_type":["Card","Relic","Card"],"build_version":"2020-12-22","purchased_purges":2,"victory":false,"max_hp_per_floor":[80,80,80,80,80,80,80,80,80,80,80,80,80,80,80,80,80,80,80,80,80,80,80,80],"card_choices":[{"not_picked":["Anger","Clash","Perfected Strike"],"picked":"SKIP","floor":1},{"not_picked":["Sword Boomerang","Clothesline"],"picked":"Armaments","floor":3},{"not_picked":["Anger","Dropkick"],"picked":"Evolve","floor":4},{"not_picked":["Cleave","Clash"],"picked":"Second Wind","floor":7},{"not_picked":["Bloodletting","Anger","Headbutt"],"picked":"SKIP","floor":12},{"not_picked":["Thunderclap","Warcry"],"picked":"Dark Embrace","floor":14},{"not_picked":["Fiend Fire","Double Tap"],"picked":"Demon Form","floor":16},{"not_picked":["Clash","Perfected Strike","Second Wind"],"picked":"SKIP","floor":18},{"not_picked":["Pommel Strike","Intimidate+1"],"picked":"Flame Barrier","floor":19}],"player_experience":37492,"relics_obtained":[{"floor":7,"key":"Pen Nib"},{"floor":9,"key":"War Paint"},{"floor":12,"key":"Regal Pillow"},{"floor":14,"key":"Boot"}],"event_choices":[{"damage_healed":0,"gold_gain":0,"player_choice":"Take Damage","damage_taken":20,"relics_obtained":["Golden Idol"],"max_hp_gain":0,"max_hp_loss":0,"event_name":"Golden Idol","floor":5,"gold_loss":0},{"damage_healed":0,"gold_gain":0,"player_choice":"Success","damage_taken":3,"relics_obtained":["Mercury Hourglass"],"max_hp_gain":0,"max_hp_loss":0,"event_name":"Scrap Ooze","floor":8,"gold_loss":0},{"damage_healed":0,"gold_gain":0,"cards_transformed":["Defend_R"],"player_choice":"Transformed","damage_taken":0,"max_hp_gain":0,"max_hp_loss":0,"event_name":"Transmorgrifier","floor":21,"gold_loss":0,"cards_obtained":["Heavy Blade"]}],"is_beta":false,"boss_relics":[{"not_picked":["Philosopher\u0027s Stone","SlaversCollar"],"picked":"Black Blood"}],"items_purged_floors":[2,10],"is_endless":false,"potions_floor_spawned":[12,14,16],"killed_by":"Book of Stabbing","ascension_level":1}}