{"host":"mo324zvkdr1xwprd","time":1612580001,"event":{"mods":["BaseMod","Better Note","BetterRewards","Hermit","Highlight Path","Hubris","Minty Spire (QoL Compilation)","Quick Restart","Rare Cards Sparkle","Shop Mod","StSLib","The Cursed","The Hierophant"],"gold_per_floor":[111,111,62,74,130,158,170,195,219,219,237,256,256,317,317,422,422,433,447,447,427,447,480,497,373,373,402,419,431,114,129,129,228,228,342,696,696,696,711,711,842,842,842,613,645,246,265,285,285,285,285,285,14,47,47,47],"floor_reached":55,"language":"ENG","playtime":4047,"items_purged":[],"score":1667,"play_id":"eea4a1c0-d161-4dcd-ba1f-115a90a6896b","local_time":"20210206025321","is_ascension_mode":true,"campfire_choices":[{"floor":10.0,"key":"REST"},{"floor":13.0,"key":"REST"},{"floor":15.0,"key":"RECALL"},{"floor":32.0,"key":"REST"},{"floor":40.0,"key":"REST"},{"floor":42.0,"key":"REST"},{"floor":49.0,"key":"REST"},{"floor":52.0,"key":"REST"}],"circlet_count":0,"master_deck":["AscendersBane","TheCursedMod:Strike_TheCursed","TheCursedMod:Strike_TheCursed+1","TheCursedMod:Strike_TheCursed","TheCursedMod:Strike_TheCursed","TheCursedMod:Defend_TheCursed","TheCursedMod:Defend_TheCursed+1","TheCursedMod:Defend_TheCursed","TheCursedMod:Defend_TheCursed","TheCursedMod:CursedWand","TheCursedMod:CleanUpWorkshop","TheCursedMod:Dregs","TheCursedMod:CursedMace","TheCursedMod:TacticalStrike","TheCursedMod:FuryStrike","TheCursedMod:SpitefulPray","Regret","TheCursedMod:WearCloak","TheCursedMod:CursedSpellbook","TheCursedMod:CursedBoomerang+1","TheCursedMod:WearCloak","TheCursedMod:DemonicPact","TheCursedMod:CursedShiv","TheCursedMod:ReleasedStrength","TheCursedMod:SurpriseAttack","TheCursedMod:VoidForm","TheCursedMod:StingEye+1","TheCursedMod:Hemoplague+1","TheCursedMod:BlessingInDisguise","TheCursedMod:CursedMace","TheCursedMod:HellfireBreathing","TheCursedMod:HellsGateOpen","Dramatic Entrance","TheCursedMod:CursedBlade","TheCursedMod:VitalStrike+1","TheCursedMod:CircleOfBlood","TheCursedMod:HellsGateOpen+1","TheCursedMod:ReleasedStrength","TheCursedMod:Stretching","TheCursedMod:SpitefulStrike","TheCursedMod:ManaCirculation+1","TheCursedMod:TacticalStrike+1","TheCursedMod:CursedAmulet+1","TheCursedMod:CursedArmor","TheCursedMod:RavingStaff+1","TheCursedMod:ReleasedStrength+1","TheCursedMod:CollectTribute+1","hubris:Insight","TheCursedMod:SpitefulPray+1","TheCursedMod:SpitefulPray+1","Chrysalis","Blind","TheCursedMod:Stretching","TheCursedMod:CursedSpellbook","TheCursedMod:CursedBlade+1","TheCursedMod:CursedShiv","TheCursedMod:Hemoplague+1"],"relics":["TheCursedMod:BlackMagic101","Lee\u0027s Waffle","Pen Nib","StoneCalendar","Bronze Scales","TheCursedMod:Tack","Kunai","hubris:SlimyHat","hubris:DeckOfHolding","TheCursedMod:OminousMark","hubris:Icosahedron","Whetstone","Frozen Egg 2","hubris:SphereOfDissonance","Potion Belt","hubris:Backtick","Ice Cream","Old Coin","TheCursedMod:BloodyHarpoon","TungstenRod","Toy Ornithopter","hubris:Metronome","War Paint"],"acts_visited":["Exordium","TheCity","TheBeyond","TheEnding"],"potions_floor_usage":[55,55],"damage_taken":[{"damage":0.0,"enemies":"2 Louse","floor":1.0,"turns":2.0},{"damage":0.0,"enemies":"Jaw Worm","floor":4.0,"turns":3.0},{"damage":13.0,"enemies":"3 Sentries","floor":6.0,"turns":6.0},{"damage":0.0,"enemies":"Small Slimes","floor":7.0,"turns":1.0},{"damage":24.0,"enemies":"Gremlin Nob","floor":8.0,"turns":4.0},{"damage":2.0,"enemies":"Blue Slaver","floor":11.0,"turns":3.0},{"damage":17.0,"enemies":"Exordium Thugs","floor":12.0,"turns":3.0},{"damage":13.0,"enemies":"3 Sentries","floor":14.0,"turns":5.0},{"damage":16.0,"enemies":"Slime Boss","floor":16.0,"turns":7.0},{"damage":0.0,"enemies":"Spheric Guardian","floor":18.0,"turns":1.0},{"damage":4.0,"enemies":"Shell Parasite","floor":19.0,"turns":2.0},{"damage":18.0,"enemies":"Centurion and Healer","floor":22.0,"turns":4.0},{"damage":17.0,"enemies":"Slavers","floor":23.0,"turns":4.0},{"damage":0.0,"enemies":"Snecko","floor":24.0,"turns":3.0},{"damage":17.0,"enemies":"Gremlin Leader","floor":27.0,"turns":3.0},{"damage":7.0,"enemies":"3 Cultists","floor":28.0,"turns":3.0},{"damage":8.0,"enemies":"Chosen and Byrds","floor":29.0,"turns":3.0},{"damage":17.0,"enemies":"Snake Plant","floor":31.0,"turns":3.0},{"damage":35.0,"enemies":"hubris:MusketHawk","floor":33.0,"turns":6.0},{"damage":22.0,"enemies":"3 Darklings","floor":35.0,"turns":3.0},{"damage":22.0,"enemies":"2 Orb Walkers","floor":36.0,"turns":4.0},{"damage":13.0,"enemies":"Orb Walker","floor":39.0,"turns":2.0},{"damage":17.0,"enemies":"Reptomancer","floor":41.0,"turns":6.0},{"damage":3.0,"enemies":"Giant Head","floor":45.0,"turns":5.0},{"damage":30.0,"enemies":"Jaw Worm Horde","floor":47.0,"turns":3.0},{"damage":4.0,"enemies":"3 Darklings","floor":48.0,"turns":3.0},{"damage":43.0,"enemies":"Awakened One","floor":50.0,"turns":8.0},{"damage":71,"enemies":"Shield and Spear","floor":54,"turns":4},{"damage":90,"enemies":"The Heart","floor":55,"turns":3}],"seed_played":"-5029189098684697940","potions_obtained":[{"floor":1.0,"key":"SpeedPotion"},{"floor":6.0,"key":"TheCursedMod:DregsPotion"},{"floor":8.0,"key":"Strength Potion"},{"floor":11.0,"key":"Weak Potion"},{"floor":16.0,"key":"SteroidPotion"},{"floor":18.0,"key":"Explosive Potion"},{"floor":21.0,"key":"Ancient Potion"},{"floor":23.0,"key":"Fire Potion"},{"floor":24.0,"key":"FairyPotion"},{"floor":27.0,"key":"Strength Potion"},{"floor":28.0,"key":"DuplicationPotion"},{"floor":36.0,"key":"FearPotion"},{"floor":39.0,"key":"Dexterity Potion"},{"floor":45.0,"key":"EssenceOfSteel"},{"floor":48.0,"key":"SkillPotion"},{"floor":54,"key":"AttackPotion"}],"is_trial":false,"path_per_floor":["M","?","$","M","?","E","M","E","T","R","M","M","R","?","R","B",null,"M","M","?","?","M","E","M","$","T","E","M","M","$","M","R","B",null,"M","?","?","?","M","R","E","R","T","$","E","$","M","M","R","B",null,"R","$","E","B"],"character_chosen":"THE_CURSED","items_purchased":["Lee\u0027s Waffle","Pen Nib","TheCursedMod:TacticalStrike","TheCursedMod:FuryStrike","TheCursedMod:WearCloak","TheCursedMod:HellsGateOpen","Dramatic Entrance","Potion Belt","TheCursedMod:HellsGateOpen+1","TheCursedMod:ReleasedStrength","TheCursedMod:Stretching","TheCursedMod:CollectTribute+1","hubris:Insight","TheCursedMod:SpitefulPray","Chrysalis","Blind","TheCursedMod:Stretching","hubris:Metronome","TheCursedMod:CursedShiv"],"campfire_rested":7,"item_purchase_floors":[0,0,0,0,3,25,25,30,30,30,30,44,44,46,46,46,46,53,53],"current_hp_per_floor":[77,77,77,77,77,64,64,40,40,63,61,44,67,54,54,38,67,67,63,63,63,45,28,77,77,77,60,53,45,45,28,51,52,71,51,37,37,37,24,47,38,61,61,61,58,58,28,29,52,25,64,77,77,14,0,0],"gold":47,"neow_bonus":"","is_daily":false,"chose_seed":false,"campfire_upgraded":0,"win_rate":0.0,"timestamp":1612580001,"path_taken":["M","?","$","M","?","E","M","E","T","R","M","?","R","?","R","BOSS","M","M","?","?","M","E","M","$","T","E","M","M","$","M","R","BOSS","M","?","?","?","M","R","E","R","T","$","E","$","M","M","R","BOSS","R","$","E","BOSS"],"items_purchased_type":["Relic","Relic","Card","Card","Card","Card","Card","Relic","Card","Card","Card","Card","Card","Card","Card","Card","Card","Relic","Card"],"build_version":"2020-12-22","purchased_purges":0,"victory":false,"max_hp_per_floor":[77,77,77,77,77,77,77,77,77,77,77,77,77,77,77,77,77,77,77,77,77,77,77,77,77,77,77,77,77,77,77,77,77,77,77,77,77,77,77,77,77,77,77,77,77,77,77,77,77,77,77,77,77,77,77,77],"card_choices":[{"not_picked":["TheCursedMod:CircleOfCorruption","TheCursedMod:TacticalStrike"],"picked":"TheCursedMod:SpitefulPray","floor":1.0},{"not_picked":["TheCursedMod:CursedBoomerang","TheCursedMod:LuckyCharm"],"picked":"TheCursedMod:CursedSpellbook","floor":4.0},{"not_picked":["TheCursedMod:Obscuration","TheCursedMod:OutForBlood"],"picked":"TheCursedMod:CursedBoomerang","floor":6.0},{"not_picked":["TheCursedMod:CursedMace","TheCursedMod:HellsGateOpen"],"picked":"TheCursedMod:WearCloak","floor":7.0},{"not_picked":["TheCursedMod:Stretching","TheCursedMod:CircleOfFocus"],"picked":"TheCursedMod:DemonicPact","floor":8.0},{"not_picked":["TheCursedMod:CircleOfBlood","TheCursedMod:Torture"],"picked":"TheCursedMod:CursedShiv","floor":11.0},{"not_picked":["TheCursedMod:CircleOfWindfury","TheCursedMod:VitalStrike"],"picked":"TheCursedMod:ReleasedStrength","floor":12.0},{"not_picked":["TheCursedMod:CircleOfAbyss","TheCursedMod:CursedAmulet"],"picked":"TheCursedMod:SurpriseAttack","floor":14.0},{"not_picked":["TheCursedMod:Neurasthenia","TheCursedMod:DemonicPact"],"picked":"TheCursedMod:VoidForm","floor":16.0},{"not_picked":["TheCursedMod:TacticalStrike","TheCursedMod:ReleasedStrength"],"picked":"TheCursedMod:StingEye+1","floor":18.0},{"not_picked":["TheCursedMod:SmokeScreen+1","TheCursedMod:Wield"],"picked":"TheCursedMod:Hemoplague+1","floor":19.0},{"not_picked":["TheCursedMod:RavingStaff+1","TheCursedMod:FleshFromBone"],"picked":"TheCursedMod:BlessingInDisguise","floor":22.0},{"not_picked":["TheCursedMod:ManaCirculation","TheCursedMod:CircleOfFocus"],"picked":"TheCursedMod:CursedMace","floor":23.0},{"not_picked":["TheCursedMod:PrepareRite","TheCursedMod:SmokeScreen+1"],"picked":"TheCursedMod:HellfireBreathing","floor":24.0},{"not_picked":["TheCursedMod:ReleasedKnowledge","TheCursedMod:CursedShiv+1"],"picked":"TheCursedMod:CursedBlade","floor":27.0},{"not_picked":["TheCursedMod:Stigma","TheCursedMod:CursedRelics"],"picked":"TheCursedMod:VitalStrike+1","floor":28.0},{"not_picked":["TheCursedMod:SpreadPlague","TheCursedMod:Stigma"],"picked":"TheCursedMod:CircleOfBlood","floor":29.0},{"not_picked":["TheCursedMod:CircleOfFlame+1","TheCursedMod:ShockAndAwe"],"picked":"TheCursedMod:SpitefulStrike","floor":31.0},{"not_picked":["TheCursedMod:ParallelWorld","TheCursedMod:CursedRelics"],"picked":"TheCursedMod:ManaCirculation+1","floor":33.0},{"not_picked":["TheCursedMod:Stretching+1","TheCursedMod:CircleOfAmplification+1"],"picked":"TheCursedMod:TacticalStrike+1","floor":35.0},{"not_picked":["TheCursedMod:CircleOfWindfury","TheCursedMod:VitalStrike"],"picked":"TheCursedMod:CursedAmulet+1","floor":36.0},{"not_picked":["TheCursedMod:FleshFromBone","TheCursedMod:CircleOfFlame+1"],"picked":"TheCursedMod:RavingStaff+1","floor":39.0},{"not_picked":["TheCursedMod:FleshFromBone","TheCursedMod:RavingStaff+1"],"picked":"TheCursedMod:ReleasedStrength+1","floor":41.0},{"not_picked":["TheCursedMod:CursedBlade","TheCursedMod:ShockAndAwe"],"picked":"TheCursedMod:SpitefulPray+1","floor":45.0},{"not_picked":["TheCursedMod:FleshFromBone","TheCursedMod:SpitefulPray+1"],"picked":"TheCursedMod:CursedSpellbook","floor":47.0},{"not_picked":["TheCursedMod:FleshFromBone+1","TheCursedMod:CursedShiv+1"],"picked":"TheCursedMod:CursedBlade+1","floor":48.0},{"not_picked":["TheCursedMod:CircleOfCorruption+1","TheCursedMod:RapidMovement"],"picked":"TheCursedMod:Hemoplague+1","floor":54}],"player_experience":474145,"relics_obtained":[{"floor":6.0,"key":"Kunai"},{"floor":8.0,"key":"hubris:SlimyHat"},{"floor":14.0,"key":"hubris:DeckOfHolding"},{"floor":23.0,"key":"Whetstone"},{"floor":26.0,"key":"Frozen Egg 2"},{"floor":27.0,"key":"hubris:SphereOfDissonance"},{"floor":36.0,"key":"Old Coin"},{"floor":41.0,"key":"TheCursedMod:BloodyHarpoon"},{"floor":43.0,"key":"TungstenRod"},{"floor":45.0,"key":"Toy Ornithopter"},{"floor":54,"key":"War Paint"}],"event_choices":[{"damage_healed":0.0,"max_hp_gain":0.0,"max_hp_loss":0.0,"gold_gain":0.0,"event_name":"Big Fish","player_choice":"Box","floor":2.0,"gold_loss":0.0,"damage_taken":0.0,"relics_obtained":["TheCursedMod:Tack"],"cards_obtained":["Regret"]},{"damage_healed":0.0,"max_hp_gain":0.0,"max_hp_loss":0.0,"gold_gain":56.0,"event_name":"Golden Wing","player_choice":"Gained Gold","floor":5.0,"gold_loss":0.0,"damage_taken":0.0},{"damage_healed":0.0,"max_hp_gain":0.0,"max_hp_loss":0.0,"gold_gain":0.0,"event_name":"Dead Adventurer","player_choice":"Searched \u00272\u0027 times","floor":14.0,"gold_loss":0.0,"damage_taken":0.0},{"damage_healed":0.0,"max_hp_gain":0.0,"max_hp_loss":0.0,"gold_gain":0.0,"event_name":"The Woman in Blue","player_choice":"Bought 1 Potion","floor":21.0,"gold_loss":0.0,"damage_taken":0.0},{"damage_healed":0.0,"max_hp_gain":0.0,"max_hp_loss":0.0,"gold_gain":0.0,"event_name":"Mysterious Sphere","player_choice":"Fight","floor":36.0,"gold_loss":0.0,"damage_taken":0.0},{"damage_healed":0.0,"max_hp_gain":0.0,"max_hp_loss":0.0,"gold_gain":0.0,"event_name":"The Moai Head","player_choice":"Ignored","floor":37.0,"gold_loss":0.0,"damage_taken":0.0}],"is_beta":false,"boss_relics":[{"not_picked":["Calling Bell","Empty Cage"],"picked":"TheCursedMod:OminousMark"},{"not_picked":["SlaversCollar","Astrolabe"],"picked":"hubris:Backtick"}],"items_purged_floors":[],"is_endless":false,"potions_floor_spawned":[1,6,8,11,16,18,23,24,27,28,36,39,45,48,54],"killed_by":"The Heart","ascension_level":11}}