{"host":"8srk5r1dwtmjotwd","time":1612587289,"event":{"mods":["AchievementEnabler","Act Like it!","BaseMod","Beaked The Cultist","Bestiary","Better Note","Better Third Choice","Colored Map","Colored Powertips","Friendly Minions","GifTheSpireLib","Halation","Hallownest","Hermit","Hubris","Infinite Spire","Mimic Mod","Minty Spire (QoL Compilation)","Morshu Shopkeeper - ENHANCED","Quick Restart","Rare Cards Sparkle","Reliquary","Replay The Spire","Shop Mod","StSLib","SuperFastMode","Synergy Search","The Bug Knight","The Construct","The Cursed","Thieving Mod","Yohane!","everything is the same but u backflip on backflip","slay the spire mod where everything is the same but ironclad has a cowboy hat"],"gold_per_floor":[117,128,128,1,1,13,13,13,13,13,28,45,45,60,60,157,157,170,170,45,45,45,45,55,6,88,103,122,122,141,152,152,250,250,261,261,261],"floor_reached":36,"language":"ENG","playtime":2961,"items_purged":["Shame"],"score":381,"play_id":"bf023fb4-4263-44b4-a632-fac0a0e5ccf6","local_time":"20210205235449","is_ascension_mode":false,"campfire_choices":[{"data":"Flex","floor":8.0,"key":"SMITH"},{"floor":13.0,"key":"REST"},{"data":"Immolate","floor":15.0,"key":"SMITH"},{"data":"Seeing Red","floor":23.0,"key":"SMITH"},{"floor":32.0,"key":"REST"}],"circlet_count":0,"master_deck":["Strike_R","Strike_R","Strike_R","Strike_R","Defend_R","Defend_R","Defend_R","Defend_R","Bash","Cleave","Thunderclap","Immolate+1","Flex+1","Headbutt","Seeing Red+1","Feed","Pommel Strike","Inflame","Twin Strike+1","hubris:NaturalOne","Iron Wave+1","Demon Form","Anger"],"relics":["Burning Blood","halation:EternalFortune","Charon\u0027s Ashes","hubris:64BitClover","Bag of Preparation","Ring of Chaos","Mirror","Ornamental Fan","infinitespire:ShieldingShard","hubris:Icosahedron","construct:WeddingRing"],"acts_visited":["Hallownest:Greenpath","TheCity","TheBeyond"],"potions_floor_usage":[33,36,36],"damage_taken":[{"damage":6.0,"enemies":"Hallownest:2_Tiktiks_and_1_Crawlid","floor":1.0,"turns":2.0},{"damage":10.0,"enemies":"Hallownest:monsterHuskWarrior","floor":2.0,"turns":3.0},{"damage":2.0,"enemies":"Hallownest:monsterHuskGuard","floor":6.0,"turns":2.0},{"damage":11.0,"enemies":"Hallownest:MossCreep_and_Mosskin","floor":11.0,"turns":5.0},{"damage":4.0,"enemies":"Hallownest:2_Tiktiks_1_Baldur_1_Crawlid","floor":12.0,"turns":2.0},{"damage":1.0,"enemies":"Hallownest:1_Baldur_1_Crawlid_1_Warrior","floor":14.0,"turns":1.0},{"damage":38.0,"enemies":"Hallownest:BossBrokenVessel","floor":16.0,"turns":6.0},{"damage":0.0,"enemies":"Spheric Guardian","floor":18.0,"turns":2.0},{"damage":10.0,"enemies":"Chosen","floor":24.0,"turns":2.0},{"damage":38.0,"enemies":"Shelled Parasite and Fungi","floor":27.0,"turns":4.0},{"damage":4.0,"enemies":"Chosen and Byrds","floor":28.0,"turns":4.0},{"damage":12.0,"enemies":"Snake Plant","floor":30.0,"turns":3.0},{"damage":4.0,"enemies":"Cultist and Chosen","floor":31.0,"turns":3.0},{"damage":78,"enemies":"Collector","floor":33,"turns":8},{"damage":13,"enemies":"Orb Walker","floor":35,"turns":3},{"damage":92,"enemies":"2 Orb Walkers","floor":36,"turns":4}],"seed_played":"-1298960194444246061","potions_obtained":[{"floor":2.0,"key":"AttackPotion"},{"floor":6.0,"key":"Strength Potion"},{"floor":16.0,"key":"AttackPotion"},{"floor":24.0,"key":"construct:ShiftPotion"},{"floor":28.0,"key":"AttackPotion"},{"floor":31.0,"key":"Energy Potion"},{"floor":33,"key":"SteroidPotion"},{"floor":35,"key":"LiquidMemories"}],"is_trial":false,"path_per_floor":["M","M","?","$","?","M","?","R","T","?","M","M","R","M","R","B",null,"M","?","$","?","$","R","M","$","T","M","M","?","M","M","R","B",null,"M","?"],"character_chosen":"IRONCLAD","items_purchased":["Flex","Milkshake","Energy Potion","AttackPotion"],"campfire_rested":2,"item_purchase_floors":[4,4,20,25],"current_hp_per_floor":[80,76,76,76,79,83,83,83,83,55,50,52,76,81,81,49,83,86,86,86,86,86,86,85,85,85,56,58,58,52,54,81,9,92,88,0,0],"gold":261,"neow_bonus":"THREE_CARDS","is_daily":false,"chose_seed":false,"campfire_upgraded":3,"win_rate":0.0,"timestamp":1612587289,"path_taken":["M","?","?","$","?","?","?","R","T","?","M","M","R","M","R","BOSS","M","?","$","?","$","R","?","?","T","?","M","?","M","M","R","BOSS","M","?"],"items_purchased_type":["Card","Potion","Potion","Potion"],"build_version":"2020-12-22","purchased_purges":1,"victory":false,"max_hp_per_floor":[80,80,80,80,83,83,83,83,83,83,83,83,83,83,83,83,83,86,86,86,86,86,86,89,89,89,92,92,92,92,92,92,92,92,95,98,98],"card_choices":[{"not_picked":["Clash","Rampage"],"picked":"Cleave","floor":0.0},{"not_picked":["Power Through","Run Through","Body Slam"],"picked":"SKIP","floor":1.0},{"not_picked":["Anger","Wild Strike"],"picked":"Thunderclap","floor":2.0},{"not_picked":["Uppercut","Clothesline"],"picked":"hubris:SharpeningStone","floor":6.0},{"not_picked":["Warcry","Evolve"],"picked":"Seeing Red","floor":11.0},{"not_picked":["Feel No Pain","Pommel Strike","Defy Death"],"picked":"SKIP","floor":12.0},{"not_picked":["True Grit","Sentinel","Armaments"],"picked":"SKIP","floor":14.0},{"not_picked":["Brutality","Double Tap"],"picked":"Feed","floor":16.0},{"not_picked":["Clash","Havoc","True Grit"],"picked":"SKIP","floor":18.0},{"not_picked":["Armaments","Heavy Blade"],"picked":"Pommel Strike","floor":24.0},{"not_picked":["Perfected Strike","Run Through+1"],"picked":"Inflame","floor":27.0},{"not_picked":["Heavy Blade","Clothesline","Iron Wave"],"picked":"SKIP","floor":28.0},{"not_picked":["Heavy Blade","Clothesline","Iron Wave"],"picked":"SKIP","floor":28.0},{"not_picked":["ReplayTheSpireMod:Corrosion Curse+1","Run Through"],"picked":"Twin Strike+1","floor":30.0},{"not_picked":["Metallicize+1","Disarm"],"picked":"Iron Wave+1","floor":31.0},{"not_picked":["Fiend Fire","Offering"],"picked":"Demon Form","floor":33},{"not_picked":["Evolve","Dual Wield"],"picked":"Anger","floor":35}],"player_experience":113565,"relics_obtained":[{"floor":9.0,"key":"Charon\u0027s Ashes"},{"floor":26.0,"key":"Ornamental Fan"},{"floor":27.0,"key":"infinitespire:ShieldingShard"}],"event_choices":[{"damage_healed":0.0,"max_hp_gain":0.0,"max_hp_loss":0.0,"gold_gain":0.0,"event_name":"Addict","player_choice":"Stole Relic","floor":19.0,"gold_loss":0.0,"damage_taken":0.0,"relics_obtained":["Mirror"],"cards_obtained":["Shame"]},{"cards_removed":["hubris:SharpeningStone"],"damage_healed":0.0,"max_hp_gain":0.0,"max_hp_loss":0.0,"gold_gain":0.0,"event_name":"Purifier","player_choice":"Purged","floor":21.0,"gold_loss":0.0,"damage_taken":0.0},{"damage_healed":0,"gold_gain":0,"player_choice":"Fight","damage_taken":0,"max_hp_gain":0,"max_hp_loss":0,"event_name":"Mysterious Sphere","floor":36,"gold_loss":0}],"is_beta":false,"boss_relics":[{"not_picked":["beaked:SacredDeck","hubris:VirtuousBlindfold"],"picked":"Ring of Chaos"},{"not_picked":["Abe\u0027s Treasure","reliquary:Craggleroot"],"picked":"construct:WeddingRing"}],"items_purged_floors":[20],"is_endless":false,"potions_floor_spawned":[2,6,16,24,28,31,33,35],"killed_by":"2 Orb Walkers","ascension_level":0}}