{"host":"17uzppmr1r5fe5jj","time":1612613142,"event":{"mods":["BaseMod","HololiveMod","Minty Spire (QoL Compilation)","Quick Restart","StSLib","TestMod","[IsaacMod]ÒÔÈö¼âËþ"],"gold_per_floor":[84,144,154,171,96,96,96,96,96,131,131,143,143,156,156,255,255,276,295,60,60,80,80,80,80,80,121,121,121,141,141,141,253,253,273,273,57,81,134,134,150,174,174,218,538,538,558,267,267,268],"floor_reached":51,"language":"ZHS","playtime":1413,"items_purged":["Hololive_Strike","Hololive_Defend","Hololive_Strike"],"score":990,"play_id":"23c6052e-1db7-436c-abb8-3c377626c7c7","local_time":"20210206200542","daily_mods":["Vintage","Heirloom","Time Dilation","Flight"],"is_ascension_mode":false,"campfire_choices":[{"data":"Hololive_CallTokoyamiTowa","floor":6,"key":"SMITH"},{"data":"Hololive_CallAiraniIofifteen","floor":7,"key":"SMITH"},{"data":"Hololive_CallMoonaHoshinova","floor":8,"key":"SMITH"},{"data":"Hololive_CallShiranuiFlare","floor":11,"key":"SMITH"},{"data":"Hololive_CallYogiri","floor":13,"key":"SMITH"},{"data":"Hololive_CandyCastle","floor":15,"key":"SMITH"},{"data":"Hololive_CallOzoraSubaru","floor":23,"key":"SMITH"},{"data":"Hololive_CallHoushouMarine","floor":24,"key":"SMITH"},{"data":"Hololive_CallNakiriAyame","floor":25,"key":"SMITH"},{"data":"Hololive_WolfAndLamb","floor":28,"key":"SMITH"},{"data":"Hololive_CallKiryuuCoco","floor":29,"key":"SMITH"},{"floor":32,"key":"REST"},{"data":"Apotheosis","floor":40,"key":"SMITH"},{"floor":49,"key":"REST"}],"circlet_count":0,"master_deck":["Hololive_Defend+1","Hololive_CandyCastle+1","Hololive_CallAiraniIofifteen+1","Hololive_CallTokoyamiTowa+1","Hololive_CallMoonaHoshinova+1","Hololive_CallShiranuiFlare+1","Hololive_CallYogiri+1","Hololive_CallKiryuuCoco+1","Hololive_WolfAndLamb+1","Hololive_CallNakiriAyame+1","Hololive_CallOzoraSubaru+1","Hololive_CallHoushouMarine+1","Hololive_CallSakuraMiko+1","Hololive_CallShirakamiFubuki+1","Hololive_DurableLive+1","Apotheosis+1","Hololive_CallHoshimachiSuisei+1","Madness","Madness"],"relics":["Hololive_TheStar","testmod-TestBox","HushsDoor","SatanicBible","testmod-D_4","testmod-ObsoleteBoomerang","testmod-Muramasa","testmod-LifeArmor","Nunchaku","SharpPlug","Darkstone Periapt","PillsDrop","AnarchistCookbook","testmod-DeterminationOfClimber","Damocles","testmod-Acrobat","Dream Catcher","Pen Nib","Pear","Membership Card","Oddly Smooth Stone","testmod-Antiphasic","BookOfRevelations","Whetstone","testmod-Brilliant","testmod-AssaultLearning","Boot","testmod-BatchProcessingSystem","GuppysHead","DeadEye","Gremlin Horn","Frozen Egg 2","Potion Belt","Juzu Bracelet","Molten Egg 2","Akabeko","Sundial","testmod-TurbochargingSystem","testmod-EqualTreatment","Vajra","Question Card","War Paint","DeathBook","Regal Pillow","Old Coin","MawBank","testmod-ArcanaOfDestiny","testmod-Charity","Mercury Hourglass","testmod-OneHitWonder"],"acts_visited":["Exordium","TheCity","TheBeyond"],"potions_floor_usage":[14,16,16,22,22,33,33],"damage_taken":[{"damage":0.0,"enemies":"Jaw Worm","floor":1.0,"turns":2.0},{"damage":0.0,"enemies":"Cultist","floor":3.0,"turns":2.0},{"damage":0.0,"enemies":"2 Louse","floor":4.0,"turns":1.0},{"damage":0,"enemies":"Lagavulin","floor":10,"turns":5},{"damage":0,"enemies":"Exordium Thugs","floor":12,"turns":3},{"damage":0,"enemies":"3 Louse","floor":14,"turns":2},{"damage":0,"enemies":"The Guardian","floor":16,"turns":1},{"damage":0,"enemies":"3 Byrds","floor":18,"turns":2},{"damage":0,"enemies":"Shell Parasite","floor":19,"turns":2},{"damage":0,"enemies":"Sentry and Sphere","floor":22,"turns":2},{"damage":0,"enemies":"Gremlin Leader","floor":27,"turns":3},{"damage":0,"enemies":"Shelled Parasite and Fungi","floor":30,"turns":2},{"damage":0,"enemies":"Champ","floor":33,"turns":2},{"damage":0,"enemies":"3 Shapes","floor":35,"turns":2},{"damage":3,"enemies":"3 Darklings","floor":38,"turns":3},{"damage":0,"enemies":"Hiden Room Battle","floor":39,"turns":1},{"damage":0,"enemies":"Sphere and 2 Shapes","floor":41,"turns":1},{"damage":0,"enemies":"Spire Growth","floor":44,"turns":3},{"damage":0,"enemies":"Jaw Worm Horde","floor":45,"turns":2},{"damage":0,"enemies":"Sphere and 2 Shapes","floor":47,"turns":1},{"damage":0,"enemies":"Awakened One","floor":50,"turns":4}],"seed_played":"3122176786490998348","potions_obtained":[{"floor":1.0,"key":"DistilledChaos"},{"floor":4.0,"key":"DistilledChaos"},{"floor":12,"key":"FearPotion"},{"floor":16,"key":"Energy Potion"},{"floor":18,"key":"FearPotion"},{"floor":22,"key":"DistilledChaos"},{"floor":30,"key":"Block Potion"},{"floor":41,"key":"FearPotion"},{"floor":44,"key":"Ancient Potion"},{"floor":45,"key":"Block Potion"}],"is_trial":true,"path_per_floor":["M","?","M","M","$","R","R","R","T","E","R","M","R","M","R","B",null,"M","M","$","?","M","R","R","R","T","E","R","R","M","?","R","B",null,"M","?","$","M","?","R","M","T","T","M","M","?","M","$","R","B",null],"character_chosen":"Hololive_HololiveCharacter","items_purchased":["Damocles","Hololive_CallNakiriAyame","Membership Card","Hololive_CallOzoraSubaru","GuppysHead","Apotheosis","Frozen Egg 2","testmod-Charity","Mercury Hourglass","testmod-OneHitWonder","Energy Potion"],"campfire_rested":2,"item_purchase_floors":[17,17,20,20,34,37,37,48,48,48,48],"current_hp_per_floor":[35,20,20,20,20,20,20,20,20,20,20,20,20,20,20,20,17,17,27,27,27,27,27,27,27,27,27,27,27,27,27,27,30,20,28,28,28,25,15,15,17,17,17,17,19,15,15,15,33,40],"gold":268,"neow_bonus":"","is_daily":false,"chose_seed":false,"campfire_upgraded":12,"win_rate":0.0,"timestamp":1612613142,"path_taken":["M","?","M","M","?","R","R","R","T","E","R","M","R","M","R","BOSS","M","M","$","?","M","R","R","R","T","E","R","R","M","?","R","BOSS","M","?","$","M","?","R","M","?","T","M","M","?","M","$","R","BOSS"],"items_purchased_type":["Relic","Card","Relic","Card","Relic","Card","Relic","Relic","Relic","Relic","Potion"],"build_version":"2020-12-22","purchased_purges":3,"victory":true,"max_hp_per_floor":[35,35,35,35,35,35,35,35,35,35,35,35,35,35,35,35,17,17,27,27,27,27,27,27,27,27,27,27,27,27,27,27,30,20,28,28,28,28,33,33,33,33,33,33,33,33,33,33,33,40],"card_choices":[{"not_picked":["Hololive_CallDoris","Hololive_Rebound","Hololive_CallHimemoriLuna"],"picked":"Hololive_CallKiryuuCoco","floor":10},{"not_picked":["Hololive_StarCraft","Hololive_IdolExercise","Hololive_ASMR"],"picked":"Hololive_WolfAndLamb","floor":16},{"not_picked":["Hololive_CallOkamiMio","Hololive_HuntDinosaur","Hololive_Recruit"],"picked":"Hololive_CallSakuraMiko+1","floor":27},{"not_picked":["Hololive_CandyCastle","Hololive_Sequa+1","Hololive_Psychosis"],"picked":"Hololive_CallShirakamiFubuki+1","floor":32},{"not_picked":["Hololive_ASMR","Hololive_FlareMind","Hololive_DiamondStrike"],"picked":"Hololive_DurableLive","floor":33},{"not_picked":["Hololive_CallNekomataOkayu+1","Hololive_CallSakuraMiko+1","Hololive_FlyingPonyTail"],"picked":"Hololive_CallHoshimachiSuisei+1","floor":39}],"player_experience":275977,"relics_obtained":[{"floor":1.0,"key":"testmod-Muramasa"},{"floor":3.0,"key":"testmod-LifeArmor"},{"floor":4.0,"key":"Nunchaku"},{"floor":9,"key":"SharpPlug"},{"floor":10,"key":"Darkstone Periapt"},{"floor":12,"key":"PillsDrop"},{"floor":14,"key":"AnarchistCookbook"},{"floor":18,"key":"testmod-Acrobat"},{"floor":18,"key":"Dream Catcher"},{"floor":19,"key":"Pen Nib"},{"floor":19,"key":"Pear"},{"floor":22,"key":"Oddly Smooth Stone"},{"floor":22,"key":"testmod-Antiphasic"},{"floor":26,"key":"BookOfRevelations"},{"floor":27,"key":"Whetstone"},{"floor":27,"key":"testmod-Brilliant"},{"floor":30,"key":"testmod-AssaultLearning"},{"floor":30,"key":"Boot"},{"floor":35,"key":"DeadEye"},{"floor":35,"key":"Gremlin Horn"},{"floor":38,"key":"Potion Belt"},{"floor":38,"key":"Juzu Bracelet"},{"floor":39,"key":"Molten Egg 2"},{"floor":39,"key":"Akabeko"},{"floor":39,"key":"Sundial"},{"floor":41,"key":"testmod-TurbochargingSystem"},{"floor":41,"key":"testmod-EqualTreatment"},{"floor":42,"key":"Vajra"},{"floor":43,"key":"Question Card"},{"floor":44,"key":"War Paint"},{"floor":44,"key":"DeathBook"},{"floor":45,"key":"Regal Pillow"},{"floor":45,"key":"Old Coin"},{"floor":47,"key":"MawBank"},{"floor":47,"key":"testmod-ArcanaOfDestiny"}],"event_choices":[{"damage_healed":0,"gold_gain":0,"player_choice":"Read","damage_taken":0,"max_hp_gain":0,"max_hp_loss":0,"event_name":"The Library","floor":21,"gold_loss":0,"cards_obtained":["Hololive_CallHoushouMarine"]},{"damage_healed":0,"gold_gain":0,"player_choice":"Ignored","damage_taken":0,"max_hp_gain":0,"max_hp_loss":0,"event_name":"Vampires","floor":31,"gold_loss":0},{"damage_healed":0,"gold_gain":0,"player_choice":"Ignored","damage_taken":0,"max_hp_gain":0,"max_hp_loss":0,"event_name":"Tomb of Lord Red Mask","floor":36,"gold_loss":0},{"damage_healed":0,"gold_gain":0,"player_choice":"Fight","damage_taken":0,"max_hp_gain":0,"max_hp_loss":0,"event_name":"HidenRoomEvent","floor":39,"gold_loss":0},{"damage_healed":0,"gold_gain":0,"player_choice":"Embrace Madness","damage_taken":4,"max_hp_gain":0,"max_hp_loss":0,"event_name":"Winding Halls","floor":46,"gold_loss":0,"cards_obtained":["Madness","Madness"]}],"is_beta":false,"boss_relics":[{"not_picked":["SlaversCollar","Velvet Choker"],"picked":"testmod-DeterminationOfClimber"},{"not_picked":[]},{"not_picked":["Hololive_Finger","Cursed Key"],"picked":"testmod-BatchProcessingSystem"},{"not_picked":[]}],"items_purged_floors":[5,17,20],"is_endless":false,"potions_floor_spawned":[1,4,12,16,18,22,30,41,44,45],"ascension_level":0}}