{"host":"ao4lxi9bhtts409i","time":1612640901,"event":{"mods":["AchievementEnabler","BaseMod","Colored Map","Colored Powertips","Minty Spire (QoL Compilation)","SuperFastMode"],"gold_per_floor":[114,131,142,153,86,86,101,101,101,117,144,154,154,154,154,258,258,269,122,142,154,171,171,200,200,200,200,225,225,241,35,35,137,137,154,154,168,94,105,105,105,105],"floor_reached":41,"language":"ENG","playtime":1936,"items_purged":[],"score":500,"play_id":"58fb49f6-fb6a-416d-8d6f-e49266f4d7e9","local_time":"20210206204821","is_ascension_mode":true,"campfire_choices":[{"floor":6,"key":"REST"},{"data":"Echo Form","floor":8,"key":"SMITH"},{"floor":15,"key":"REST"},{"floor":23,"key":"REST"},{"floor":25,"key":"REST"},{"floor":29,"key":"REST"},{"floor":32,"key":"REST"},{"floor":40,"key":"REST"}],"circlet_count":0,"master_deck":["Strike_B+1","Strike_B+1","Strike_B+1","Defend_B+1","Defend_B+1","Defend_B+1","Defend_B+1","Zap","Dualcast","Echo Form+1","Cold Snap","Conserve Battery","Gash","Loop","Storm","Rainbow","Hello World","Coolheaded","Hyperbeam","Streamline+1","Self Repair","Chill","Stack+1","Hologram","Cold Snap","Cold Snap","Beam Cell","Seek","Auto Shields","Self Repair+1","Loop","Darkness+1"],"relics":["Cracked Core","Pear","Centennial Puzzle","Lizard Tail","Nuclear Battery","Incense Burner","Pen Nib","Bottled Lightning","Medical Kit","Inserter"],"acts_visited":["Exordium","TheCity","TheBeyond"],"potions_floor_usage":[21,24,24,24,28,33,41,41],"damage_taken":[{"damage":1,"enemies":"Cultist","floor":1,"turns":4},{"damage":6,"enemies":"Small Slimes","floor":2,"turns":3},{"damage":7,"enemies":"Jaw Worm","floor":3,"turns":3},{"damage":1,"enemies":"Large Slime","floor":4,"turns":6},{"damage":26,"enemies":"3 Louse","floor":7,"turns":4},{"damage":6,"enemies":"Blue Slaver","floor":10,"turns":4},{"damage":2,"enemies":"Lagavulin","floor":11,"turns":7},{"damage":18,"enemies":"Large Slime","floor":12,"turns":5},{"damage":44,"enemies":"Slime Boss","floor":16,"turns":8},{"damage":31,"enemies":"Shell Parasite","floor":18,"turns":5},{"damage":37,"enemies":"2 Thieves","floor":20,"turns":4},{"damage":12,"enemies":"Snecko","floor":21,"turns":6},{"damage":9,"enemies":"Centurion and Healer","floor":22,"turns":5},{"damage":15,"enemies":"Book of Stabbing","floor":24,"turns":5},{"damage":56,"enemies":"Gremlin Leader","floor":28,"turns":8},{"damage":9,"enemies":"Snake Plant","floor":30,"turns":3},{"damage":39,"enemies":"Automaton","floor":33,"turns":12},{"damage":13,"enemies":"3 Shapes","floor":35,"turns":3},{"damage":22,"enemies":"3 Darklings","floor":37,"turns":5},{"damage":44,"enemies":"Transient","floor":39,"turns":5},{"damage":107,"enemies":"Reptomancer","floor":41,"turns":3}],"seed_played":"-6488836060669121918","potions_obtained":[{"floor":2,"key":"AttackPotion"},{"floor":7,"key":"Weak Potion"},{"floor":10,"key":"LiquidMemories"},{"floor":22,"key":"FocusPotion"},{"floor":24,"key":"Regen Potion"},{"floor":30,"key":"DistilledChaos"},{"floor":33,"key":"PotionOfCapacity"},{"floor":35,"key":"PowerPotion"}],"is_trial":false,"path_per_floor":["M","M","M","M","$","R","M","R","T","M","E","M","T","?","R","B",null,"M","$","M","M","M","R","E","R","T","?","E","R","M","$","R","B",null,"M","$","M","$","M","R","E"],"character_chosen":"DEFECT","items_purchased":["Loop","Self Repair","Chill","Medical Kit","Beam Cell","Loop"],"campfire_rested":7,"item_purchase_floors":[5,19,19,31,31,38],"current_hp_per_floor":[74,68,61,60,60,75,49,49,59,53,51,33,33,33,58,14,85,54,54,24,19,17,42,41,66,66,66,32,57,48,48,73,41,85,72,72,57,57,30,55,0,0],"gold":105,"neow_bonus":"ONE_RANDOM_RARE_CARD","is_daily":false,"chose_seed":false,"campfire_upgraded":1,"win_rate":0.0,"timestamp":1612640901,"path_taken":["M","M","M","M","$","R","?","R","T","M","E","M","?","?","R","BOSS","M","$","?","?","M","R","E","R","T","?","E","R","M","$","R","BOSS","M","$","M","$","M","R","E"],"items_purchased_type":["Card","Card","Card","Relic","Card","Card"],"build_version":"2020-12-22","purchased_purges":0,"victory":false,"max_hp_per_floor":[75,75,75,75,75,75,75,75,85,85,85,85,85,85,85,85,85,85,85,85,85,85,85,85,85,85,85,85,85,85,85,85,85,85,85,85,85,85,85,85,85,85],"card_choices":[{"not_picked":["Ball Lightning","Redo"],"picked":"Cold Snap","floor":1},{"not_picked":["FTL","Streamline"],"picked":"Conserve Battery","floor":2},{"not_picked":["Rebound","Barrage","Darkness"],"picked":"SKIP","floor":3},{"not_picked":["Static Discharge","FTL"],"picked":"Gash","floor":4},{"not_picked":["Auto Shields","Stack"],"picked":"Storm","floor":7},{"not_picked":["Force Field","Beam Cell"],"picked":"Rainbow","floor":10},{"not_picked":["Skim","Rainbow"],"picked":"Hello World","floor":11},{"not_picked":["Undo","Cold Snap"],"picked":"Coolheaded","floor":12},{"not_picked":["Fission","All For One"],"picked":"Hyperbeam","floor":16},{"not_picked":["BootSequence","Redo"],"picked":"Streamline+1","floor":18},{"not_picked":["Redo","Streamline"],"picked":"Stack+1","floor":20},{"not_picked":["Storm","Turbo"],"picked":"Hologram","floor":21},{"not_picked":["Double Energy+1","Ball Lightning"],"picked":"Cold Snap","floor":22},{"not_picked":["Scrape+1","Coolheaded","Rebound+1"],"picked":"SKIP","floor":24},{"not_picked":["Amplify","Streamline","Conserve Battery+1"],"picked":"SKIP","floor":28},{"not_picked":["Sweeping Beam","Skim"],"picked":"Cold Snap","floor":30},{"not_picked":["Machine Learning","Biased Cognition"],"picked":"Seek","floor":33},{"not_picked":["Leap","Chill+1"],"picked":"Auto Shields","floor":35},{"not_picked":["Steam+1","Hologram"],"picked":"Self Repair+1","floor":37},{"not_picked":["Barrage","FTL"],"picked":"Darkness+1","floor":39}],"player_experience":267142,"relics_obtained":[{"floor":9,"key":"Pear"},{"floor":11,"key":"Centennial Puzzle"},{"floor":13,"key":"Lizard Tail"},{"floor":24,"key":"Incense Burner"},{"floor":26,"key":"Pen Nib"},{"floor":28,"key":"Bottled Lightning"}],"event_choices":[{"cards_removed":["Strike_B"],"damage_healed":0,"gold_gain":0,"player_choice":"Purged","damage_taken":0,"max_hp_gain":0,"max_hp_loss":0,"event_name":"Purifier","floor":14,"gold_loss":0},{"damage_healed":0,"gold_gain":0,"player_choice":"Simplicity","damage_taken":0,"max_hp_gain":0,"max_hp_loss":0,"event_name":"Back to Basics","floor":27,"gold_loss":0,"cards_upgraded":["Strike_B","Strike_B","Strike_B","Defend_B","Defend_B","Defend_B","Defend_B"]}],"is_beta":false,"boss_relics":[{"not_picked":["Ectoplasm","Tiny House"],"picked":"Nuclear Battery"},{"not_picked":["Astrolabe","Empty Cage"],"picked":"Inserter"}],"items_purged_floors":[],"is_endless":false,"potions_floor_spawned":[2,7,10,11,12,16,22,24,30,33,35],"killed_by":"Reptomancer","ascension_level":3}}