{"host":"sq533724ysd7e9og","time":1612617712,"event":{"mods":["AchievementEnabler","Act Like it!","Aspiration","Astrologer","BaseMod","Better Note","Better Third Choice","Bossed Relics","CapriCore","Colored Map","Conspire","Custom Start","Dio Mod","Dota2Spire","Friendly Minions","Gensokyo","Halation","Hermit","HololiveMod","Hubris","Infinite Spire","Koishi","KomeijiMod","Lobotomy","LobotomyExtend","Mad Scientist","Marisa????????","Minty Spire (QoL Compilation)","MostiFishMod","Replay The Spire","SOS???????","Shade Mod","Small Relic Pack","StSLib","The Administrix","The Animator","The Cursed","The Exalted","The Forsaken","The Gatherer","The Immortal","The Servant 0.9.4","The Wild Card","Waifu the Spire","Yakumo Yukari mod","Yohane!","Yuyuko","??????REMEMod"],"gold_per_floor":[369,77,77,97,97,97,97,116,140,140,140,157,157,190,190,288,288,300,316,63,76,76,76,106,106,151,164,164,164,164,164,164,164],"floor_reached":31,"language":"ENG","playtime":1759,"items_purged":[],"score":251,"play_id":"7110c240-249c-4398-acd7-dd74939f81ed","local_time":"25640206202152","is_ascension_mode":false,"campfire_choices":[{"floor":6,"key":"RECALL"},{"data":"MokouMod:Combust","floor":10,"key":"SMITH"},{"floor":23,"key":"REST"},{"floor":30,"key":"REST"}],"circlet_count":0,"master_deck":["MokouMod:Strike","MokouMod:Strike","MokouMod:Strike","MokouMod:Strike","MokouMod:Strike","MokouMod:Defend","MokouMod:Defend+1","MokouMod:Defend+1","MokouMod:Defend","MokouMod:HeatSpark","MokouMod:SubterraneanCore","MokouMod:FlareStarter","MokouMod:Combust+1","MokouMod:IndiscriminateIgnition","MokouMod:DanceofFlames","MokouMod:PhoenixForm+1","MokouMod:ScorchingColumn+1","MokouMod:IgneousBlow","MokouMod:ResoluteFlare+1","MokouMod:EternalBurstReactor+1","MokouMod:Sear+1","Shame"],"relics":["MokouMod:PhoenixFeather","DaveBox","REME_ComplimentaryCards","HaiYi:Twilight","SynthV:TestCard","LetterFromLob","Dota2Spire:DivineRapier","Gensokyo:NagashiBinaDoll","Nunchaku","hubris:Icosahedron","Juzu Bracelet","Sundial","Dota2Spire:LotusOrb","Replay:Drink Me","aspiration:HummingbirdHeart","hubris:PeanutButter","Gensokyo:RedStar"],"acts_visited":["Gensokyo:Gensokyo","Gensokyo:Gensokyoer"],"potions_floor_usage":[14,14,14,14,21,21,24,24],"damage_taken":[{"damage":4,"enemies":"Gensokyo:Python","floor":1,"turns":4},{"damage":0,"enemies":"Gensokyo:2_Kodama","floor":4,"turns":2},{"damage":10,"enemies":"Gensokyo:Gryphon","floor":8,"turns":2},{"damage":0,"enemies":"Gensokyo:LivingMonolith","floor":12,"turns":3},{"damage":27,"enemies":"Gensokyo:Cirno","floor":14,"turns":7},{"damage":53,"enemies":"Gensokyo:Yukari","floor":16,"turns":11},{"damage":9,"enemies":"Gensokyo:Chomper","floor":18,"turns":3},{"damage":9,"enemies":"Gensokyo:AngelMirror","floor":19,"turns":2},{"damage":1,"enemies":"Gensokyo:Slime_Group","floor":21,"turns":4},{"damage":53,"enemies":"Gensokyo:Reisen","floor":24,"turns":5},{"damage":28,"enemies":"Gensokyo:Wraith","floor":27,"turns":4},{"damage":19,"enemies":"conspire:MimicChest","floor":31,"turns":3}],"seed_played":"1300071022035458572","potions_obtained":[{"floor":1,"key":"PowerPotion"},{"floor":4,"key":"GamblersBrew"},{"floor":16,"key":"Block Potion"},{"floor":21,"key":"GamblersBrew"},{"floor":27,"key":"Ancient Potion"}],"is_trial":false,"path_per_floor":["M","$","?","M","T","R","?","M","T","R","M","M","?","E","R_BF","B",null,"M","M","$","M","?","R","E","?","T","M","?","?","R","?"],"character_chosen":"MKU","items_purchased":["Dota2Spire:DivineRapier","aspiration:HummingbirdHeart"],"campfire_rested":2,"item_purchase_floors":[2,20],"current_hp_per_floor":[64,64,64,64,64,64,64,54,54,54,54,54,54,27,27,3,51,42,33,33,32,32,47,8,13,13,3,3,3,18,0,0,0],"gold":164,"neow_bonus":"TWO_FIFTY_GOLD","is_daily":false,"chose_seed":false,"campfire_upgraded":1,"win_rate":0.0,"timestamp":1612617712,"path_taken":["M","?","?","M","?","R","?","M","T","R","M","M","?","E","R_BF","BOSS","M","M","$","M","?","R","E","?","T","M","?","?","R","?"],"items_purchased_type":["Relic","Relic"],"build_version":"2020-12-22","purchased_purges":0,"victory":false,"max_hp_per_floor":[68,68,68,68,68,68,68,68,68,68,68,68,68,68,68,68,51,51,51,51,51,51,51,51,51,51,51,51,51,51,51,51,51],"card_choices":[{"not_picked":["MokouMod:TemporalFireSeal","MokouMod:ResonanceReactor"],"picked":"MokouMod:SubterraneanCore","floor":1},{"not_picked":["MokouMod:Stoke","MokouMod:FlickeringFlame","MokouMod:BlazingComet","MokouMod:RisingSunBarrier"],"picked":"MokouMod:FlareStarter","floor":4},{"not_picked":["MokouMod:Burn","MokouMod:GuidingSmoke","MokouMod:EternalBurstReactor","MokouMod:IllusoryBattlefield"],"picked":"MokouMod:Combust","floor":8},{"not_picked":["MokouMod:HeatTransfer","MokouMod:Firecracker","MokouMod:Overheat","MokouMod:Stoke"],"picked":"MokouMod:IndiscriminateIgnition","floor":12},{"not_picked":["MokouMod:IgneousBlow","MokouMod:UncontrollableSolarReaction","MokouMod:BurningHiddenBullet","MokouMod:Afterburner"],"picked":"MokouMod:DanceofFlames","floor":14},{"not_picked":["MokouMod:HouraiForge","MokouMod:Rekindle","MokouMod:SpontaneousHumanCombustion","MokouMod:BurningHiddenBullet"],"picked":"MokouMod:PhoenixForm","floor":16},{"not_picked":["MokouMod:ShiftIgnition","MokouMod:SearingShot","MokouMod:Refresh","MokouMod:FlareStarter"],"picked":"MokouMod:ScorchingColumn+1","floor":18},{"not_picked":["MokouMod:SpontaneousHumanCombustion","MokouMod:HeartofFire+1","MokouMod:InfernalWave+1","MokouMod:Ember"],"picked":"MokouMod:IgneousBlow","floor":19},{"not_picked":["MokouMod:UncontrollableSolarReaction","MokouMod:FlareStarter+1","MokouMod:RoaringFlare","MokouMod:Ember"],"picked":"MokouMod:ResoluteFlare+1","floor":21},{"not_picked":["MokouMod:IcarusDive","MokouMod:ScorchedEarth","MokouMod:BlazingComet","MokouMod:Extinguish"],"picked":"MokouMod:EternalBurstReactor+1","floor":24},{"not_picked":["MokouMod:Singe+1","MokouMod:Ember","MokouMod:Meltdown","MokouMod:FlareStarter"],"picked":"MokouMod:Sear+1","floor":27}],"player_experience":163277,"relics_obtained":[{"floor":1,"key":"SynthV:TestCard"},{"floor":1,"key":"LetterFromLob"},{"floor":5,"key":"Nunchaku"},{"floor":9,"key":"Juzu Bracelet"},{"floor":14,"key":"Sundial"},{"floor":24,"key":"hubris:PeanutButter"}],"event_choices":[],"is_beta":false,"boss_relics":[{"not_picked":["Snecko Eye","halation:PlatinumPhoenix"],"picked":"Replay:Drink Me"}],"items_purged_floors":[],"is_endless":false,"potions_floor_spawned":[1,4,16,19,21,27],"killed_by":"conspire:MimicChest","ascension_level":0}}