{"host":"u7bb6mvzuirwfcqo","time":1612624077,"event":{"mods":["2.2 Compatiblity","AchievementEnabler","BaseMod","Card Forge","Downfall","Hermit","Minty Spire (QoL Compilation)","Relic Stats","Replay The Spire","StSLib"],"gold_per_floor":[99,115,19,31,51,68,95,33,50,65,65,65,99,119,136,238,538,538,554,574,574,589,12,37,51,61,161,161,176,176,190,208,313,313,366,385,402,412,429,74,74,93,93,93,93,93],"floor_reached":44,"language":"ENG","playtime":2892,"items_purged":[],"score":522,"play_id":"5d393c32-1d90-4191-8c26-e76af72d3d50","local_time":"20210206100757","is_ascension_mode":false,"campfire_choices":[{"floor":1,"key":"DIG"},{"data":"Slimebound:Equalize","floor":11,"key":"SMITH"},{"floor":18,"key":"DIG"},{"data":"Slimebound:SlimeBarrage","floor":28,"key":"SMITH"},{"data":"Slimebound:SelfFormingGoo","floor":30,"key":"SMITH"}],"circlet_count":0,"master_deck":["Slimebound:Strike_Slimebound","Slimebound:Strike_Slimebound","Slimebound:Strike_Slimebound","Slimebound:Tackle","Slimebound:Defend_Slimebound","Slimebound:Defend_Slimebound","Slimebound:Defend_Slimebound","Slimebound:Defend_Slimebound","Slimebound:Split","Slimebound:CorrosiveSpit","Slimebound:LevelUp","Slimebound:LeadByExample","Slimebound:Repurpose","Slimebound:Prepare","Slimebound:Equalize+1","Slimebound:FinishingTackle","Slimebound:SplitBruiser","Slimebound:Prepare","Slimebound:SplitBruiser","Slimebound:SlimeBarrage+1","Pain","Slimebound:SamplingLick","Slimebound:GoopSpray","Slimebound:LeadByExample","Slimebound:Teamwork","CurseOfTheBell","Slimebound:RollThrough+1","Slimebound:GrowthPunch","Slimebound:GoopSpray+1","Slimebound:FormOfPuddle","Slimebound:Replication","Slimebound:SelfFormingGoo+1","Slimebound:SplitAcid","Slimebound:SplitAcid+1","Slimebound:LeechEnergy+1","Slimebound:LivingWall","Slimebound:SplitLeeching+1","Slimebound:ComboTackle","Slimebound:RollThrough","Slimebound:SplitAcid","Slimebound:FormOfPuddle","Slimebound:ForwardTackle+1","Slimebound:SlimeSlap","Slimebound:SplitAcid","Slimebound:Equalize","Slimebound:Overexert","Slimebound:SplitMire+1","expansioncontent:StudyTheSpire","Slimebound:FormOfPuddle","Slimebound:Replication"],"relics":["Hammer of Thor","Seething Fire","Anvil of the Gods","Velvet Choker","Oddly Smooth Stone","Orichalcum","WarpedTongs","Replay:Baseball","Calling Bell","Boot","Replay:Bottled Steam","Old Coin","Peace Pipe","Replay:Bottled Flurry","Orrery","Toy Ornithopter","Fusion Hammer","CaptainsWheel","Ancient Tea Set","ReplayTheSpireMod:TigerMarble"],"acts_visited":["Exordium","TheCity","TheBeyond"],"potions_floor_usage":[38,42],"damage_taken":[{"damage":3,"enemies":"Cultist","floor":2,"turns":3},{"damage":4,"enemies":"downfall:FleeingMerchant","floor":3,"turns":4},{"damage":16,"enemies":"Jaw Worm","floor":4,"turns":4},{"damage":6,"enemies":"Small Slimes","floor":5,"turns":4},{"damage":8,"enemies":"Red Slaver","floor":6,"turns":4},{"damage":15,"enemies":"downfall:FleeingMerchant","floor":8,"turns":4},{"damage":3,"enemies":"Exordium Wildlife","floor":9,"turns":2},{"damage":6,"enemies":"Exordium Thugs","floor":10,"turns":4},{"damage":16,"enemies":"Lagavulin","floor":13,"turns":4},{"damage":1,"enemies":"Blue Slaver","floor":14,"turns":3},{"damage":0,"enemies":"Exordium Wildlife","floor":15,"turns":3},{"damage":22,"enemies":"DF_ARCHETYPE_STREAMLINE","floor":16,"turns":5},{"damage":10,"enemies":"Shell Parasite","floor":19,"turns":4},{"damage":18,"enemies":"Shelled Parasite and Fungi","floor":20,"turns":5},{"damage":16,"enemies":"Snake Plant","floor":22,"turns":3},{"damage":20,"enemies":"downfall:FleeingMerchant","floor":23,"turns":4},{"damage":9,"enemies":"Centurion and Healer","floor":25,"turns":7},{"damage":2,"enemies":"Chosen and Byrds","floor":26,"turns":5},{"damage":2,"enemies":"3 Cultists","floor":29,"turns":4},{"damage":0,"enemies":"Cultist and Chosen","floor":31,"turns":5},{"damage":6,"enemies":"Snecko","floor":32,"turns":5},{"damage":42,"enemies":"WA_ARCHETYPE_CALM","floor":33,"turns":9},{"damage":15,"enemies":"2 Orb Walkers","floor":35,"turns":5},{"damage":31,"enemies":"3 Darklings","floor":36,"turns":3},{"damage":7,"enemies":"Orb Walker","floor":37,"turns":3},{"damage":10,"enemies":"Sphere and 2 Shapes","floor":38,"turns":4},{"damage":5,"enemies":"3 Darklings","floor":39,"turns":3},{"damage":3,"enemies":"downfall:FleeingMerchant","floor":40,"turns":4},{"damage":4,"enemies":"Transient","floor":42,"turns":5},{"damage":19,"enemies":"Maw","floor":44,"turns":2}],"seed_played":"-7081530894237757434","potions_obtained":[{"floor":4,"key":"AttackPotion"},{"floor":5,"key":"SteroidPotion"},{"floor":6,"key":"Ancient Potion"},{"floor":38,"key":"Swift Potion"},{"floor":42,"key":"hexamod:SoulburnPotion"}],"is_trial":false,"path_per_floor":["R","M","$","M","M","M","T","$","M","M","R","?","E","M","M","B",null,"R","M","M","?","M","$","T","M","M","?","R","M","R","M","M","B",null,"R","M","M","M","M","$","T","M","?","M"],"character_chosen":"SLIMEBOUND","items_purchased":["Slimebound:Repurpose","Slimebound:Prepare","Slimebound:Replication","Replay:Bottled Flurry","Orrery","Slimebound:SplitLeeching+1","Slimebound:ComboTackle","expansioncontent:StudyTheSpire","Ancient Tea Set"],"campfire_rested":0,"item_purchase_floors":[3,8,23,23,23,23,23,40,40],"current_hp_per_floor":[65,62,58,42,36,36,36,25,22,24,24,24,14,13,13,3,65,65,61,53,53,49,41,41,32,42,42,42,40,40,40,34,4,65,50,19,12,7,2,3,3,4,4,0,0,0],"gold":93,"neow_bonus":"BOSS_RELIC","is_daily":false,"chose_seed":false,"campfire_upgraded":3,"win_rate":0.0,"timestamp":1612624077,"path_taken":["R","M","?","M","M","M","T","$","M","M","R","?","E","M","M","BOSS","R","M","M","?","M","$","T","M","M","?","R","?","R","M","M","BOSS","R","M","M","M","M","$","T","M","?","M"],"items_purchased_type":["Card","Card","Card","Relic","Relic","Card","Card","Card","Relic"],"build_version":"2020-12-22","purchased_purges":0,"victory":false,"max_hp_per_floor":[65,65,65,65,65,65,65,65,65,65,65,65,65,65,65,65,65,65,65,65,65,65,65,65,65,65,65,65,65,65,65,65,65,65,65,65,65,65,65,65,65,65,65,65,65,65],"relic_stats":{"Peace Pipe":0,"counters":[30,122],"Orichalcum":[90],"Boot":[12],"obtain_stats":[{"Velvet Choker":0,"Oddly Smooth Stone":1,"Hammer of Thor":0,"Seething Fire":0,"Orichalcum":7,"Boot":17,"Ancient Tea Set":40,"WarpedTongs":12,"Old Coin":17,"Calling Bell":17,"Peace Pipe":18,"Replay:Baseball":13,"CaptainsWheel":35,"Anvil of the Gods":0,"Orrery":23,"Fusion Hammer":34,"Slimebound:AbsorbEndCombat":0,"Replay:Bottled Flurry":23,"ReplayTheSpireMod:TigerMarble":41,"Toy Ornithopter":24,"Replay:Bottled Steam":17},{"Velvet Choker":0,"Oddly Smooth Stone":0,"Hammer of Thor":0,"Seething Fire":0,"Orichalcum":5,"Boot":12,"Ancient Tea Set":28,"WarpedTongs":8,"Old Coin":12,"Calling Bell":12,"Peace Pipe":12,"Replay:Baseball":9,"CaptainsWheel":23,"Anvil of the Gods":0,"Orrery":16,"Fusion Hammer":22,"Slimebound:AbsorbEndCombat":0,"Replay:Bottled Flurry":16,"ReplayTheSpireMod:TigerMarble":28,"Toy Ornithopter":16,"Replay:Bottled Steam":12},{"Velvet Choker":0,"Oddly Smooth Stone":0,"Hammer of Thor":0,"Seething Fire":0,"Orichalcum":18,"Boot":42,"Ancient Tea Set":115,"WarpedTongs":28,"Old Coin":42,"Calling Bell":42,"Peace Pipe":42,"Replay:Baseball":32,"CaptainsWheel":98,"Anvil of the Gods":0,"Orrery":58,"Fusion Hammer":93,"Slimebound:AbsorbEndCombat":0,"Replay:Bottled Flurry":58,"ReplayTheSpireMod:TigerMarble":115,"Toy Ornithopter":58,"Replay:Bottled Steam":42}],"Toy Ornithopter":10,"WarpedTongs":[94]},"card_choices":[{"not_picked":["Slimebound:GoopSpray","Slimebound:SplitBruiser"],"picked":"Slimebound:LevelUp","floor":2},{"not_picked":["Slimebound:LeechEnergy","Slimebound:SplitLeeching"],"picked":"Slimebound:LeadByExample","floor":3},{"not_picked":["Slimebound:Schlurp","Slimebound:ItLooksTasty"],"picked":"Slimebound:Prepare","floor":4},{"not_picked":["Slimebound:PressTheAttack","Slimebound:SlimeSpikes"],"picked":"Slimebound:Equalize","floor":5},{"not_picked":["Slimebound:Schlurp","Slimebound:BestDefense"],"picked":"Slimebound:FinishingTackle","floor":6},{"not_picked":["Slimebound:FinishingTackle","Slimebound:RejuvenatingLick"],"picked":"Slimebound:SplitBruiser","floor":8},{"not_picked":["Slimebound:CheckThePlaybook","Slimebound:FinishingTackle"],"picked":"Slimebound:SplitBruiser","floor":9},{"not_picked":["Slimebound:LeechEnergy","Slimebound:LivingWall"],"picked":"Slimebound:SlimeBarrage","floor":10},{"not_picked":["Slimebound:LeadByExample","Slimebound:RainOfGoop"],"picked":"Slimebound:SamplingLick","floor":13},{"not_picked":["Slimebound:BestDefense","Slimebound:ItLooksTasty"],"picked":"Slimebound:GoopSpray","floor":14},{"not_picked":["Slimebound:FlameTackle","Slimebound:LeechEnergy"],"picked":"Slimebound:LeadByExample","floor":15},{"not_picked":["Slimebound:PrepareCrush","Slimebound:CheckThePlaybook"],"picked":"Slimebound:Teamwork","floor":16},{"not_picked":["Slimebound:Chomp","Slimebound:SamplingLick"],"picked":"Slimebound:RollThrough+1","floor":19},{"not_picked":["Slimebound:GoopTackle+1","Slimebound:ViciousTackle"],"picked":"Slimebound:GrowthPunch","floor":20},{"not_picked":["Slimebound:FinishingTackle+1","Slimebound:SlimeSpikes"],"picked":"Slimebound:GoopSpray+1","floor":22},{"not_picked":["Slimebound:DivideAndConquer","Slimebound:SamplingLick"],"picked":"Slimebound:FormOfPuddle","floor":23},{"not_picked":["Slimebound:LivingWall","Slimebound:SplitBruiser"],"picked":"Slimebound:SelfFormingGoo","floor":23},{"not_picked":["Slimebound:ViciousTackle+1","Slimebound:SpikyOuterGoop"],"picked":"Slimebound:SplitAcid","floor":23},{"not_picked":["Slimebound:SamplingLick","Slimebound:ComboTackle+1"],"picked":"Slimebound:SplitAcid+1","floor":23},{"not_picked":["Slimebound:Schlurp+1","Slimebound:RollThrough"],"picked":"Slimebound:LeechEnergy+1","floor":23},{"not_picked":["Slimebound:SlimeBrawl","Slimebound:ItLooksTasty"],"picked":"Slimebound:LivingWall","floor":23},{"not_picked":["Slimebound:Gluttony+1","Slimebound:BestDefense","Slimebound:HauntingLick"],"picked":"SKIP","floor":25},{"not_picked":["Slimebound:DisruptingSlam","Slimebound:SamplingLick"],"picked":"Slimebound:RollThrough","floor":26},{"not_picked":["Slimebound:SpikyOuterGoop","Slimebound:GoopTackle"],"picked":"Slimebound:SplitAcid","floor":29},{"not_picked":["Slimebound:SplitBruiser","Slimebound:SlimeBarrage"],"picked":"Slimebound:FormOfPuddle","floor":31},{"not_picked":["Slimebound:ComboTackle+1","Slimebound:Nibble+1"],"picked":"Slimebound:ForwardTackle+1","floor":32},{"not_picked":["Slimebound:DouseInSlime","Slimebound:WasteNot"],"picked":"Slimebound:SlimeSlap","floor":33},{"not_picked":["Slimebound:GoopTackle","Slimebound:Dissolve+1"],"picked":"Slimebound:SplitAcid","floor":35},{"not_picked":["Slimebound:LeechEnergy","Slimebound:RollThrough","Slimebound:MegaLick+1"],"picked":"SKIP","floor":36},{"not_picked":["Slimebound:LeechEnergy+1","Slimebound:TongueLash+1"],"picked":"Slimebound:Equalize","floor":37},{"not_picked":["Slimebound:LivingWall","Slimebound:Replication+1"],"picked":"Slimebound:Overexert","floor":38},{"not_picked":["Slimebound:Repurpose+1","Slimebound:PressTheAttack+1"],"picked":"Slimebound:SplitMire+1","floor":39},{"not_picked":["Slimebound:LeechEnergy","Slimebound:LeechingTouch+1","Slimebound:Schlurp"],"picked":"SKIP","floor":40},{"not_picked":["Slimebound:GrowthPunch","Slimebound:RollThrough+1"],"picked":"Slimebound:FormOfPuddle","floor":42}],"player_experience":13845,"relics_obtained":[{"floor":1,"key":"Oddly Smooth Stone"},{"floor":7,"key":"Orichalcum"},{"floor":13,"key":"Replay:Baseball"},{"floor":17,"key":"Boot"},{"floor":17,"key":"Replay:Bottled Steam"},{"floor":17,"key":"Old Coin"},{"floor":18,"key":"Peace Pipe"},{"floor":24,"key":"Toy Ornithopter"},{"floor":35,"key":"CaptainsWheel"},{"floor":41,"key":"ReplayTheSpireMod:TigerMarble"}],"event_choices":[{"damage_healed":0,"gold_gain":0,"player_choice":"Rummage","damage_taken":0,"relics_obtained":["WarpedTongs"],"max_hp_gain":0,"max_hp_loss":0,"event_name":"Accursed Blacksmith","floor":12,"gold_loss":0,"cards_obtained":["Pain"]},{"damage_healed":0,"gold_gain":0,"player_choice":"Ignored","damage_taken":0,"max_hp_gain":0,"max_hp_loss":0,"event_name":"Vampires","floor":21,"gold_loss":0},{"damage_healed":0,"gold_gain":0,"player_choice":"Fight","damage_taken":0,"max_hp_gain":0,"max_hp_loss":0,"event_name":"Mysterious Sphere","floor":35,"gold_loss":0}],"is_beta":false,"boss_relics":[{"not_picked":["ChewingGum","SlaversCollar"],"picked":"Calling Bell"},{"not_picked":["Tiny House","Coffee Dripper"],"picked":"Fusion Hammer"}],"items_purged_floors":[],"is_endless":false,"potions_floor_spawned":[4,5,6,13,16,20,26,29,32,37,38,42],"killed_by":"Maw","ascension_level":0}}