{"host":"kh1j1cf337zr4nij","time":1612605157,"event":{"mods":["2.2 Compatiblity","AchievementEnabler","Act Like it!","Aspiration","BaseMod","Bestiary","CCEM2","Colored Map","Colored Powertips","Conspire","Downfall","Energized Spire","Fireblade Mod","Friendly Minions","GifTheSpireLib","Glutton Mod","Halation","Hermit","Highlight Path","Hubris","Jedi Mod","Mad Scientist","Marisa????????","Minty Spire (QoL Compilation)","Quick Restart","Random Character Button","Relic Stats","Reliquary","Shade Mod","Slumbering Mod","Spikes Relics","StSLib","Stuff the Spire","SuperFastMode","Synergy Search","The Construct","The Cursed","The Disciple","The Forsaken","The Hierophant","The Marked","The Mystic","The Runesmith","The Servant 0.9.4","The Spell Scribe","The Valiant","TheFirefly","Trackpad"],"gold_per_floor":[99,111,123,123,141,153,179,197,229,229,242,260,260,273,287,287,287,287],"floor_reached":16,"language":"ENG","playtime":851,"items_purged":[],"score":108,"play_id":"150f43f4-628b-4279-a0ff-0ba0327e06bd","local_time":"20210206045237","is_ascension_mode":false,"campfire_choices":[{"data":"Feint","floor":1,"key":"SMITH"},{"floor":10,"key":"RECALL"}],"circlet_count":0,"master_deck":["hexamod:Strike","hexamod:Strike","hexamod:Strike","hexamod:Strike","hexamod:Defend","hexamod:Defend","hexamod:Defend","hexamod:Defend","hexamod:Sear","hexamod:Float","Feint+1","hexamod:InspiringFlames","hexamod:NightmareGuise","hexamod:ParanormalForm","hexamod:EtherealExpedition","hexamod:GhostShield","hexamod:Hexaguard","hexamod:ExtraCrispy","hexamod:GhostLash"],"relics":["hexamod:SpiritBrand","Toy Ornithopter","Blood Vial","reliquary:SilkGlove"],"acts_visited":["Exordium"],"potions_floor_usage":[9,16],"damage_taken":[{"damage":0,"enemies":"Cultist","floor":2,"turns":3},{"damage":0,"enemies":"Small Slimes","floor":3,"turns":6},{"damage":2,"enemies":"Jaw Worm","floor":5,"turns":5},{"damage":1,"enemies":"Exordium Wildlife","floor":6,"turns":4},{"damage":10,"enemies":"2 Fungi Beasts","floor":8,"turns":6},{"damage":20,"enemies":"Lagavulin","floor":9,"turns":9},{"damage":13,"enemies":"3 Louse","floor":11,"turns":7},{"damage":3,"enemies":"Large Slime","floor":12,"turns":7},{"damage":0,"enemies":"Exordium Wildlife","floor":14,"turns":4},{"damage":1,"enemies":"2 Fungi Beasts","floor":15,"turns":4},{"damage":86,"enemies":"DF_ARCHETYPE_STREAMLINE","floor":16,"turns":14}],"seed_played":"546804557725291374","potions_obtained":[{"floor":3,"key":"champ:CounterPotion"},{"floor":8,"key":"Fire Potion"},{"floor":11,"key":"jedi:tentaclejuice"},{"floor":14,"key":"LiquidBronze"},{"floor":15,"key":"Energy Potion"}],"is_trial":false,"path_per_floor":["R","M","M","T","M","M","T","M","E","R","M","M","?","M","M","B"],"character_chosen":"THE_SPIRIT","items_purchased":[],"campfire_rested":0,"item_purchase_floors":[],"current_hp_per_floor":[49,49,56,56,61,67,67,66,60,60,56,62,70,70,69,0,0,0],"gold":287,"neow_bonus":"RANDOM_COLORLESS_2","is_daily":false,"chose_seed":false,"campfire_upgraded":1,"win_rate":0.0,"timestamp":1612605157,"path_taken":["R","M","M","?","M","M","T","M","E","R","M","M","?","?","M","BOSS"],"items_purchased_type":[],"build_version":"2020-12-22","purchased_purges":0,"victory":false,"max_hp_per_floor":[70,70,70,70,70,70,70,70,70,70,70,70,70,70,70,70,70,70],"relic_stats":{"Blood Vial":9,"counters":[11,69],"obtain_stats":[{"Blood Vial":7,"reliquary:SilkGlove":9,"hexamod:SpiritBrand":0,"Toy Ornithopter":4},{"Blood Vial":4,"reliquary:SilkGlove":6,"hexamod:SpiritBrand":0,"Toy Ornithopter":2},{"Blood Vial":18,"reliquary:SilkGlove":33,"hexamod:SpiritBrand":0,"Toy Ornithopter":9}],"Toy Ornithopter":10},"card_choices":[{"not_picked":["StuffTheSpire:Recharge","jedi:cleanse"],"picked":"Feint","floor":0},{"not_picked":["hexamod:Hexaguard","hexamod:GhostLash"],"picked":"hexamod:FirstSeal","floor":2},{"not_picked":["hexamod:BurningTouch","hexamod:GhostLash"],"picked":"hexamod:InspiringFlames","floor":3},{"not_picked":["hexamod:BurningTouch","hexamod:StepThrough"],"picked":"hexamod:NightmareGuise","floor":5},{"not_picked":["hexamod:GhostOfSpirePast","hexamod:HeatMetal","hexamod:SkipABeat"],"picked":"SKIP","floor":6},{"not_picked":["hexamod:HeatCrush","hexamod:SkipABeat"],"picked":"hexamod:ParanormalForm","floor":8},{"not_picked":["hexamod:GhostLash","hexamod:SwordOfDarkness"],"picked":"hexamod:EtherealExpedition","floor":9},{"not_picked":["hexamod:GhostflameBarrier","hexamod:RetreatToShadows"],"picked":"hexamod:GhostShield","floor":11},{"not_picked":["hexamod:HauntingEcho","hexamod:SpectersWail"],"picked":"hexamod:Hexaguard","floor":12},{"not_picked":["hexamod:BurningTouch","hexamod:HeatShield"],"picked":"hexamod:ExtraCrispy","floor":14},{"not_picked":["hexamod:CatchUp","hexamod:InspiringFlames"],"picked":"hexamod:GhostLash","floor":15}],"player_experience":43200,"relics_obtained":[{"floor":4,"key":"Toy Ornithopter"},{"floor":7,"key":"Blood Vial"},{"floor":9,"key":"reliquary:SilkGlove"}],"event_choices":[{"cards_removed":["hexamod:FirstSeal"],"damage_healed":8,"gold_gain":0,"player_choice":"Offered Uncommon","damage_taken":0,"max_hp_gain":0,"max_hp_loss":0,"event_name":"Bonfire Elementals","floor":13,"gold_loss":0}],"is_beta":false,"boss_relics":[],"items_purged_floors":[],"is_endless":false,"potions_floor_spawned":[3,8,11,14,15],"killed_by":"DF_ARCHETYPE_STREAMLINE","ascension_level":0}}