{"host":"lehbxtjrpalkmwwj","time":1612612955,"event":{"mods":["Aspiration","BaseMod","Colored Map","Colored Powertips","Conspire","GungeonMod","KomeijiMod","Lobotomy","Minty Spire (QoL Compilation)","Quick Restart","Replay The Spire","Shop Mod","StSLib","The Cursed","The Poker Player","[IsaacMod]ÒÔÈö¼âËþ"],"gold_per_floor":[113,113,15,22,45,85,108,108,134,156,193,48,89,109,109,237,237,283,317,317,379,32,60,60],"floor_reached":23,"language":"ZHS","playtime":950,"items_purged":["Injury","Regret"],"score":251,"play_id":"1ae41ac5-4f59-44e4-aa0c-cb0b885f49c7","local_time":"20210206200235","is_ascension_mode":true,"campfire_choices":[{"floor":15.0,"key":"RECALL"}],"circlet_count":0,"master_deck":["Strike_G+1","Strike_G+1","Strike_G+1","Strike_G+1","Strike_G+1","Defend_G+1","Defend_G+1","Defend_G+1","Defend_G+1","Defend_G+1","Survivor","Neutralize","EpicFetus","EpicFetus","PokerPlayerMod:Mulligan","Strike_Remiria+1","Doppelganger","Poisoned Stab","PiercingWail+1","Backflip+1","ReplayTheSpireMod:Scrap Shanks","Blur+1","ReplayTheSpireMod:Tripwire+1","Crippling Poison+1","Caltrops","Poison Darts+1","AbeCurse","Calculated Gamble+1","Blade Dance+1","Hidden Blade+1","ReplayTheSpireMod:The Works+1","ReplayTheSpireMod:Brewmster","Blind+1"],"relics":["Ring of the Snake","HushsDoor","SalivaCoin","Toxic Egg 2","DemoMod:LamentConfigurum","DemoMod:WhiteGuonStone","Potion Belt","Snake Skull","White Beast Statue","Abe\u0027s Treasure","Pet Ghost","Membership Card"],"acts_visited":["Exordium","TheCity"],"potions_floor_usage":[23],"damage_taken":[{"damage":0.0,"enemies":"Cultist","floor":1.0,"turns":4.0},{"damage":7.0,"enemies":"2 Louse","floor":5.0,"turns":3.0},{"damage":15.0,"enemies":"Lagavulin","floor":6.0,"turns":5.0},{"damage":10.0,"enemies":"Small Slimes","floor":7.0,"turns":4.0},{"damage":2.0,"enemies":"2 Fungi Beasts","floor":10.0,"turns":4.0},{"damage":5.0,"enemies":"3 Sentries","floor":11.0,"turns":4.0},{"damage":5.0,"enemies":"Lagavulin","floor":13.0,"turns":6.0},{"damage":0.0,"enemies":"Large Slime","floor":14.0,"turns":4.0},{"damage":14.0,"enemies":"Fading Forest","floor":16.0,"turns":11.0},{"damage":9.0,"enemies":"Shell Parasite","floor":18.0,"turns":5.0},{"damage":9.0,"enemies":"2 Thieves","floor":19.0,"turns":4.0},{"damage":22.0,"enemies":"conspire:MimicChest","floor":21.0,"turns":5.0},{"damage":33,"enemies":"Slavers","floor":23,"turns":4}],"seed_played":"2634009897606542667","potions_obtained":[{"floor":5.0,"key":"AttackPotion"},{"floor":6.0,"key":"Languid Potion"},{"floor":7.0,"key":"Toxic Potion"},{"floor":14.0,"key":"Block Potion"},{"floor":16.0,"key":"Adrenaline Potion"},{"floor":18.0,"key":"Milkshake"},{"floor":19.0,"key":"SkillPotion"},{"floor":21.0,"key":"Elixir"}],"is_trial":false,"path_per_floor":["M","?","$","?","M","E","M","?","T","M","E","$","E","M","R","B",null,"M","M","?","?","$","E"],"character_chosen":"THE_SILENT","items_purchased":["PiercingWail+1","Snake Skull","Membership Card","ReplayTheSpireMod:The Works+1","ReplayTheSpireMod:Brewmster","Blind+1"],"campfire_rested":0,"item_purchase_floors":[3,12,22,22,22,22],"current_hp_per_floor":[70,70,70,55,48,33,23,23,23,21,16,16,11,11,11,19,70,61,52,52,30,30,0,0],"gold":60,"neow_bonus":"THREE_RARE_CARDS","is_daily":false,"chose_seed":false,"campfire_upgraded":0,"win_rate":0.0,"timestamp":1612612955,"path_taken":["M","?","?","?","M","E","M","?","T","M","E","$","E","M","R","BOSS","M","M","?","?","?","E"],"items_purchased_type":["Card","Relic","Relic","Card","Card","Card"],"build_version":"2020-12-22","purchased_purges":2,"victory":false,"max_hp_per_floor":[70,70,70,70,70,70,70,70,70,70,70,70,70,70,70,70,70,70,70,70,70,70,70,70],"card_choices":[{"not_picked":[],"picked":"EpicFetus","floor":0.0},{"not_picked":[],"picked":"EpicFetus","floor":0.0},{"not_picked":["Night Terror","Wraith Form v2"],"picked":"Doppelganger","floor":0.0},{"not_picked":["Bane","conspire:PoisonWeapons"],"picked":"Poisoned Stab","floor":1.0},{"not_picked":["Masterful Stab","Dagger Throw"],"picked":"Bomb","floor":5.0},{"not_picked":["Dagger Throw","Underhanded Strike"],"picked":"Backflip+1","floor":6.0},{"not_picked":["Underhanded Strike","Dagger Spray"],"picked":"ReplayTheSpireMod:Scrap Shanks","floor":7.0},{"not_picked":["Acrobatics+1","Noxious Fumes"],"picked":"Blur+1","floor":10.0},{"not_picked":["Blade Dance+1","Eviscerate"],"picked":"ReplayTheSpireMod:Tripwire+1","floor":11.0},{"not_picked":["PiercingWail+1","conspire:PoisonWeapons+1"],"picked":"Crippling Poison+1","floor":13.0},{"not_picked":["Slice","Prepared+1"],"picked":"Caltrops","floor":14.0},{"not_picked":["Storm of Steel+1","Atom Bomb"],"picked":"Poison Darts+1","floor":16.0},{"not_picked":["Underhanded Strike","Outmaneuver+1"],"picked":"Calculated Gamble+1","floor":18.0},{"not_picked":["Underhanded Strike","Calculated Gamble+1"],"picked":"Blade Dance+1","floor":19.0},{"not_picked":["Flying Knee","Calculated Gamble+1"],"picked":"Hidden Blade+1","floor":21.0}],"player_experience":133218,"relics_obtained":[{"floor":6.0,"key":"DemoMod:LamentConfigurum"},{"floor":11.0,"key":"Potion Belt"},{"floor":13.0,"key":"White Beast Statue"},{"floor":21.0,"key":"Pet Ghost"}],"event_choices":[{"damage_healed":0.0,"max_hp_gain":0.0,"max_hp_loss":0.0,"gold_gain":0.0,"event_name":"Big Fish","player_choice":"Box","floor":8.0,"gold_loss":0.0,"damage_taken":0.0,"relics_obtained":["DemoMod:WhiteGuonStone"],"cards_obtained":["Regret"]},{"damage_healed":0.0,"max_hp_gain":0.0,"max_hp_loss":0.0,"gold_gain":0.0,"event_name":"Back to Basics","player_choice":"Simplicity","floor":20.0,"gold_loss":0.0,"damage_taken":0.0,"cards_upgraded":["Strike_G","Strike_G","Strike_G","Strike_G","Strike_G","Defend_G","Defend_G","Defend_G","Defend_G","Defend_G","Strike_Remiria"]}],"is_beta":false,"boss_relics":[{"not_picked":["Ring of Chaos","Sozu"],"picked":"Abe\u0027s Treasure"},{"not_picked":[]}],"items_purged_floors":[3,22],"is_endless":false,"potions_floor_spawned":[5,6,7,14,16,18,19,21],"killed_by":"Slavers","ascension_level":4}}