{"host":"3y2rtlgteqp2nuo3","time":1612608795,"event":{"mods":["2.2 Compatiblity","AchievementEnabler","BaseMod","Colored Map","DeckTracker","Highlight Path","Keyboard Shortcuts","Minty Spire (QoL Compilation)","Permanent Neow","Quick Restart","StSLib","SuperFastMode","everything is the same but u backflip on backflip"],"gold_per_floor":[119,138,138,152,163,163,189,189,189,32,50,50,50,80,80,154,154,173,173,185,66,66,66],"floor_reached":22,"language":"KOR","playtime":525,"items_purged":["Strike_G"],"score":359,"play_id":"cb4024bc-6eb8-460c-8bc4-3fdd793e5028","local_time":"20210206195315","is_ascension_mode":true,"campfire_choices":[{"data":"Deadly Poison","floor":6.0,"key":"SMITH"},{"floor":8.0,"key":"REST"},{"data":"Poisoned Stab","floor":12.0,"key":"SMITH"},{"data":"Catalyst","floor":15.0,"key":"SMITH"}],"circlet_count":0,"master_deck":["AscendersBane","Strike_G","Strike_G","Strike_G","Defend_G","Defend_G","Defend_G","Defend_G","Defend_G","Survivor","Neutralize","Deep Breath","Deadly Poison+1","Outmaneuver","Doppelganger","Dash","Poisoned Stab+1","Catalyst+1","Leg Sweep","Corpse Explosion","Prepared","Catalyst+1","Outmaneuver+1","Noxious Fumes"],"relics":["Ring of the Snake","Mercury Hourglass","Blue Candle","Lee\u0027s Waffle","Tiny Chest","Cursed Key"],"acts_visited":["Exordium","TheCity"],"potions_floor_usage":[22,22],"damage_taken":[{"damage":7.0,"enemies":"Cultist","floor":1.0,"turns":5.0},{"damage":3.0,"enemies":"2 Louse","floor":2.0,"turns":3.0},{"damage":4.0,"enemies":"Small Slimes","floor":4.0,"turns":5.0},{"damage":10.0,"enemies":"Gremlin Gang","floor":5.0,"turns":6.0},{"damage":21.0,"enemies":"Lagavulin","floor":7.0,"turns":7.0},{"damage":0.0,"enemies":"Blue Slaver","floor":11.0,"turns":3.0},{"damage":25.0,"enemies":"3 Sentries","floor":14.0,"turns":6.0},{"damage":35.0,"enemies":"The Guardian","floor":16.0,"turns":7.0},{"damage":11.0,"enemies":"Shell Parasite","floor":18.0,"turns":7.0},{"damage":17.0,"enemies":"2 Thieves","floor":20.0,"turns":5.0},{"damage":30,"enemies":"Sentry and Sphere","floor":22,"turns":5}],"seed_played":"8568530181861682948","potions_obtained":[{"floor":4.0,"key":"Energy Potion"},{"floor":5.0,"key":"Ancient Potion"},{"floor":7.0,"key":"ColorlessPotion"}],"is_trial":false,"path_per_floor":["M","M","?","M","M","R","E","R","T","$","M","R","?","E","R","B",null,"M","?","M","$","M"],"character_chosen":"THE_SILENT","items_purchased":["Lee\u0027s Waffle","Noxious Fumes"],"campfire_rested":1,"item_purchase_floors":[10,21],"current_hp_per_floor":[52,49,49,45,35,35,14,33,33,73,73,73,73,48,48,13,58,47,47,30,30,0,0],"gold":66,"neow_bonus":"RANDOM_COLORLESS","is_daily":false,"chose_seed":false,"campfire_upgraded":3,"win_rate":0.0,"timestamp":1612608795,"path_taken":["M","M","?","M","M","R","E","R","T","$","?","R","?","E","R","BOSS","M","?","M","$","M"],"items_purchased_type":["Relic","Card"],"build_version":"2020-12-22","purchased_purges":1,"victory":false,"max_hp_per_floor":[66,66,66,66,66,66,66,66,66,73,73,73,73,73,73,73,73,73,73,73,73,73,73],"card_choices":[{"not_picked":["Panacea","Enlightenment"],"picked":"Deep Breath","floor":0.0},{"not_picked":["Blade Dance","Dagger Spray"],"picked":"Deadly Poison","floor":1.0},{"not_picked":["Slice","Flying Knee"],"picked":"Outmaneuver","floor":2.0},{"not_picked":["Heel Hook","Flying Knee"],"picked":"Dash","floor":4.0},{"not_picked":["Outmaneuver","Escape Plan"],"picked":"Poisoned Stab","floor":5.0},{"not_picked":["Glass Knife","Poisoned Stab"],"picked":"Catalyst","floor":7.0},{"not_picked":["Flechettes","Poisoned Stab"],"picked":"Leg Sweep","floor":11.0},{"not_picked":["Distraction","Cloak And Dagger","Outmaneuver"],"picked":"SKIP","floor":14.0},{"not_picked":["Bullet Time","Doppelganger"],"picked":"Corpse Explosion","floor":16.0},{"not_picked":["Bane","Poisoned Stab"],"picked":"Prepared","floor":18.0},{"not_picked":["Prepared","Underhanded Strike"],"picked":"Outmaneuver+1","floor":20.0}],"player_experience":761606,"relics_obtained":[{"floor":7.0,"key":"Mercury Hourglass"},{"floor":9.0,"key":"Blue Candle"},{"floor":14.0,"key":"Tiny Chest"}],"event_choices":[{"damage_healed":0.0,"max_hp_gain":0.0,"max_hp_loss":0.0,"gold_gain":0.0,"cards_transformed":["Strike_G"],"event_name":"Transmorgrifier","player_choice":"Transformed","floor":3.0,"gold_loss":0.0,"damage_taken":0.0,"cards_obtained":["Doppelganger"]},{"damage_healed":0.0,"max_hp_gain":0.0,"max_hp_loss":0.0,"gold_gain":0.0,"event_name":"The Cleric","player_choice":"Leave","floor":13.0,"gold_loss":0.0,"damage_taken":0.0},{"damage_healed":0.0,"max_hp_gain":0.0,"max_hp_loss":0.0,"gold_gain":0.0,"event_name":"Duplicator","player_choice":"Copied","floor":19.0,"gold_loss":0.0,"damage_taken":0.0,"cards_obtained":["Catalyst"]}],"is_beta":false,"boss_relics":[{"not_picked":["Coffee Dripper","Astrolabe"],"picked":"Cursed Key"}],"items_purged_floors":[21],"is_endless":false,"potions_floor_spawned":[4,5,7,16,18],"killed_by":"Sentry and Sphere","ascension_level":17}}