{"host":"syozzdlzcqop4jia","time":1612648661,"event":{"mods":["BaseMod","Colored Map","Colored Powertips","Minty Spire (QoL Compilation)","Quick Restart"],"gold_per_floor":[116,135,146,65,82,117,117,127,175,175,175,189,208,208,208,310,310,328,328,328],"floor_reached":19,"language":"ENG","playtime":1131,"items_purged":[],"score":214,"play_id":"49b9e70b-bdba-44ba-a7a6-d86e4631cee3","local_time":"20210206225741","is_ascension_mode":true,"campfire_choices":[{"floor":7,"key":"REST"},{"data":"Flex","floor":11,"key":"SMITH"},{"data":"Limit Break","floor":15,"key":"SMITH"}],"circlet_count":0,"master_deck":["Strike_R","Strike_R","Strike_R","Strike_R","Strike_R","Defend_R","Defend_R","Defend_R","Defend_R","Bash","Flex","Heavy Blade","Anger","Demon Form","Flex","Pummel","Flex+1","Spot Weakness","Limit Break+1","Wild Strike","Fiend Fire","Pummel"],"relics":["Burning Blood","Gambling Chip","Happy Flower","Philosopher\u0027s Stone"],"acts_visited":["Exordium","TheCity"],"potions_floor_usage":[6,19],"damage_taken":[{"damage":6,"enemies":"Cultist","floor":1,"turns":4},{"damage":7,"enemies":"Jaw Worm","floor":2,"turns":3},{"damage":7,"enemies":"Small Slimes","floor":3,"turns":3},{"damage":14,"enemies":"3 Louse","floor":5,"turns":3},{"damage":42,"enemies":"Gremlin Nob","floor":6,"turns":4},{"damage":13,"enemies":"Blue Slaver","floor":8,"turns":3},{"damage":7,"enemies":"Exordium Thugs","floor":12,"turns":3},{"damage":7,"enemies":"Exordium Wildlife","floor":13,"turns":3},{"damage":58,"enemies":"Slime Boss","floor":16,"turns":13},{"damage":32,"enemies":"Shell Parasite","floor":18,"turns":4},{"damage":51,"enemies":"Masked Bandits","floor":19,"turns":3}],"seed_played":"7158898214726049122","potions_obtained":[{"floor":3,"key":"Weak Potion"},{"floor":5,"key":"Strength Potion"},{"floor":6,"key":"Block Potion"},{"floor":12,"key":"AttackPotion"}],"is_trial":false,"path_per_floor":["M","M","M","$","M","E","R","M","T","?","R","M","M","?","R","B",null,"M","?"],"character_chosen":"IRONCLAD","items_purchased":["Flex","Pummel"],"campfire_rested":1,"item_purchase_floors":[4,4],"current_hp_per_floor":[80,79,78,78,70,34,58,51,51,80,80,79,78,83,83,31,72,46,0,0],"gold":328,"neow_bonus":"THREE_CARDS","is_daily":false,"chose_seed":false,"campfire_upgraded":2,"win_rate":0.0,"timestamp":1612648661,"path_taken":["M","?","M","$","M","E","R","M","T","?","R","M","?","?","R","BOSS","M","?"],"items_purchased_type":["Card","Card"],"build_version":"2020-12-22","purchased_purges":0,"victory":false,"max_hp_per_floor":[80,80,80,80,80,80,80,80,80,80,80,80,80,85,85,85,85,85,85,85],"card_choices":[{"not_picked":["Warcry","Rupture"],"picked":"Flex","floor":0},{"not_picked":["Body Slam","Twin Strike"],"picked":"Heavy Blade","floor":1},{"not_picked":["Rupture","Ghostly Armor"],"picked":"Anger","floor":2},{"not_picked":["Bloodletting","Ghostly Armor"],"picked":"Demon Form","floor":3},{"not_picked":["True Grit","Warcry"],"picked":"Flex","floor":5},{"not_picked":["Sever Soul","Warcry","Armaments"],"picked":"SKIP","floor":6},{"not_picked":["Searing Blow","Second Wind"],"picked":"Spot Weakness","floor":8},{"not_picked":["Feel No Pain","Clash"],"picked":"Limit Break","floor":12},{"not_picked":["Reckless Charge","Warcry"],"picked":"Wild Strike","floor":13},{"not_picked":["Feed","Double Tap"],"picked":"Fiend Fire","floor":16},{"not_picked":["Evolve+1","Seeing Red"],"picked":"Pummel","floor":18}],"player_experience":568299,"relics_obtained":[{"floor":6,"key":"Gambling Chip"},{"floor":9,"key":"Happy Flower"}],"event_choices":[{"damage_healed":29,"gold_gain":0,"player_choice":"Full Heal","damage_taken":0,"max_hp_gain":0,"max_hp_loss":0,"event_name":"Wheel of Change","floor":10,"gold_loss":0},{"damage_healed":0,"gold_gain":0,"player_choice":"Donut","damage_taken":0,"max_hp_gain":5,"max_hp_loss":0,"event_name":"Big Fish","floor":14,"gold_loss":0},{"damage_healed":0,"gold_gain":0,"player_choice":"Fought Bandits","damage_taken":0,"max_hp_gain":0,"max_hp_loss":0,"event_name":"Masked Bandits","floor":19,"gold_loss":0}],"is_beta":false,"boss_relics":[{"not_picked":["SlaversCollar","Busted Crown"],"picked":"Philosopher\u0027s Stone"}],"items_purged_floors":[],"is_endless":false,"potions_floor_spawned":[3,5,6,12,13,16],"killed_by":"Masked Bandits","ascension_level":5}}