{"host":"bx54wbx1b8s5cm4v","time":1612592258,"event":{"mods":["BaseMod","Beaked The Cultist","GifTheSpireLib","Hubris","Marisa????????","Minty Spire (QoL Compilation)","StSLib","The Blackbeard","The Bladedancer","The Cursed","The Disciple","The Druid","The Forsaken","The Necromancer","The Runesmith","The Servant 0.9.4","TheBandit"],"gold_per_floor":[116,116,41,216,216,216,246,246,246,260,260,277,311,325,325,428,428,442,442,457,471,471,471,471,471,471,59,59,71,71,90,90,193,193,205,215,230,49,49,66,66,91,91,91,91,101,9,34,34,34,34],"floor_reached":50,"language":"ENG","playtime":2226,"items_purged":["Regret","Writhe"],"score":608,"play_id":"26f65d1c-6213-47a1-946c-b712e369a039","local_time":"20210206031738","is_ascension_mode":false,"campfire_choices":[{"data":"Predator","floor":6,"key":"SMITH"},{"data":"Distraction","floor":15,"key":"SMITH"},{"data":"RitualDagger","floor":23,"key":"SMITH"},{"data":"Neutralize","floor":25,"key":"SMITH"},{"floor":32,"key":"REST"},{"data":"Apotheosis","floor":41,"key":"SMITH"},{"floor":45,"key":"REST"},{"floor":49,"key":"REST"}],"circlet_count":0,"master_deck":["Strike_G","Strike_G","Strike_G","Strike_G","Defend_G","Defend_G","Defend_G","Defend_G","Defend_G","Survivor","Neutralize+1","Predator+1","Die Die Die","Dagger Spray","Dagger Throw","Distraction+1","Envenom+1","Calculated Gamble","RitualDagger+1","Prepared+1","Finisher+1","Master of Strategy","Backstab","Mind Blast","hubris:NaturalOne","Footwork+1","A Thousand Cuts","Escape Plan","PiercingWail+1","Wraith","Prepared+1","hubris:DuctTapeCard","Swift Strike","Sucker Punch","Flash of Steel"],"relics":["Ring of the Serpent","Happy Flower","Blood Vial","Runesmith:Nanobots","hubris:AncientText","Bag of Marbles","beaked:ShinyBauble","Pear","theForsaken:Gavel","hubris:Icosahedron","hubris:HollowSoul","Vajra","hubris:DuctTape","Potion Belt"],"acts_visited":["Exordium","TheCity","TheBeyond"],"potions_floor_usage":[33,42,46,50],"damage_taken":[{"damage":1,"enemies":"Cultist","floor":1,"turns":5},{"damage":10,"enemies":"Gremlin Nob","floor":7,"turns":4},{"damage":0,"enemies":"Small Slimes","floor":10,"turns":1},{"damage":0,"enemies":"2 Louse","floor":12,"turns":1},{"damage":0,"enemies":"3 Sentries","floor":13,"turns":3},{"damage":0,"enemies":"2 Fungi Beasts","floor":14,"turns":1},{"damage":12,"enemies":"Slime Boss","floor":16,"turns":8},{"damage":5,"enemies":"Spheric Guardian","floor":18,"turns":3},{"damage":0,"enemies":"Chosen","floor":20,"turns":3},{"damage":18,"enemies":"Centurion and Healer","floor":21,"turns":6},{"damage":16,"enemies":"Snecko","floor":29,"turns":6},{"damage":14,"enemies":"Snake Plant","floor":31,"turns":2},{"damage":24,"enemies":"Collector","floor":33,"turns":6},{"damage":0,"enemies":"3 Darklings","floor":35,"turns":2},{"damage":6,"enemies":"3 Shapes","floor":36,"turns":1},{"damage":13,"enemies":"Spire Growth","floor":37,"turns":4},{"damage":16,"enemies":"Sphere and 2 Shapes","floor":40,"turns":3},{"damage":49,"enemies":"Nemesis","floor":42,"turns":6},{"damage":20,"enemies":"Transient","floor":46,"turns":5},{"damage":10,"enemies":"Giant Head","floor":48,"turns":6},{"damage":20,"enemies":"hubris:GrandSnecko","floor":50,"turns":6}],"seed_played":"2933274505084527079","potions_obtained":[{"floor":7,"key":"DuplicationPotion"},{"floor":10,"key":"Energy Potion"},{"floor":12,"key":"SmokeBomb"},{"floor":16,"key":"Regen Potion"},{"floor":33,"key":"Energy Potion"},{"floor":35,"key":"Strength Potion"}],"is_trial":false,"path_per_floor":["M","?","$","?","?","R","E","?","T","M","?","M","E","M","R","B",null,"M","?","M","M","?","R","?","R","T","$","?","M","?","M","R","B",null,"M","M","M","$","?","M","R","E","T","?","R","M","$","E","R","B"],"character_chosen":"THE_SILENT","items_purchased":["theForsaken:Gavel","Master of Strategy","Apotheosis","Flash of Steel"],"campfire_rested":3,"item_purchase_floors":[27,27,38,47],"current_hp_per_floor":[76,76,76,76,76,76,66,63,63,65,65,67,69,71,71,61,77,72,66,68,52,52,52,52,52,62,62,62,48,36,24,50,28,87,87,81,70,70,70,56,56,9,9,9,35,17,17,9,35,0,0],"gold":34,"neow_bonus":"TEN_PERCENT_HP_BONUS","is_daily":false,"chose_seed":false,"campfire_upgraded":5,"win_rate":0.0,"timestamp":1612592258,"path_taken":["M","?","$","?","?","R","E","?","T","?","?","M","E","?","R","BOSS","M","?","M","M","?","R","?","R","T","$","?","?","?","M","R","BOSS","M","M","M","$","?","M","R","E","T","?","R","M","$","E","R","BOSS"],"items_purchased_type":["Relic","Card","Card","Card"],"build_version":"2020-12-22","purchased_purges":2,"victory":false,"max_hp_per_floor":[77,77,77,77,77,77,77,77,77,77,77,77,77,77,77,77,77,77,77,77,77,77,77,77,77,87,87,87,87,87,87,87,87,87,87,87,87,87,87,87,87,87,87,87,87,87,87,87,87,87,87],"card_choices":[{"not_picked":["Slice","Underhanded Strike"],"picked":"Predator","floor":1},{"not_picked":["Dash","Eviscerate"],"picked":"Die Die Die","floor":7},{"not_picked":["Calculated Gamble","Outmaneuver"],"picked":"Dagger Spray","floor":10},{"not_picked":["Backflip","Slice"],"picked":"Distraction","floor":12},{"not_picked":["Dodge and Roll","Night Terror","Endless Agony"],"picked":"SKIP","floor":13},{"not_picked":["Quick Slash","Acrobatics","hubris:SlightOfHand"],"picked":"SKIP","floor":14},{"not_picked":["Tools of the Trade","Unload"],"picked":"Envenom","floor":16},{"not_picked":["Deflect+1","Expertise+1"],"picked":"Calculated Gamble","floor":18},{"not_picked":["Slice+1","Dodge and Roll"],"picked":"Prepared+1","floor":20},{"not_picked":["Infinite Blades","Flying Knee+1"],"picked":"Finisher+1","floor":21},{"not_picked":["Noxious Fumes","Distraction"],"picked":"Backstab","floor":29},{"not_picked":["Acrobatics","Dash"],"picked":"Footwork+1","floor":31},{"not_picked":["Burst","Malaise"],"picked":"A Thousand Cuts","floor":33},{"not_picked":["Underhanded Strike+1","Dodge and Roll+1"],"picked":"Escape Plan","floor":35},{"not_picked":["Sucker Punch","Slice+1"],"picked":"PiercingWail+1","floor":36},{"not_picked":["PiercingWail+1","Blur"],"picked":"Backstab","floor":37},{"not_picked":["Deflect","Dagger Throw"],"picked":"Prepared+1","floor":40},{"not_picked":["Quick Slash","Outmaneuver+1","Heel Hook"],"picked":"SKIP","floor":42},{"not_picked":["hubris:Ssssneak","Magnetism"],"picked":"Swift Strike","floor":44},{"not_picked":["Dodge and Roll+1","Deadly Poison+1"],"picked":"Sucker Punch","floor":46},{"not_picked":["Outmaneuver+1","Slice","PiercingWail"],"picked":"SKIP","floor":48}],"player_experience":21912,"relics_obtained":[{"floor":7,"key":"Blood Vial"},{"floor":9,"key":"hubris:AncientText"},{"floor":13,"key":"Bag of Marbles"},{"floor":26,"key":"Pear"},{"floor":42,"key":"Vajra"},{"floor":43,"key":"hubris:DuctTape"},{"floor":48,"key":"Potion Belt"}],"event_choices":[{"damage_healed":0,"gold_gain":0,"player_choice":"Box","damage_taken":0,"relics_obtained":["Happy Flower"],"max_hp_gain":0,"max_hp_loss":0,"event_name":"Big Fish","floor":2,"gold_loss":0,"cards_obtained":["Regret"]},{"damage_healed":0,"gold_gain":175,"player_choice":"AGREE","damage_taken":0,"max_hp_gain":0,"max_hp_loss":0,"event_name":"Liars Game","floor":4,"gold_loss":0,"cards_obtained":["Doubt"]},{"cards_removed":["Doubt"],"damage_healed":0,"gold_gain":0,"player_choice":"Forget","damage_taken":0,"max_hp_gain":0,"max_hp_loss":0,"event_name":"Living Wall","floor":5,"gold_loss":0},{"damage_healed":0,"gold_gain":0,"player_choice":"Success","damage_taken":3,"relics_obtained":["Runesmith:Nanobots"],"max_hp_gain":0,"max_hp_loss":0,"event_name":"Scrap Ooze","floor":8,"gold_loss":0},{"damage_healed":0,"gold_gain":0,"cards_transformed":["Strike_G"],"player_choice":"Transformed","damage_taken":0,"max_hp_gain":0,"max_hp_loss":0,"event_name":"Transmorgrifier","floor":11,"gold_loss":0,"cards_obtained":["Dagger Throw"]},{"damage_healed":0,"gold_gain":0,"player_choice":"Joined the Cult","damage_taken":6,"max_hp_gain":0,"max_hp_loss":0,"event_name":"Nest","floor":19,"gold_loss":0,"cards_obtained":["RitualDagger"]},{"damage_healed":0,"gold_gain":0,"player_choice":"Opened","damage_taken":0,"relics_obtained":["beaked:ShinyBauble"],"max_hp_gain":0,"max_hp_loss":0,"event_name":"The Mausoleum","floor":24,"gold_loss":0,"cards_obtained":["Writhe"]},{"damage_healed":0,"gold_gain":0,"player_choice":"CARD ","damage_taken":12,"max_hp_gain":0,"max_hp_loss":0,"event_name":"Knowing Skull","floor":30,"potions_obtained":[],"gold_loss":0,"cards_obtained":["Mind Blast"]},{"damage_healed":0,"gold_gain":0,"player_choice":"Ignored","damage_taken":0,"max_hp_gain":0,"max_hp_loss":0,"event_name":"OrinTheCat","floor":39,"gold_loss":0},{"damage_healed":0,"gold_gain":0,"player_choice":"Memory 1","damage_taken":0,"max_hp_gain":0,"max_hp_loss":0,"event_name":"SensoryStone","floor":44,"gold_loss":0}],"is_beta":false,"boss_relics":[{"not_picked":["Runic Pyramid","Empty Cage"],"picked":"Ring of the Serpent"},{"not_picked":["Astrolabe","Velvet Choker"],"picked":"hubris:HollowSoul"}],"items_purged_floors":[3,27],"is_endless":false,"potions_floor_spawned":[7,10,12,14,16,29,33,35,40],"killed_by":"hubris:GrandSnecko","ascension_level":0}}