{"host":"bvp2uifzy1c463d9","time":1612598394,"event":{"mods":["AchievementEnabler","BaseMod","Block Reminder","ChefMod","Colored Map","Colored Powertips","Hermit","Highlight Path","Infinite Spire","Minty Spire (QoL Compilation)","Random Character Button","Relic Sorter","Relic Stats","Reliquary","Replay The Spire","StSLib","The Jungle","The Servant 0.9.4"],"gold_per_floor":[112,126,143,143,20,45,57,84,108,108,126,155,155,180,180,281,281,294,194,208,208,223,223,223,251,302,320,355,370,370,382,382,485,485,496,506,525,525,525,525,525,525,604,604,629,646,92,92,92,92],"floor_reached":51,"language":"ENG","playtime":5691,"items_purged":["hermit:Strike_Hermit","hermit:Defend_Hermit","hermit:Strike_Hermit"],"score":622,"play_id":"f5b005e5-cf78-416e-8cf0-c466eb077d56","local_time":"20210206015954","is_ascension_mode":true,"campfire_choices":[{"data":"hermit:CalledShot","floor":13,"key":"SMITH"},{"data":"hermit:Vantage","floor":15,"key":"SMITH"},{"data":"hermit:Dissolve","floor":23,"key":"SMITH"},{"data":"hermit:Roughhouse","floor":30,"key":"SMITH"},{"data":"hermit:TakeAim","floor":40,"key":"SMITH"},{"data":"RitualDagger","floor":42,"key":"SMITH"},{"floor":49,"key":"REST"}],"circlet_count":0,"master_deck":["hermit:Strike_Hermit","hermit:Strike_Hermit","hermit:Defend_Hermit","hermit:Defend_Hermit","hermit:Snapshot","hermit:Covet","hermit:TrackingShot+1","hermit:Ricochet","hermit:Combo","hermit:Dive+1","hermit:TrackingShot","hermit:CalledShot+1","hermit:Glare","hermit:Vantage+1","hermit:Dissolve+1","hermit:TakeAim+1","hermit:Vantage+1","RitualDagger+1","hermit:Roughhouse+1","hermit:BigShot+1","hermit:GhostlyPresence","hermit:TakeAim+1","hermit:Ricochet","hermit:CalledShot+1","hermit:Snipe+1","Writhe","hermit:Headshot+1","hermit:ShadowCloak+1","hermit:ItchyTrigger+1","Pot Of Greed","Pot Of Greed","Pot Of Greed","hermit:TrackingShot"],"relics":["hermit:Momento","reliquary:RoseTintedGlasses","infinitespire:PuzzleCube","Replay:Wax Seal","Toy Ornithopter","Meat on the Bone","Oddly Smooth Stone","ChewingGum","infinitespire:WardingShard","Anchor","Dream Catcher","hermit:DentedPlate","reliquary:Aerogel","ReplayTheSpireMod:Ring of Exchange","Ring of Misfortune","Mirror","Gremlin Food","Iron Hammer","Lee\u0027s Waffle","Grinning Jar"],"acts_visited":["Exordium","TheCity","TheBeyond"],"potions_floor_usage":[7,14,16,50],"damage_taken":[{"damage":1,"enemies":"Jaw Worm","floor":1,"turns":3},{"damage":0,"enemies":"Small Slimes","floor":2,"turns":2},{"damage":1,"enemies":"Cultist","floor":3,"turns":3},{"damage":5,"enemies":"Replay:BlueRogue","floor":6,"turns":6},{"damage":0,"enemies":"Blue Slaver","floor":7,"turns":2},{"damage":26,"enemies":"Lagavulin","floor":8,"turns":6},{"damage":7,"enemies":"2 Fungi Beasts","floor":11,"turns":3},{"damage":14,"enemies":"Gremlin Nob","floor":12,"turns":3},{"damage":5,"enemies":"3 Sentries","floor":14,"turns":7},{"damage":26,"enemies":"Fading Forest","floor":16,"turns":11},{"damage":0,"enemies":"Chosen","floor":18,"turns":4},{"damage":10,"enemies":"Spheric Guardian","floor":20,"turns":4},{"damage":0,"enemies":"Snecko","floor":22,"turns":5},{"damage":7,"enemies":"Replay:Snechameleon","floor":25,"turns":10},{"damage":20,"enemies":"Chosen and Byrds","floor":27,"turns":9},{"damage":17,"enemies":"Gremlin Leader","floor":28,"turns":9},{"damage":9,"enemies":"Sentry and Sphere","floor":29,"turns":7},{"damage":10,"enemies":"Snake Plant","floor":31,"turns":3},{"damage":40,"enemies":"Collector","floor":33,"turns":9},{"damage":19,"enemies":"3 Shapes","floor":35,"turns":7},{"damage":34,"enemies":"3 Darklings","floor":36,"turns":5},{"damage":21,"enemies":"Writhing Mass","floor":37,"turns":7},{"damage":17,"enemies":"Reptomancer","floor":45,"turns":9},{"damage":0,"enemies":"Maw","floor":46,"turns":9},{"damage":33,"enemies":"Replay:Hell Engine","floor":50,"turns":16}],"seed_played":"-3338421200632940176","potions_obtained":[{"floor":1,"key":"Cursed Concoction"},{"floor":2,"key":"Fire Potion"},{"floor":3,"key":"LiquidMemories"},{"floor":12,"key":"Toxic Potion"},{"floor":20,"key":"Elixir"},{"floor":25,"key":"Languid Potion"},{"floor":27,"key":"Fire Potion"}],"is_trial":false,"path_per_floor":["M","M","M","?","$","E","M","E","T","?","M","E","R","E","R","B",null,"M","$","M","?","M","R","?","E","T","M","E","M","R","M","R_BF","B",null,"M","M","M","AVR","?","R","?","R","T","?","E","M","$","?","R","B",null],"character_chosen":"HERMIT","items_purchased":["hermit:Dive","Iron Hammer","Lee\u0027s Waffle","Grinning Jar"],"campfire_rested":1,"item_purchase_floors":[5,47,47,47],"current_hp_per_floor":[74,74,73,73,73,68,68,42,42,42,35,21,21,33,33,30,75,75,75,65,65,65,65,59,52,52,44,39,42,42,44,66,38,70,63,41,32,32,59,59,59,59,59,59,54,54,114,114,114,81],"gold":92,"neow_bonus":"THREE_CARDS","is_daily":false,"chose_seed":false,"campfire_upgraded":6,"win_rate":0.0,"timestamp":1612598394,"path_taken":["M","M","M","?","$","E","M","E","T","?","M","E","R","E","R","BOSS","M","$","M","?","M","R","?","E","T","M","E","M","R","M","R_BF","BOSS","M","M","M","AVR","?","R","?","R","T","?","E","?","$","?","R","BOSS"],"items_purchased_type":["Card","Relic","Relic","Relic"],"build_version":"2020-12-22","purchased_purges":3,"victory":true,"max_hp_per_floor":[75,75,75,75,75,75,75,75,75,75,75,75,75,75,75,75,75,75,75,75,75,75,75,75,75,75,75,75,75,75,75,75,75,107,107,107,107,107,107,107,107,107,107,107,107,107,114,114,114,114],"relic_stats":{"Dream Catcher":2,"Lee\u0027s Waffle":60,"counters":[25,159],"obtain_stats":[{"Gremlin Food":45,"ReplayTheSpireMod:Ring of Exchange":41,"Lee\u0027s Waffle":47,"hermit:DentedPlate":34,"reliquary:Aerogel":38,"Oddly Smooth Stone":14,"Anchor":26,"Dream Catcher":28,"infinitespire:WardingShard":25,"Ring of Misfortune":41,"ChewingGum":17,"reliquary:RoseTintedGlasses":4,"Iron Hammer":47,"Replay:Wax Seal":8,"Grinning Jar":47,"Mirror":43,"hermit:Momento":0,"infinitespire:PuzzleCube":6,"Toy Ornithopter":9,"Meat on the Bone":12},{"Gremlin Food":23,"ReplayTheSpireMod:Ring of Exchange":22,"Lee\u0027s Waffle":24,"hermit:DentedPlate":19,"reliquary:Aerogel":22,"Oddly Smooth Stone":9,"Anchor":14,"Dream Catcher":16,"infinitespire:WardingShard":14,"Ring of Misfortune":22,"ChewingGum":10,"reliquary:RoseTintedGlasses":3,"Iron Hammer":24,"Replay:Wax Seal":6,"Grinning Jar":24,"Mirror":22,"hermit:Momento":0,"infinitespire:PuzzleCube":4,"Toy Ornithopter":6,"Meat on the Bone":8},{"Gremlin Food":134,"ReplayTheSpireMod:Ring of Exchange":125,"Lee\u0027s Waffle":143,"hermit:DentedPlate":106,"reliquary:Aerogel":125,"Oddly Smooth Stone":35,"Anchor":69,"Dream Catcher":87,"infinitespire:WardingShard":69,"Ring of Misfortune":125,"ChewingGum":46,"reliquary:RoseTintedGlasses":8,"Iron Hammer":143,"Replay:Wax Seal":22,"Grinning Jar":143,"Mirror":125,"hermit:Momento":0,"infinitespire:PuzzleCube":14,"Toy Ornithopter":22,"Meat on the Bone":28}],"Toy Ornithopter":10,"Meat on the Bone":132},"card_choices":[{"not_picked":["hermit:ShadowCloak","hermit:Ricochet"],"picked":"hermit:TrackingShot","floor":0},{"not_picked":["hermit:TrackingShot","hermit:Roulette"],"picked":"hermit:Ricochet","floor":1},{"not_picked":["hermit:Virtue","hermit:Misfire"],"picked":"hermit:Combo","floor":2},{"not_picked":["hermit:Manifest","hermit:ItchyTrigger"],"picked":"hermit:Enervate","floor":3},{"not_picked":["hermit:HoleUp","hermit:ItchyTrigger"],"picked":"hermit:TrackingShot","floor":6},{"not_picked":["hermit:Brawl","hermit:Enervate"],"picked":"hermit:CalledShot","floor":7},{"not_picked":["hermit:Desperado","hermit:CursedWeapon"],"picked":"hermit:Glare","floor":8},{"not_picked":["hermit:BodyArmor","hermit:Maintenance","hermit:Glare"],"picked":"SKIP","floor":11},{"not_picked":["hermit:Feint","hermit:FromBeyond","hermit:HighNoon"],"picked":"SKIP","floor":12},{"not_picked":["hermit:Shortfuse","hermit:OverwhelmingPower"],"picked":"hermit:Vantage","floor":14},{"not_picked":["hermit:FinalCanter","hermit:FromBeyond"],"picked":"hermit:Dissolve","floor":16},{"not_picked":["hermit:BodyArmor","hermit:TakeCover+1","hermit:HighCaliber"],"picked":"SKIP","floor":18},{"not_picked":["hermit:Roulette","hermit:Desperado"],"picked":"hermit:TakeAim+1","floor":20},{"not_picked":["hermit:Enervate","hermit:Desperado"],"picked":"hermit:Vantage+1","floor":22},{"not_picked":["hermit:CursedWeapon+1","hermit:FlashPowder"],"picked":"hermit:Roughhouse","floor":25},{"not_picked":["hermit:WideOpen+1","hermit:Feint","hermit:CursedWeapon+1"],"picked":"SKIP","floor":27},{"not_picked":["hermit:Manifest+1","hermit:Midnight"],"picked":"hermit:BigShot+1","floor":28},{"not_picked":["hermit:SprayPray+1","hermit:Desperado+1"],"picked":"hermit:GhostlyPresence","floor":29},{"not_picked":["hermit:Malice","hermit:FinalCanter","hermit:WideOpen"],"picked":"SKIP","floor":31},{"not_picked":["hermit:HoleUp+1","hermit:Malice"],"picked":"hermit:TakeAim","floor":32},{"not_picked":["hermit:CalledShot","hermit:Feint+1"],"picked":"hermit:Ricochet","floor":35},{"not_picked":["hermit:BodyArmor+1","hermit:CursedWeapon+1"],"picked":"hermit:CalledShot+1","floor":36},{"not_picked":["hermit:Misfire","hermit:Virtue"],"picked":"hermit:Snipe+1","floor":37},{"not_picked":["hermit:Shortfuse+1","hermit:ItchyTrigger"],"picked":"hermit:ShadowCloak+1","floor":45},{"not_picked":["hermit:LuckOfTheDraw+1","hermit:Malice"],"picked":"hermit:ItchyTrigger+1","floor":46},{"not_picked":["hermit:Feint","hermit:HighCaliber"],"picked":"hermit:TrackingShot","floor":49}],"player_experience":253745,"relics_obtained":[{"floor":4,"key":"reliquary:RoseTintedGlasses"},{"floor":6,"key":"infinitespire:PuzzleCube"},{"floor":8,"key":"Replay:Wax Seal"},{"floor":9,"key":"Toy Ornithopter"},{"floor":12,"key":"Meat on the Bone"},{"floor":14,"key":"Oddly Smooth Stone"},{"floor":25,"key":"infinitespire:WardingShard"},{"floor":26,"key":"Anchor"},{"floor":28,"key":"Dream Catcher"},{"floor":41,"key":"ReplayTheSpireMod:Ring of Exchange"},{"floor":41,"key":"Ring of Misfortune"},{"floor":43,"key":"Mirror"},{"floor":45,"key":"Gremlin Food"}],"event_choices":[{"damage_healed":0,"gold_gain":0,"player_choice":"Upgraded","damage_taken":0,"max_hp_gain":0,"max_hp_loss":0,"event_name":"Upgrade Shrine","floor":10,"gold_loss":0,"cards_upgraded":["hermit:Dive"]},{"damage_healed":0,"gold_gain":0,"player_choice":"Ignored","damage_taken":0,"max_hp_gain":0,"max_hp_loss":0,"event_name":"Ghosts","floor":21,"gold_loss":0},{"damage_healed":0,"gold_gain":0,"player_choice":"Joined the Cult","damage_taken":6,"max_hp_gain":0,"max_hp_loss":0,"event_name":"Nest","floor":24,"gold_loss":0,"cards_obtained":["RitualDagger"]},{"damage_healed":27,"gold_gain":0,"player_choice":"Writhe","damage_taken":0,"max_hp_gain":0,"max_hp_loss":0,"event_name":"Winding Halls","floor":39,"gold_loss":0,"cards_obtained":["Writhe"]},{"damage_healed":0,"gold_gain":0,"cards_transformed":["hermit:Defend_Hermit"],"player_choice":"Transformed","damage_taken":0,"max_hp_gain":0,"max_hp_loss":0,"event_name":"Transmorgrifier","floor":44,"gold_loss":0,"cards_obtained":["hermit:Headshot"]},{"cards_removed":["hermit:Enervate"],"damage_healed":0,"gold_gain":0,"player_choice":"Removed Attack","damage_taken":0,"max_hp_gain":0,"max_hp_loss":0,"event_name":"Falling","floor":48,"gold_loss":0}],"is_beta":false,"boss_relics":[{"not_picked":["Black Star","Ring of Chaos"],"picked":"ChewingGum"},{"not_picked":["reliquary:RedPaperclip","SacredBark"],"picked":"hermit:DentedPlate"}],"items_purged_floors":[5,19,38],"is_endless":false,"potions_floor_spawned":[1,2,3,12,20,25,27,28,45],"ascension_level":1}}