{"host":"ek3xvuouaw6vk9if","time":1612576240,"event":{"mods":["BaseMod","BetterRewards","Curses Come First","Dark Map","Downfall","Minty Spire (QoL Compilation)","Permanent Neow","Quick Restart","Relic Stats","Replay The Spire","Spire Arcade","StSLib","The Marked"],"gold_per_floor":[111,127,127,127,144,179,179,205,205,205,232,246,52,70,70,174,174,191,23,23,23,23,23,56,56,128,128,159,258,281,302,302,398,398,422,222,242,258,267,296,296,334,385,414,438,438,438,438,438,438],"floor_reached":51,"language":"ENG","playtime":2498,"items_purged":["theMarked:Strike"],"score":1023,"play_id":"9dbfd131-b0d2-4966-9332-6ca51069acae","local_time":"20210205205040","is_ascension_mode":true,"campfire_choices":[{"data":"theMarked:StartUp","floor":7,"key":"SMITH"},{"data":"theMarked:Determination","floor":10,"key":"SMITH"},{"floor":15,"key":"REST"},{"data":"Apotheosis","floor":23,"key":"SMITH"},{"data":"theMarked:Defy","floor":25,"key":"SMITH"},{"data":"theMarked:Abjuration","floor":27,"key":"SMITH"},{"floor":32,"key":"REST"},{"data":"theMarked:Heritage","floor":41,"key":"SMITH"},{"data":"theMarked:Seal","floor":47,"key":"SMITH"},{"floor":49,"key":"REST"}],"circlet_count":0,"master_deck":["theMarked:Strike","theMarked:Defend","theMarked:Defend","theMarked:Defend","theMarked:Defend","theMarked:SoldierOfQuellstein","theMarked:Seal+1","theMarked:Determination+1","theMarked:BanishingStrike","theMarked:Defy+1","theMarked:Abjuration+1","theMarked:StartUp+1","theMarked:Memento","theMarked:BanishingStrike","theMarked:BanishingStrike","theMarked:BanishingStrike","theMarked:Frustration","theMarked:TurnInvisible","theMarked:WardOff+1","Apotheosis+1","theMarked:StartUp+1","theMarked:BanishingStrike+1","theMarked:Seal+1","theMarked:WardOff","theMarked:Heritage+1","theMarked:WardOff","theMarked:Memento+1","theMarked:Electrocute","theMarked:WardOff+1","theMarked:TwofoldDefense"],"relics":["theMarked:ArtifactOfAir","Juzu Bracelet","hexamod:BolsterEngine","Gambling Chip","InkBottle","Akabeko","Oddly Smooth Stone","Philosopher\u0027s Stone","Guardian:PocketSentry","Mirror","CeramicFish","SlaversCollar","Replay:Baseball","Blood Vial","Lantern","theMarked:Gun","Potion Belt"],"acts_visited":["Exordium","TheCity","TheBeyond"],"potions_floor_usage":[8,16,31,33,33,40,50,50,50,50,50,50,50,50,50,50,50,50],"damage_taken":[{"damage":0,"enemies":"2 Louse","floor":1,"turns":2},{"damage":9,"enemies":"Jaw Worm","floor":2,"turns":5},{"damage":1,"enemies":"Cultist","floor":5,"turns":3},{"damage":3,"enemies":"Gremlin Nob","floor":6,"turns":3},{"damage":10,"enemies":"3 Sentries","floor":8,"turns":4},{"damage":22,"enemies":"Lagavulin","floor":11,"turns":5},{"damage":0,"enemies":"Exordium Thugs","floor":12,"turns":1},{"damage":0,"enemies":"Large Slime","floor":14,"turns":4},{"damage":30,"enemies":"The Guardian","floor":16,"turns":7},{"damage":12,"enemies":"2 Thieves","floor":18,"turns":3},{"damage":21,"enemies":"Slavers","floor":24,"turns":5},{"damage":0,"enemies":"Book of Stabbing","floor":28,"turns":4},{"damage":1,"enemies":"3 Byrds","floor":30,"turns":3},{"damage":14,"enemies":"Snake Plant","floor":31,"turns":3},{"damage":16,"enemies":"Automaton","floor":33,"turns":7},{"damage":26,"enemies":"3 Darklings","floor":35,"turns":5},{"damage":0,"enemies":"Orb Walker","floor":37,"turns":2},{"damage":0,"enemies":"3 Darklings","floor":38,"turns":2},{"damage":0,"enemies":"R_Hoarder","floor":40,"turns":7},{"damage":0,"enemies":"Giant Head","floor":42,"turns":6},{"damage":0,"enemies":"R_Hoarder","floor":44,"turns":5},{"damage":6,"enemies":"Spire Growth","floor":45,"turns":4},{"damage":18,"enemies":"Replay:Hell Engine","floor":50,"turns":8}],"seed_played":"5641457019179397412","potions_obtained":[{"floor":1,"key":"Adrenaline Potion"},{"floor":2,"key":"PowerPotion"},{"floor":8,"key":"Guardian:BlockOnCardUsePotion"},{"floor":11,"key":"ColorlessPotion"},{"floor":18,"key":"BlessingOfTheForge"},{"floor":30,"key":"PowerPotion"},{"floor":31,"key":"GamblersBrew"},{"floor":35,"key":"SkillPotion"},{"floor":40,"key":"Strength Potion"},{"floor":42,"key":"EntropicBrew"}],"is_trial":false,"path_per_floor":["M","M","?","?","M","E","R","E","T","R","E","M","$","M","R","B",null,"M","$","?","$","?","R","E","R","T","R","E","?","M","M","R","B",null,"M","$","M","M","?","E","R","E","T","E","M","?","R","T","R","B",null],"character_chosen":"THE_DEFAULT","items_purchased":["theMarked:Seal+1","theMarked:Determination","Juzu Bracelet","Oddly Smooth Stone","theMarked:BanishingStrike","Apotheosis","theMarked:Heritage","Adrenaline Potion","theMarked:WardOff"],"campfire_rested":3,"item_purchase_floors":[0,0,0,13,13,19,36,36,36],"current_hp_per_floor":[60,51,51,51,50,47,47,37,37,37,15,15,15,15,36,6,70,58,58,58,58,58,58,37,37,37,37,37,37,36,22,43,27,70,44,44,44,44,44,44,44,44,44,46,42,42,42,42,63,47],"gold":438,"neow_bonus":"","is_daily":false,"chose_seed":false,"campfire_upgraded":7,"win_rate":0.0,"timestamp":1612576240,"path_taken":["M","M","?","?","M","E","R","E","T","R","E","M","$","M","R","BOSS","M","$","?","?","?","R","E","R","T","R","E","?","M","M","R","BOSS","M","$","M","M","?","E","R","E","T","E","M","?","R","?","R","BOSS"],"items_purchased_type":["Card","Card","Relic","Relic","Card","Card","Card","Potion","Card"],"build_version":"2020-12-22","purchased_purges":1,"victory":true,"max_hp_per_floor":[70,70,70,70,70,70,70,70,70,70,70,70,70,70,70,70,70,70,70,70,70,70,70,70,70,70,70,70,70,70,70,70,70,70,70,70,70,70,70,70,70,70,70,70,70,70,70,70,70,70],"relic_stats":{"Blood Vial":22,"counters":[62,254],"Gambling Chip":[65],"CeramicFish":81,"Juzu Bracelet":1,"obtain_stats":[{"Ice Cream":17,"ReplayFunnel":41,"Lantern":17,"CeramicFish":28,"Bag of Preparation":9,"Juzu Bracelet":0,"Replay:Mystery Machine":38,"Sling":27,"Blood Vial":9,"Replay:Bandana":12,"Nunchaku":26,"Replay:Bronze Core":34,"Gambling Chip":8,"Philosopher\u0027s Stone":17,"Replay:Bottled Flurry":10,"Replay:Bottled Snecko":2,"Replay:Wax Seal":29,"InkBottle":9,"Gremlin Food":45,"Potion Belt":48,"theMarked:DemonDagger":48,"theMarked:Gun":44,"Oddly Smooth Stone":20,"hexamod:Sixitude":43,"Eternal Feather":17,"Pen Nib":6,"Guardian:PocketSentry":24,"Frozen Egg 2":23,"Akabeko":11,"Calling Bell":17,"theMarked:ArtifactOfAir":0,"SlaversCollar":34,"Replay:Baseball":40,"Black Star":17,"Membership Card":10,"hexamod:BolsterEngine":6,"Mirror":26,"Meat on the Bone":0},{"Ice Cream":9,"ReplayFunnel":21,"Lantern":9,"CeramicFish":51,"Bag of Preparation":5,"Juzu Bracelet":39,"Replay:Mystery Machine":19,"Sling":14,"Blood Vial":30,"Replay:Bandana":7,"Nunchaku":14,"Replay:Bronze Core":17,"Gambling Chip":44,"Philosopher\u0027s Stone":48,"Replay:Bottled Flurry":6,"Replay:Bottled Snecko":26,"Replay:Wax Seal":16,"InkBottle":44,"Gremlin Food":22,"Potion Belt":61,"theMarked:DemonDagger":24,"theMarked:Gun":60,"Oddly Smooth Stone":10,"hexamod:Sixitude":21,"Eternal Feather":9,"Pen Nib":4,"Guardian:PocketSentry":50,"Frozen Egg 2":13,"Akabeko":45,"Calling Bell":9,"theMarked:ArtifactOfAir":0,"SlaversCollar":54,"Replay:Baseball":58,"Black Star":35,"Membership Card":30,"hexamod:BolsterEngine":43,"Mirror":50,"Meat on the Bone":25},{"Ice Cream":32,"ReplayFunnel":87,"Lantern":32,"CeramicFish":203,"Bag of Preparation":12,"Juzu Bracelet":157,"Replay:Mystery Machine":77,"Sling":53,"Blood Vial":121,"Replay:Bandana":19,"Nunchaku":53,"Replay:Bronze Core":70,"Gambling Chip":174,"Philosopher\u0027s Stone":191,"Replay:Bottled Flurry":18,"Replay:Bottled Snecko":109,"Replay:Wax Seal":63,"InkBottle":174,"Gremlin Food":92,"Potion Belt":246,"theMarked:DemonDagger":99,"theMarked:Gun":242,"Oddly Smooth Stone":35,"hexamod:Sixitude":87,"Eternal Feather":32,"Pen Nib":10,"Guardian:PocketSentry":199,"Frozen Egg 2":48,"Akabeko":179,"Calling Bell":32,"theMarked:ArtifactOfAir":0,"SlaversCollar":215,"Replay:Baseball":231,"Black Star":140,"Membership Card":121,"hexamod:BolsterEngine":170,"Mirror":199,"Meat on the Bone":105}],"InkBottle":[29]},"card_choices":[{"not_picked":["theMarked:TwofoldDefense","theMarked:SwordAndMagic","theMarked:WastefulAttack"],"picked":"SKIP","floor":1},{"not_picked":["theMarked:ChainLightning","theMarked:WardOff"],"picked":"theMarked:BanishingStrike","floor":2},{"not_picked":["theMarked:WardOff","theMarked:TwofoldDefense"],"picked":"theMarked:Abjuration","floor":5},{"not_picked":["theMarked:TakeOffHeels","theMarked:BanishingStrike"],"picked":"theMarked:StartUp","floor":6},{"not_picked":["theMarked:SwordAndMagic","theMarked:Overcharge","theMarked:Convert"],"picked":"SKIP","floor":8},{"not_picked":["theMarked:Maelstrom","theMarked:RepellingDischarge"],"picked":"theMarked:Memento","floor":11},{"not_picked":["theMarked:Overthink","theMarked:Parkour"],"picked":"theMarked:BanishingStrike","floor":12},{"not_picked":["theMarked:Polarize","theMarked:Aftermath"],"picked":"theMarked:Frustration","floor":14},{"not_picked":["theMarked:MagusForm","theMarked:FavorableWinds"],"picked":"theMarked:TurnInvisible","floor":16},{"not_picked":["theMarked:Heritage","theMarked:BanishingWave"],"picked":"theMarked:WardOff+1","floor":18},{"not_picked":["theMarked:TakeCover+1","theMarked:ElectricStrings","theMarked:Polarize"],"picked":"SKIP","floor":24},{"not_picked":["theMarked:BanishingStrike","theMarked:HeightenedSenses","theMarked:TakeCover"],"picked":"SKIP","floor":28},{"not_picked":["theMarked:MuscleMemory","theMarked:Parkour"],"picked":"theMarked:BanishingStrike+1","floor":30},{"not_picked":["theMarked:TunnelVision","theMarked:BanishingWave"],"picked":"theMarked:Seal","floor":31},{"not_picked":["theMarked:PowerFlow+1","theMarked:Improvise"],"picked":"theMarked:WardOff","floor":35},{"not_picked":["theMarked:BanishingStrike","theMarked:Generate+1"],"picked":"theMarked:Memento+1","floor":37},{"not_picked":["theMarked:SwordAndMagic+1","theMarked:Parkour","theMarked:Frustration+1"],"picked":"SKIP","floor":38},{"not_picked":["theMarked:Generate","theMarked:Friction","theMarked:BanishingStrike"],"picked":"SKIP","floor":40},{"not_picked":["theMarked:Frustration","theMarked:PowerFlow"],"picked":"theMarked:WardOff+1","floor":42},{"not_picked":["theMarked:ElectricStrings","theMarked:TakeCover+1","theMarked:Aftermath+1"],"picked":"SKIP","floor":44},{"not_picked":["theMarked:EmpowerWeapon+1","theMarked:ElectricStrings"],"picked":"theMarked:TwofoldDefense","floor":45}],"player_experience":766789,"relics_obtained":[{"floor":6,"key":"hexamod:BolsterEngine"},{"floor":8,"key":"Gambling Chip"},{"floor":9,"key":"InkBottle"},{"floor":11,"key":"Akabeko"},{"floor":24,"key":"Guardian:PocketSentry"},{"floor":26,"key":"Mirror"},{"floor":28,"key":"CeramicFish"},{"floor":40,"key":"Replay:Baseball"},{"floor":42,"key":"Blood Vial"},{"floor":43,"key":"Lantern"},{"floor":44,"key":"theMarked:Gun"},{"floor":48,"key":"Potion Belt"}],"event_choices":[{"damage_healed":0,"gold_gain":0,"player_choice":"Ignored","damage_taken":0,"max_hp_gain":0,"max_hp_loss":0,"event_name":"Liars Game","floor":3,"gold_loss":0},{"damage_healed":0,"gold_gain":0,"cards_transformed":["theMarked:Strike"],"player_choice":"Transformed","damage_taken":0,"max_hp_gain":0,"max_hp_loss":0,"event_name":"Transmorgrifier","floor":4,"gold_loss":0,"cards_obtained":["theMarked:Defy"]},{"damage_healed":0,"gold_gain":0,"player_choice":"Copied","damage_taken":0,"max_hp_gain":0,"max_hp_loss":0,"event_name":"Duplicator","floor":20,"gold_loss":0,"cards_obtained":["theMarked:StartUp"]},{"damage_healed":0,"gold_gain":99,"player_choice":"Stole From Cult","damage_taken":0,"max_hp_gain":0,"max_hp_loss":0,"event_name":"Nest","floor":29,"gold_loss":0},{"damage_healed":0,"gold_gain":0,"cards_transformed":["theMarked:Strike"],"player_choice":"Transformed","damage_taken":0,"max_hp_gain":0,"max_hp_loss":0,"event_name":"Transmorgrifier","floor":39,"gold_loss":0,"cards_obtained":["theMarked:Electrocute"]},{"cards_removed":["theMarked:Strike"],"damage_healed":0,"gold_gain":0,"player_choice":"Purged","damage_taken":0,"max_hp_gain":0,"max_hp_loss":0,"event_name":"Purifier","floor":46,"gold_loss":0}],"is_beta":false,"boss_relics":[{"not_picked":["ChewingGum","Replay:Bronze Core"],"picked":"Philosopher\u0027s Stone"},{"not_picked":["Honey Jar","Velvet Choker"],"picked":"SlaversCollar"}],"items_purged_floors":[36],"is_endless":false,"potions_floor_spawned":[1,2,8,11,12,18,30,31,35,37,40,42],"ascension_level":2}}