{"host":"2ty4h143nj8vwezc","time":1612647044,"event":{"mods":["BaseMod","Colored Map","Googly Eyes","Highlight Path","Minty Spire (QoL Compilation)","Quick Restart","StSLib"],"gold_per_floor":[164,178,178,195,210,236,236,236,236],"floor_reached":8,"language":"ENG","playtime":457,"items_purged":[],"score":116,"play_id":"988005d3-dbd9-42e3-9ede-134a6e37c2ea","local_time":"20210206163044","is_ascension_mode":true,"campfire_choices":[{"floor":7,"key":"REST"}],"circlet_count":0,"master_deck":["AscendersBane","Strike_G","Strike_G","Strike_G","Strike_G","Strike_G","Defend_G","Defend_G","Defend_G","Defend_G","Defend_G+1","Survivor","Neutralize","Deadly Poison","Dash","Decay","Deadly Poison","PiercingWail"],"relics":["Tiny House","HornCleat"],"acts_visited":["Exordium"],"potions_floor_usage":[1,6,8],"damage_taken":[{"damage":1,"enemies":"Cultist","floor":1,"turns":4},{"damage":2,"enemies":"2 Louse","floor":2,"turns":3},{"damage":3,"enemies":"Small Slimes","floor":4,"turns":4},{"damage":12,"enemies":"3 Louse","floor":5,"turns":5},{"damage":32,"enemies":"Lagavulin","floor":6,"turns":8},{"damage":24,"enemies":"Gremlin Nob","floor":8,"turns":4}],"seed_played":"3482644344179747335","potions_obtained":[{"floor":0,"key":"SneckoOil"},{"floor":5,"key":"PowerPotion"},{"floor":6,"key":"AttackPotion"}],"is_trial":false,"path_per_floor":["M","M","?","M","M","E","R","E"],"character_chosen":"THE_SILENT","items_purchased":[],"campfire_rested":1,"item_purchase_floors":[],"current_hp_per_floor":[63,61,61,58,46,14,35,11,11],"gold":236,"neow_bonus":"BOSS_RELIC","is_daily":false,"chose_seed":false,"campfire_upgraded":0,"win_rate":0.0,"timestamp":1612647044,"path_taken":["M","?","?","?","M","E","R","E"],"items_purchased_type":[],"build_version":"2020-12-22","purchased_purges":0,"victory":false,"max_hp_per_floor":[71,71,71,71,71,71,71,71,71],"card_choices":[{"not_picked":["Dagger Throw","Slice"],"picked":"Deadly Poison","floor":0},{"not_picked":["Underhanded Strike","Dagger Spray","Prepared"],"picked":"SKIP","floor":1},{"not_picked":["Quick Slash","Choke"],"picked":"Dash","floor":2},{"not_picked":["Flying Knee","Unload"],"picked":"Deadly Poison","floor":4},{"not_picked":["Underhanded Strike","Bane"],"picked":"PiercingWail","floor":5},{"not_picked":["Deflect","Finisher","Cloak And Dagger"],"picked":"SKIP","floor":6}],"player_experience":363270,"relics_obtained":[{"floor":6,"key":"HornCleat"}],"event_choices":[{"damage_healed":0,"gold_gain":0,"player_choice":"Cursed","damage_taken":0,"max_hp_gain":0,"max_hp_loss":0,"event_name":"Wheel of Change","floor":3,"gold_loss":0,"cards_obtained":["Decay"]}],"is_beta":false,"boss_relics":[],"items_purged_floors":[],"is_endless":false,"potions_floor_spawned":[5,6],"killed_by":"Gremlin Nob","ascension_level":20}}