{"host":"a6lkfb6c2wawj5iq","time":1612590663,"event":{"mods":["AchievementEnabler","BaseMod","Jorbs\u0027s Wanderer Trilogy","Minty Spire (QoL Compilation)","Relic Stats","Slay the Relics Exporter","StSLib"],"gold_per_floor":[113,128,53,65,65,94,108,119,119,132,132,144,177,177,177,253,253,267,51,66,77,94,94,19,46,73,73,73,93,93,118,118,118,118],"floor_reached":33,"language":"ENG","playtime":1662,"items_purged":[],"score":748,"play_id":"c2a99755-686b-4ef3-ad3a-dcbfd1595de9","local_time":"20210206005103","is_ascension_mode":true,"campfire_choices":[{"floor":11,"key":"REST"},{"data":"stsjorbsmod:GatherPower","floor":15,"key":"SMITH"},{"floor":23,"key":"REST"},{"data":"stsjorbsmod:Feast","floor":27,"key":"SMITH"},{"data":"stsjorbsmod:Channel","floor":32,"key":"SMITH"}],"circlet_count":0,"master_deck":["AscendersBane","stsjorbsmod:ForbiddenGrimoire+1","stsjorbsmod:Strike_Wanderer+1","stsjorbsmod:Defend_Wanderer+1","stsjorbsmod:FreshAdventure","stsjorbsmod:EyeOfTheStorm","stsjorbsmod:HedgeWizard","stsjorbsmod:Channel+1","stsjorbsmod:Feast+1","stsjorbsmod:WeightOfMemory","stsjorbsmod:Prestidigitation+1","stsjorbsmod:GatherPower+1","stsjorbsmod:Hurt","stsjorbsmod:ArcaneForm","stsjorbsmod:DisguiseSelf+1","Sadistic Nature","stsjorbsmod:ColorSpray","stsjorbsmod:Firebolt","stsjorbsmod:FlameWard","stsjorbsmod:MageArmor","stsjorbsmod:Entangle","stsjorbsmod:ParryingBlow","stsjorbsmod:FranticSearch+1","Ghostly","Ghostly","Ghostly","stsjorbsmod:Materialize","stsjorbsmod:RayOfFrost","stsjorbsmod:DoubleCheck"],"relics":["Sozu","Mummified Hand","Letter Opener","Boot","Eternal Feather","Empty Cage","Prayer Wheel","Juzu Bracelet","StrikeDummy"],"acts_visited":["Exordium","TheCity"],"potions_floor_usage":[],"damage_taken":[{"damage":4,"enemies":"Cultist","floor":1,"turns":4},{"damage":1,"enemies":"2 Louse","floor":2,"turns":3},{"damage":0,"enemies":"Jaw Worm","floor":4,"turns":2},{"damage":34,"enemies":"3 Sentries","floor":6,"turns":11},{"damage":12,"enemies":"Lots of Slimes","floor":7,"turns":6},{"damage":11,"enemies":"Exordium Thugs","floor":8,"turns":5},{"damage":2,"enemies":"Gremlin Gang","floor":10,"turns":4},{"damage":2,"enemies":"Large Slime","floor":12,"turns":7},{"damage":5,"enemies":"Lagavulin","floor":13,"turns":6},{"damage":1,"enemies":"Slime Boss","floor":16,"turns":6},{"damage":12,"enemies":"2 Thieves","floor":18,"turns":4},{"damage":7,"enemies":"Spheric Guardian","floor":20,"turns":4},{"damage":9,"enemies":"Snake Plant","floor":21,"turns":4},{"damage":34,"enemies":"Shelled Parasite and Fungi","floor":22,"turns":3},{"damage":0,"enemies":"Gremlin Leader","floor":25,"turns":3},{"damage":1,"enemies":"Chosen and Byrds","floor":29,"turns":3},{"damage":2,"enemies":"Book of Stabbing","floor":31,"turns":5},{"damage":74,"enemies":"Collector","floor":33,"turns":5}],"seed_played":"1971715669829059464","potions_obtained":[],"is_trial":false,"path_per_floor":["M","M","?","M","?","E","M","M","T","M","R","M","E","T","R","B",null,"M","$","M","M","M","R","?","E","T","R","?","M","?","E","R","B"],"character_chosen":"WANDERER","items_purchased":["Sadistic Nature","stsjorbsmod:ColorSpray"],"campfire_rested":2,"item_purchase_floors":[19,19],"current_hp_per_floor":[54,53,53,53,53,21,19,12,12,10,34,36,33,33,42,45,79,71,71,66,57,23,63,63,63,63,75,48,47,47,47,50,0,0],"gold":118,"neow_bonus":"BOSS_RELIC","is_daily":false,"chose_seed":false,"campfire_upgraded":3,"win_rate":0.0,"timestamp":1612590663,"path_taken":["M","?","?","M","?","E","M","M","T","M","R","?","E","?","R","BOSS","M","$","M","M","M","R","?","E","T","R","?","M","?","E","R","BOSS"],"items_purchased_type":["Card","Card"],"build_version":"2020-12-22","purchased_purges":0,"victory":false,"max_hp_per_floor":[64,64,64,64,64,66,76,80,80,80,80,84,86,86,86,90,90,94,94,96,96,96,96,96,96,96,96,48,48,48,50,50,50,50],"relic_stats":{"Sozu":7,"counters":[18,85],"Mummified Hand":[29],"Eternal Feather":36,"Prayer Wheel":1,"Juzu Bracelet":1,"Letter Opener":[97],"Boot":[10],"obtain_stats":[{"Sozu":0,"Mummified Hand":6,"stsjorbsmod:GrimoireRelic":0,"Eternal Feather":14,"Prayer Wheel":25,"Juzu Bracelet":26,"Letter Opener":9,"Boot":13,"Empty Cage":17,"StrikeDummy":31},{"Sozu":0,"Mummified Hand":4,"stsjorbsmod:GrimoireRelic":0,"Eternal Feather":9,"Prayer Wheel":15,"Juzu Bracelet":15,"Letter Opener":6,"Boot":9,"Empty Cage":10,"StrikeDummy":17},{"Sozu":0,"Mummified Hand":20,"stsjorbsmod:GrimoireRelic":0,"Eternal Feather":48,"Prayer Wheel":72,"Juzu Bracelet":72,"Letter Opener":31,"Boot":48,"Empty Cage":54,"StrikeDummy":80}]},"card_choices":[{"not_picked":["stsjorbsmod:DoubleCheck","stsjorbsmod:BurningFlask"],"picked":"stsjorbsmod:HedgeWizard","floor":1},{"not_picked":["stsjorbsmod:Firebolt","stsjorbsmod:Hurt"],"picked":"stsjorbsmod:Channel","floor":2},{"not_picked":["stsjorbsmod:Channel","stsjorbsmod:UnseenServant"],"picked":"stsjorbsmod:Feast","floor":4},{"not_picked":["stsjorbsmod:FindFamiliar","stsjorbsmod:BurningFlask"],"picked":"stsjorbsmod:WeightOfMemory","floor":6},{"not_picked":["stsjorbsmod:Will","stsjorbsmod:Inferno","stsjorbsmod:HedgeWizard"],"picked":"SKIP","floor":7},{"not_picked":["stsjorbsmod:Patron","stsjorbsmod:Hibernate"],"picked":"stsjorbsmod:Prestidigitation","floor":8},{"not_picked":["stsjorbsmod:AnimateObjects","stsjorbsmod:Will","stsjorbsmod:Prestidigitation"],"picked":"SKIP","floor":10},{"not_picked":["stsjorbsmod:Prestidigitation","stsjorbsmod:FracturedMind"],"picked":"stsjorbsmod:GatherPower","floor":12},{"not_picked":["stsjorbsmod:Stalwart","stsjorbsmod:UnseenServant"],"picked":"stsjorbsmod:Hurt","floor":13},{"not_picked":["stsjorbsmod:SiphonEnergy","stsjorbsmod:Rediscovery"],"picked":"stsjorbsmod:ArcaneForm","floor":16},{"not_picked":["stsjorbsmod:MagicMirror","stsjorbsmod:Prepare"],"picked":"stsjorbsmod:DisguiseSelf+1","floor":18},{"not_picked":["stsjorbsmod:Aid","stsjorbsmod:ScorchingRay"],"picked":"stsjorbsmod:Firebolt","floor":20},{"not_picked":["stsjorbsmod:DoubleCheck","stsjorbsmod:Thorns"],"picked":"stsjorbsmod:FlameWard","floor":21},{"not_picked":["stsjorbsmod:Channel","stsjorbsmod:Fireball"],"picked":"stsjorbsmod:MageArmor","floor":22},{"not_picked":["stsjorbsmod:BlackTentacles","stsjorbsmod:TollTheDead"],"picked":"stsjorbsmod:FranticSearch+1","floor":25},{"not_picked":["stsjorbsmod:DisguiseSelf","stsjorbsmod:Stalwart"],"picked":"stsjorbsmod:Materialize","floor":29},{"not_picked":["stsjorbsmod:OldPocket","stsjorbsmod:Patron"],"picked":"stsjorbsmod:RayOfFrost","floor":29},{"not_picked":["stsjorbsmod:UnseenServant","stsjorbsmod:TrueStrike"],"picked":"stsjorbsmod:DoubleCheck","floor":31}],"player_experience":210855,"relics_obtained":[{"floor":6,"key":"Mummified Hand"},{"floor":9,"key":"Letter Opener"},{"floor":13,"key":"Boot"},{"floor":14,"key":"Eternal Feather"},{"floor":25,"key":"Prayer Wheel"},{"floor":26,"key":"Juzu Bracelet"},{"floor":31,"key":"StrikeDummy"}],"event_choices":[{"cards_removed":["stsjorbsmod:Strike_Wanderer"],"damage_healed":0,"gold_gain":0,"player_choice":"Card Removal","damage_taken":0,"max_hp_gain":0,"max_hp_loss":0,"event_name":"The Cleric","floor":3,"gold_loss":75},{"cards_removed":["stsjorbsmod:Defend_Wanderer"],"damage_healed":0,"gold_gain":0,"player_choice":"Offered Basic","damage_taken":0,"max_hp_gain":0,"max_hp_loss":0,"event_name":"Bonfire Elementals","floor":5,"gold_loss":0},{"damage_healed":0,"gold_gain":0,"cards_transformed":["stsjorbsmod:Strike_Wanderer","stsjorbsmod:Defend_Wanderer"],"player_choice":"Transformed Cards","damage_taken":0,"max_hp_gain":0,"max_hp_loss":0,"event_name":"Designer","floor":24,"gold_loss":75,"cards_obtained":["stsjorbsmod:Entangle","stsjorbsmod:ParryingBlow"]},{"damage_healed":0,"gold_gain":0,"player_choice":"Became a Ghost","damage_taken":0,"max_hp_gain":0,"max_hp_loss":48,"event_name":"Ghosts","floor":28,"gold_loss":0,"cards_obtained":["Ghostly","Ghostly","Ghostly"]},{"damage_healed":0,"gold_gain":0,"player_choice":"Ignored","damage_taken":0,"max_hp_gain":0,"max_hp_loss":0,"event_name":"The Mausoleum","floor":30,"gold_loss":0}],"is_beta":false,"boss_relics":[{"not_picked":["Busted Crown","Cursed Key"],"picked":"Empty Cage"}],"items_purged_floors":[],"is_endless":false,"potions_floor_spawned":[1,6,10,12,18,21,29],"killed_by":"Collector","ascension_level":20}}