{"host":"ijtyqc57s6c9mbij","time":1612597490,"event":{"mods":["AchievementEnabler","BaseMod","Colored Map","Minty Spire (QoL Compilation)","StSLib"],"gold_per_floor":[113,113,113,127,139,139,67,67,67,102,102,134,148,148,148,248,248,263,279,22,37,54,54,84,84,109,109,109,109,109,129,129,232,232,251,267,267,283,298,298,298,318,318,318,329,329,363,363,363,363,363,363,18,47,47,47],"floor_reached":55,"language":"ENG","playtime":3657,"items_purged":["Strike_P","Writhe"],"score":951,"play_id":"3cd9786c-69f6-4db9-99c8-1036372b48ef","local_time":"20210205234450","is_ascension_mode":true,"campfire_choices":[{"data":"Vigilance","floor":6,"key":"SMITH"},{"floor":8,"key":"RECALL"},{"data":"Metamorphosis","floor":11,"key":"SMITH"},{"data":"Vault","floor":15,"key":"SMITH"},{"floor":23,"key":"REST"},{"floor":25,"key":"REST"},{"data":"Omniscience","floor":30,"key":"SMITH"},{"data":"Study","floor":32,"key":"SMITH"},{"floor":40,"key":"REST"},{"floor":46,"key":"REST"},{"data":"BattleHymn","floor":49,"key":"SMITH"},{"data":"ConjureBlade","floor":52,"key":"SMITH"}],"circlet_count":0,"master_deck":["Strike_P","Defend_P","Defend_P","Defend_P","Defend_P","Eruption+1","Vigilance+1","Metamorphosis+1","ThirdEye","SandsOfTime","FollowUp","DeusExMachina","EmptyFist","Vault+1","Prostrate","Brilliance","Swivel+1","CrushJoints+1","Violence","LikeWater+1","FollowUp","Pray+1","Omniscience+1","Study+1","Sanctity+1","ConjureBlade+1","FollowUp+1","ClearTheMind+1","BattleHymn+1","Parasite","ForeignInfluence","Pray+1","DeusExMachina","TalkToTheHand","Wish"],"relics":["HolyWater","Mango","Pantograph","White Beast Statue","Shuriken","SacredBark","Bronze Scales","Regal Pillow","Mercury Hourglass","Kunai","TungstenRod","TeardropLocket","Akabeko","Letter Opener"],"acts_visited":["Exordium","TheCity","TheBeyond","TheEnding"],"potions_floor_usage":[13,16,19,21,22,22,31,33,33,36,39,41,50,55],"damage_taken":[{"damage":6,"enemies":"2 Louse","floor":1,"turns":4},{"damage":9,"enemies":"Jaw Worm","floor":4,"turns":3},{"damage":0,"enemies":"Cultist","floor":5,"turns":4},{"damage":1,"enemies":"Lagavulin","floor":10,"turns":5},{"damage":10,"enemies":"3 Sentries","floor":12,"turns":5},{"damage":0,"enemies":"2 Fungi Beasts","floor":13,"turns":4},{"damage":0,"enemies":"Slime Boss","floor":16,"turns":5},{"damage":19,"enemies":"2 Thieves","floor":18,"turns":5},{"damage":14,"enemies":"3 Byrds","floor":19,"turns":3},{"damage":4,"enemies":"3 Cultists","floor":21,"turns":5},{"damage":7,"enemies":"Chosen and Byrds","floor":22,"turns":5},{"damage":35,"enemies":"Book of Stabbing","floor":24,"turns":5},{"damage":9,"enemies":"Centurion and Healer","floor":31,"turns":2},{"damage":0,"enemies":"Automaton","floor":33,"turns":4},{"damage":1,"enemies":"Orb Walker","floor":35,"turns":3},{"damage":31,"enemies":"3 Darklings","floor":36,"turns":4},{"damage":17,"enemies":"4 Shapes","floor":38,"turns":5},{"damage":11,"enemies":"Writhing Mass","floor":39,"turns":6},{"damage":3,"enemies":"Reptomancer","floor":41,"turns":2},{"damage":24,"enemies":"3 Darklings","floor":42,"turns":5},{"damage":31,"enemies":"Jaw Worm Horde","floor":45,"turns":3},{"damage":30,"enemies":"Giant Head","floor":47,"turns":6},{"damage":52,"enemies":"Time Eater","floor":50,"turns":7},{"damage":76,"enemies":"Shield and Spear","floor":54,"turns":6},{"damage":98,"enemies":"The Heart","floor":55,"turns":4}],"seed_played":"-4929087431864496377","potions_obtained":[{"floor":1,"key":"Fruit Juice"},{"floor":10,"key":"FearPotion"},{"floor":12,"key":"Strength Potion"},{"floor":13,"key":"ColorlessPotion"},{"floor":16,"key":"Weak Potion"},{"floor":18,"key":"Explosive Potion"},{"floor":19,"key":"Swift Potion"},{"floor":21,"key":"AttackPotion"},{"floor":22,"key":"FairyPotion"},{"floor":24,"key":"BottledMiracle"},{"floor":31,"key":"PowerPotion"},{"floor":33,"key":"SteroidPotion"},{"floor":35,"key":"Fire Potion"},{"floor":36,"key":"FearPotion"},{"floor":38,"key":"LiquidMemories"},{"floor":39,"key":"SmokeBomb"},{"floor":42,"key":"Dexterity Potion"},{"floor":47,"key":"PowerPotion"},{"floor":54,"key":"GamblersBrew"}],"is_trial":false,"path_per_floor":["M","?","?","M","M","R","$","R","T","E","R","E","M","T","R","B",null,"M","M","$","M","M","R","E","R","T","?","?","?","R","M","R","B",null,"M","M","T","M","M","R","E","M","T","?","M","R","E","?","R","B",null,"R","$","E","B"],"character_chosen":"WATCHER","items_purchased":["DeusExMachina","Violence","TalkToTheHand","Wish"],"campfire_rested":4,"item_purchase_floors":[7,20,53,53],"current_hp_per_floor":[59,59,70,61,61,61,61,61,61,60,60,50,55,55,55,80,84,65,51,51,47,40,65,30,55,55,55,55,55,55,46,46,71,84,83,52,52,35,24,64,61,37,37,58,27,67,37,37,37,10,84,84,84,8,0,0],"gold":47,"neow_bonus":"RANDOM_COLORLESS_2","is_daily":false,"chose_seed":false,"campfire_upgraded":7,"win_rate":0.0,"timestamp":1612597490,"path_taken":["M","?","?","M","M","R","?","R","T","E","R","E","M","?","R","BOSS","M","M","?","M","M","R","E","R","T","?","?","?","R","M","R","BOSS","M","M","?","?","?","R","E","M","T","?","M","R","E","?","R","BOSS","R","$","E","BOSS"],"items_purchased_type":["Card","Card","Card","Card"],"build_version":"2020-12-22","purchased_purges":2,"victory":false,"max_hp_per_floor":[65,65,79,79,79,79,79,79,79,79,79,79,84,84,84,84,84,84,84,84,84,84,84,84,84,84,84,84,84,84,84,84,84,84,84,84,84,84,84,84,84,84,84,84,84,84,84,84,84,84,84,84,84,84,84,84],"card_choices":[{"not_picked":["Secret Technique","Thinking Ahead"],"picked":"Metamorphosis","floor":0},{"not_picked":["Meditate","SashWhip"],"picked":"ThirdEye","floor":1},{"not_picked":["PathToVictory","CrushJoints"],"picked":"SandsOfTime","floor":4},{"not_picked":["Consecrate","FlyingSleeves"],"picked":"FollowUp","floor":5},{"not_picked":["CrushJoints","CarveReality"],"picked":"EmptyFist","floor":10},{"not_picked":["Conclude","DeceiveReality"],"picked":"Vault","floor":12},{"not_picked":["CrushJoints","SashWhip"],"picked":"Prostrate","floor":13},{"not_picked":["Blasphemy","SpiritShield"],"picked":"Brilliance","floor":16},{"not_picked":["WheelKick","FlurryOfBlows"],"picked":"Swivel+1","floor":18},{"not_picked":["JustLucky","Crescendo"],"picked":"CrushJoints+1","floor":19},{"not_picked":["FollowUp","Halt"],"picked":"LikeWater","floor":21},{"not_picked":["DeceiveReality","Indignation"],"picked":"FollowUp","floor":22},{"not_picked":["CutThroughFate","LessonLearned"],"picked":"Pray+1","floor":24},{"not_picked":["CutThroughFate","Protect+1"],"picked":"Sanctity+1","floor":31},{"not_picked":["Blasphemy","Scrawl"],"picked":"ConjureBlade","floor":33},{"not_picked":["JustLucky","Weave+1"],"picked":"FollowUp+1","floor":35},{"not_picked":["FlurryOfBlows","PathToVictory+1"],"picked":"ClearTheMind+1","floor":36},{"not_picked":["CrushJoints","Scrawl"],"picked":"BattleHymn","floor":38},{"not_picked":["Swivel","Adaptation+1"],"picked":"ForeignInfluence","floor":39},{"not_picked":["BowlingBash","Wallop","Pray"],"picked":"SKIP","floor":42},{"not_picked":["FearNoEvil+1","BowlingBash"],"picked":"Pray+1","floor":45},{"not_picked":["Protect+1","Halt"],"picked":"DeusExMachina","floor":47},{"not_picked":["CarveReality","Establishment","CutThroughFate"],"picked":"SKIP","floor":54}],"player_experience":828356,"relics_obtained":[{"floor":9,"key":"Pantograph"},{"floor":10,"key":"White Beast Statue"},{"floor":12,"key":"Shuriken"},{"floor":24,"key":"Bronze Scales"},{"floor":26,"key":"Regal Pillow"},{"floor":29,"key":"Kunai"},{"floor":37,"key":"TungstenRod"},{"floor":43,"key":"TeardropLocket"},{"floor":47,"key":"Akabeko"},{"floor":54,"key":"Letter Opener"}],"event_choices":[{"damage_healed":0,"gold_gain":0,"player_choice":"Grow","damage_taken":0,"max_hp_gain":0,"max_hp_loss":0,"event_name":"Living Wall","floor":2,"gold_loss":0,"cards_upgraded":["Eruption"]},{"damage_healed":0,"gold_gain":0,"player_choice":"Success","damage_taken":3,"relics_obtained":["Mango"],"max_hp_gain":0,"max_hp_loss":0,"event_name":"Scrap Ooze","floor":3,"gold_loss":0},{"damage_healed":0,"gold_gain":0,"cards_transformed":["Strike_P","Strike_P"],"player_choice":"Became Test Subject","damage_taken":0,"max_hp_gain":0,"max_hp_loss":0,"event_name":"Drug Dealer","floor":27,"gold_loss":0,"cards_obtained":["Omniscience","Study"]},{"damage_healed":0,"gold_gain":0,"player_choice":"Opened","damage_taken":0,"relics_obtained":["Mercury Hourglass"],"max_hp_gain":0,"max_hp_loss":0,"event_name":"The Mausoleum","floor":28,"gold_loss":0},{"damage_healed":0,"gold_gain":0,"player_choice":"Relic","damage_taken":0,"max_hp_gain":0,"max_hp_loss":0,"event_name":"Wheel of Change","floor":29,"gold_loss":0},{"damage_healed":21,"gold_gain":0,"player_choice":"Writhe","damage_taken":0,"max_hp_gain":0,"max_hp_loss":0,"event_name":"Winding Halls","floor":44,"gold_loss":0,"cards_obtained":["Writhe"]},{"damage_healed":0,"gold_gain":0,"player_choice":"Forge","damage_taken":0,"max_hp_gain":0,"max_hp_loss":0,"event_name":"Accursed Blacksmith","floor":48,"gold_loss":0,"cards_upgraded":["LikeWater"]}],"is_beta":false,"boss_relics":[{"not_picked":["Coffee Dripper","Ectoplasm"],"picked":"SacredBark"},{"not_picked":["Velvet Choker","Sozu"],"picked":"HolyWater"}],"items_purged_floors":[20,53],"is_endless":false,"potions_floor_spawned":[1,10,12,13,16,18,19,21,22,24,31,33,35,36,38,39,41,42,45,47,54],"killed_by":"The Heart","ascension_level":3}}