{"host":"2wp95sdfrgw3k439","time":1612646883,"event":{"mods":["BaseMod","Better Altar","Better Skull","Better Third Choice","Curses Come First","Minty Spire (QoL Compilation)","Permanent Neow","StSLib"],"gold_per_floor":[116,116,130,130,149,149,174,174,174,174,207,207,19,37,37,142,142,155,155,155,167,185,213,213,229,229,257,356,356,383,400,400,505,505,523,326,337,416,435,435,460,477,477,92,119,134,134,169,169,169],"floor_reached":51,"language":"ENG","playtime":2015,"items_purged":["Strike_G","Strike_G"],"score":1214,"play_id":"ea16b2f3-a7ec-4f38-9779-a497df43c313","local_time":"20210206142803","is_ascension_mode":true,"campfire_choices":[{"data":"1","floor":6,"key":"LIFT"},{"data":"2","floor":8,"key":"LIFT"},{"data":"3","floor":10,"key":"LIFT"},{"data":"Predator","floor":15,"key":"SMITH"},{"floor":29,"key":"REST"},{"data":"Cloak And Dagger","floor":32,"key":"SMITH"},{"data":"Infinite Blades","floor":40,"key":"SMITH"},{"data":"Blade Dance","floor":47,"key":"SMITH"},{"data":"After Image","floor":49,"key":"SMITH"}],"circlet_count":0,"master_deck":["Strike_G","Strike_G","Defend_G+1","Defend_G","Defend_G","Defend_G","Defend_G","Survivor","Neutralize","CurseOfTheBell","Poisoned Stab+1","Dagger Throw","Bane","Noxious Fumes","Accuracy","Grand Finale","Predator+1","After Image+1","Choke","Dagger Spray+1","Blur","Cloak And Dagger+1","Leg Sweep","Accuracy","After Image","Accuracy+1","Infinite Blades+1","Blade Dance+1","Prepared+1","Acrobatics+1","Calculated Gamble+1"],"relics":["Calling Bell","MealTicket","Ninja Scroll","Girya","Bottled Flame","Anchor","Vajra","Bronze Scales","Philosopher\u0027s Stone","Bloody Idol","Tiny Chest","NlothsMask","Blood Vial","Lizard Tail","WristBlade","Ornamental Fan","Paper Crane","Art of War","Potion Belt","Gremlin Horn","Kunai"],"acts_visited":["Exordium","TheCity","TheBeyond"],"potions_floor_usage":[11,11,23,30,30,33,33,39,41,45,46,48,50],"damage_taken":[{"damage":1,"enemies":"2 Louse","floor":1,"turns":3},{"damage":4,"enemies":"Jaw Worm","floor":3,"turns":2},{"damage":0,"enemies":"Small Slimes","floor":5,"turns":3},{"damage":9,"enemies":"3 Sentries","floor":7,"turns":9},{"damage":0,"enemies":"Gremlin Nob","floor":11,"turns":2},{"damage":0,"enemies":"Exordium Thugs","floor":14,"turns":3},{"damage":2,"enemies":"Slime Boss","floor":16,"turns":6},{"damage":0,"enemies":"Chosen","floor":18,"turns":3},{"damage":11,"enemies":"2 Thieves","floor":21,"turns":4},{"damage":2,"enemies":"Cultist and Chosen","floor":22,"turns":4},{"damage":30,"enemies":"Gremlin Leader","floor":23,"turns":4},{"damage":0,"enemies":"Snake Plant","floor":25,"turns":2},{"damage":13,"enemies":"Slavers","floor":27,"turns":2},{"damage":7,"enemies":"Book of Stabbing","floor":30,"turns":4},{"damage":9,"enemies":"Sentry and Sphere","floor":31,"turns":3},{"damage":54,"enemies":"Automaton","floor":33,"turns":8},{"damage":4,"enemies":"3 Shapes","floor":35,"turns":2},{"damage":0,"enemies":"Orb Walker","floor":37,"turns":2},{"damage":13,"enemies":"4 Shapes","floor":39,"turns":4},{"damage":40,"enemies":"Reptomancer","floor":41,"turns":4},{"damage":0,"enemies":"Maw","floor":42,"turns":5},{"damage":3,"enemies":"Nemesis","floor":45,"turns":4},{"damage":0,"enemies":"Spire Growth","floor":46,"turns":3},{"damage":0,"enemies":"Reptomancer","floor":48,"turns":3},{"damage":52,"enemies":"Time Eater","floor":50,"turns":7}],"seed_played":"3745057143518783487","potions_obtained":[{"floor":1,"key":"CunningPotion"},{"floor":5,"key":"SpeedPotion"},{"floor":7,"key":"Fire Potion"},{"floor":16,"key":"SpeedPotion"},{"floor":22,"key":"Explosive Potion"},{"floor":23,"key":"Energy Potion"},{"floor":31,"key":"Block Potion"},{"floor":33,"key":"PowerPotion"},{"floor":35,"key":"Poison Potion"},{"floor":39,"key":"GamblersBrew"},{"floor":42,"key":"DistilledChaos"},{"floor":48,"key":"Explosive Potion"}],"is_trial":false,"path_per_floor":["M","?","M","?","M","R","E","R","T","R","E","?","$","M","R","B",null,"M","?","?","M","M","E","?","M","T","E","?","R","E","M","R","B",null,"M","$","M","T","M","R","E","M","T","$","E","M","R","E","R","B",null],"character_chosen":"THE_SILENT","items_purchased":["Bronze Scales","Predator","Infinite Blades","Blade Dance","Potion Belt","CunningPotion","Strength Potion"],"campfire_rested":1,"item_purchase_floors":[13,13,36,36,44,44,44],"current_hp_per_floor":[62,67,63,48,48,48,39,39,39,39,39,39,54,54,54,52,69,69,31,56,55,58,33,33,38,38,30,35,57,57,55,55,8,58,61,75,75,75,67,67,34,41,41,56,60,67,67,74,74,23],"gold":169,"neow_bonus":"BOSS_RELIC","is_daily":false,"chose_seed":false,"campfire_upgraded":5,"win_rate":0.0,"timestamp":1612646883,"path_taken":["M","?","M","?","M","R","E","R","T","R","E","?","$","?","R","BOSS","M","?","?","M","M","E","?","?","T","E","?","R","E","M","R","BOSS","M","$","M","?","M","R","E","?","T","$","E","M","R","E","R","BOSS"],"items_purchased_type":["Relic","Card","Card","Card","Relic","Potion","Potion"],"build_version":"2020-12-22","purchased_purges":2,"victory":true,"max_hp_per_floor":[70,75,75,75,75,75,75,75,75,75,75,75,75,75,75,75,75,75,75,75,75,75,75,75,75,75,75,75,75,75,75,75,75,75,75,75,75,75,75,75,75,75,75,75,75,75,75,75,75,75],"card_choices":[{"not_picked":["Bane","Outmaneuver"],"picked":"Poisoned Stab","floor":1},{"not_picked":["Backstab","Reflex"],"picked":"Dagger Throw","floor":3},{"not_picked":["Eviscerate","Slice"],"picked":"Bane","floor":5},{"not_picked":["Skewer","Flechettes"],"picked":"Noxious Fumes","floor":7},{"not_picked":["A Thousand Cuts","Distraction"],"picked":"Accuracy","floor":11},{"not_picked":["Deflect","Sucker Punch","Underhanded Strike"],"picked":"SKIP","floor":14},{"not_picked":["Corpse Explosion","Grand Finale"],"picked":"After Image","floor":16},{"not_picked":["Calculated Gamble","Backflip"],"picked":"Choke","floor":18},{"not_picked":["Choke","Noxious Fumes"],"picked":"Dagger Spray+1","floor":21},{"not_picked":["Calculated Gamble","Dagger Throw","Deadly Poison"],"picked":"SKIP","floor":22},{"not_picked":["Dagger Throw","Poisoned Stab","Prepared"],"picked":"SKIP","floor":23},{"not_picked":["Unload","Quick Slash"],"picked":"Blur","floor":25},{"not_picked":["Deflect","Deadly Poison+1"],"picked":"Cloak And Dagger","floor":27},{"not_picked":["Masterful Stab","Slice"],"picked":"Leg Sweep","floor":30},{"not_picked":["Distraction","PiercingWail+1"],"picked":"Accuracy","floor":31},{"not_picked":["Night Terror","A Thousand Cuts"],"picked":"After Image","floor":33},{"not_picked":["Deflect+1","Underhanded Strike"],"picked":"Accuracy+1","floor":35},{"not_picked":["Bane","Blur"],"picked":"Prepared+1","floor":37},{"not_picked":["Deadly Poison+1","Dagger Spray+1"],"picked":"Acrobatics+1","floor":39},{"not_picked":["Dodge and Roll","Leg Sweep+1"],"picked":"Calculated Gamble+1","floor":41},{"not_picked":["Prepared","PiercingWail","Venomology"],"picked":"SKIP","floor":42},{"not_picked":["Backstab","Eviscerate","Underhanded Strike"],"picked":"SKIP","floor":45},{"not_picked":["All Out Attack","Sucker Punch+1","Deflect+1"],"picked":"SKIP","floor":46},{"not_picked":["Flechettes+1","Backstab","Tactician"],"picked":"SKIP","floor":48}],"player_experience":561552,"relics_obtained":[{"floor":0,"key":"MealTicket"},{"floor":0,"key":"Ninja Scroll"},{"floor":0,"key":"Girya"},{"floor":7,"key":"Bottled Flame"},{"floor":9,"key":"Anchor"},{"floor":11,"key":"Vajra"},{"floor":23,"key":"Tiny Chest"},{"floor":27,"key":"Blood Vial"},{"floor":30,"key":"Lizard Tail"},{"floor":38,"key":"Ornamental Fan"},{"floor":41,"key":"Paper Crane"},{"floor":43,"key":"Art of War"},{"floor":45,"key":"Gremlin Horn"},{"floor":48,"key":"Kunai"}],"event_choices":[{"damage_healed":0,"gold_gain":0,"player_choice":"Donut","damage_taken":0,"max_hp_gain":5,"max_hp_loss":0,"event_name":"Big Fish","floor":2,"gold_loss":0},{"damage_healed":63,"gold_gain":0,"player_choice":"Upgrade","damage_taken":15,"max_hp_gain":0,"max_hp_loss":75,"event_name":"betterThird:BetterShining","floor":4,"gold_loss":0,"cards_upgraded":["Defend_G","Poisoned Stab"]},{"damage_healed":0,"gold_gain":0,"cards_transformed":["Strike_G"],"player_choice":"Transformed","damage_taken":0,"max_hp_gain":0,"max_hp_loss":0,"event_name":"Transmorgrifier","floor":12,"gold_loss":0,"cards_obtained":["Grand Finale"]},{"damage_healed":0,"gold_gain":0,"player_choice":" Idol ","damage_taken":38,"relics_obtained":["Bloody Idol"],"max_hp_gain":69,"max_hp_loss":31,"event_name":"betterAltar:BetterAltar","floor":19,"potions_obtained":[],"relics_lost":[],"gold_loss":0},{"damage_healed":25,"gold_gain":0,"player_choice":"Heal","damage_taken":0,"max_hp_gain":0,"max_hp_loss":0,"event_name":"The Library","floor":20,"gold_loss":0},{"damage_healed":0,"gold_gain":0,"player_choice":"Trade","damage_taken":0,"relics_obtained":["NlothsMask"],"max_hp_gain":0,"max_hp_loss":0,"event_name":"FaceTrader","floor":24,"gold_loss":0},{"damage_healed":0,"gold_gain":99,"player_choice":"Steal","damage_taken":0,"max_hp_gain":0,"max_hp_loss":0,"event_name":"betterThird:BetterNest","floor":28,"gold_loss":0}],"is_beta":false,"boss_relics":[{"not_picked":["Pandora\u0027s Box","SacredBark"],"picked":"Philosopher\u0027s Stone"},{"not_picked":["Busted Crown","Black Star"],"picked":"WristBlade"}],"items_purged_floors":[36,44],"is_endless":false,"potions_floor_spawned":[1,5,7,16,22,23,25,31,33,35,39,42,48],"ascension_level":9}}