{"host":"onjcd8pn3ar4eq0z","time":1612608645,"event":{"mods":["2.2 Compatiblity","AchievementEnabler","Act Like it!","Aspiration","BaseMod","Bestiary","Better Note","Better Third Choice","BetterRewards","CapriCore","ChefMod","Colored Map","Colored Powertips","Conspire","Downfall","Friendly Minions","Gensokyo","GifTheSpireLib","Gremlin Mod","Hallownest","Hermit","Highlight Path","Hubris","Infinite Spire","Jorbs\u0027s Wanderer Trilogy","Koishi","Lobotomy","LobotomyExtend","Marisa????????","Mimic Mod","Minty Spire (QoL Compilation)","Pale of the Ancients","Potionbrewer","Practice Mode","Relic Sorter","Reliquary","Remilia??????","Replay The Spire","Shop Mod","Spicy Shops","StSLib","Synergy Search","The Administrix","The Animator","The Blue Laboratory","The Bug Knight","The Cursed","The Disciple","The Hierophant","The Immortal","The Mystic","The Necromancer","The Runesmith","The Sage","The Servant 0.9.4","TheBandit","Wandering Minibosses","Yohane!","Yuyuko","noobMod"],"gold_per_floor":[99,118,129,331,343,374,374,392,292,309,319,332,348,348,365,470,470,270,280,295,51,51,151,231,131,146,166,166,194,210,210,224,322,322,322,338,338,351,351,96,134,151,164,164,176,176,211,221,240,240,253,253],"floor_reached":53,"language":"ENG","playtime":9216,"items_purged":["Shame"],"score":1511,"play_id":"0a6161e6-3e21-4168-8a8b-94a488cb4bfd","local_time":"20210206045045","is_ascension_mode":false,"campfire_choices":[{"floor":1,"key":"DIG"},{"floor":18,"key":"RECALL"},{"data":"MokouMod:Ember","floor":25,"key":"SMITH"},{"data":"MokouMod:InfernalWave","floor":28,"key":"SMITH"},{"data":"expansioncontent:DashGenerateEvil","floor":35,"key":"SMITH"},{"data":"Ghostly","floor":46,"key":"SMITH"}],"circlet_count":0,"master_deck":["MokouMod:Strike","MokouMod:Strike","MokouMod:Strike","MokouMod:Strike","MokouMod:Strike","MokouMod:Defend","MokouMod:Defend","MokouMod:Defend","MokouMod:Defend","MokouMod:HeatSpark","MokouMod:ProfanedFlare","MokouMod:InfernalWave+1","MokouMod:ResoluteFlare","MokouMod:Wildfire","MokouMod:Ember+1","Pot Of Greed","Pot Of Greed","MokouMod:Scorch","Ghostly+1","MokouMod:SubterraneanCore","MokouMod:Stoke","MokouMod:Overheat","MokouMod:Sear","MokouMod:TemporalFireSeal","MokouMod:Geothermal","Pot Of Greed","MokouMod:Afterburner+1","MokouMod:ScorchedEarth","MokouMod:ScorchedEarth","expansioncontent:DashGenerateEvil+1","MokouMod:AdaptivePyromancy","MokouMod:Fireball+1","MokouMod:HeartofFire","MokouMod:FujiyamaVolcano","MokouMod:IgnitionBarrier+1","MokouMod:FujiyamaVolcano+1","MokouMod:PhoenixForm","Pot Of Greed+1","MokouMod:ResoluteFlare+1","MokouMod:IllusoryBattlefield+1","MokouMod:HeatSpark","hubris:Insight","MokouMod:IgnitionBlast+1","expansioncontent:StudyTheSpire","MokouMod:IndiscriminateIgnition+1","MokouMod:BurningDraft+1","MokouMod:HeatTransfer+1","MokouMod:CrimsonArmoury+1","MokouMod:Firecracker","MokouMod:SearingBlow","Pot Of Greed","MokouMod:ResoluteFlare","MokouMod:HeatFactory"],"relics":["MokouMod:PhoenixFeather","downfall:GremlinWheel","ice","LetterFromLob","Grinning Jar","Bottled Flame","Honey Jar","downfall:HeartBlessingBlue","downfall:HeartBlessingGreen","ReplayTheSpireMod:CursedCoin","downfall:HeartBlessingRed","Bag of Marbles","hubris:BottledHeart","Busted Crown","ChewingGum","conspire:SpecialSausage","wanderingMiniBosses:AbyssPearl","MerchantsRug","Chameleon Ring","hubris:CrystalStatue","Thread and Needle","potionbrewer:DrinkingBird","paleoftheancients:Timepiece","paleoftheancients:KeyRelic","CultistMask"],"acts_visited":["Exordium","TheCity","TheBeyond","paleoftheancients:PaleOfTheAncients"],"potions_floor_usage":[20,33,33,47,50,50,51,52],"damage_taken":[{"damage":20,"enemies":"Small Slimes","floor":2,"turns":4},{"damage":0,"enemies":"2 Louse","floor":3,"turns":2},{"damage":10,"enemies":"Cultist","floor":5,"turns":4},{"damage":27,"enemies":"HollowMod:MossKnight","floor":6,"turns":20},{"damage":6,"enemies":"Exordium Wildlife","floor":8,"turns":2},{"damage":6,"enemies":"Large Slime","floor":10,"turns":5},{"damage":7,"enemies":"3 Louse","floor":11,"turns":3},{"damage":4,"enemies":"Gremlin Gang","floor":12,"turns":5},{"damage":6,"enemies":"Blue Slaver","floor":13,"turns":2},{"damage":0,"enemies":"3 Louse","floor":15,"turns":2},{"damage":0,"enemies":"SI_SHIV_ARCHETYPE","floor":16,"turns":5},{"damage":2,"enemies":"Spheric Guardian","floor":19,"turns":3},{"damage":45,"enemies":"Shell Parasite","floor":20,"turns":6},{"damage":2,"enemies":"downfall:FleeingMerchant","floor":21,"turns":4},{"damage":13,"enemies":"downfall:FleeingMerchant","floor":23,"turns":3},{"damage":15,"enemies":"Centurion and Healer","floor":26,"turns":4},{"damage":4,"enemies":"Chosen and Byrds","floor":27,"turns":4},{"damage":18,"enemies":"Book of Stabbing","floor":29,"turns":3},{"damage":21,"enemies":"Snake Plant","floor":30,"turns":3},{"damage":0,"enemies":"Sentry and Sphere","floor":32,"turns":3},{"damage":0,"enemies":"DF_ARCHETYPE_CLAW","floor":33,"turns":6},{"damage":0,"enemies":"Orb Walker","floor":36,"turns":2},{"damage":0,"enemies":"3 Shapes","floor":38,"turns":5},{"damage":0,"enemies":"downfall:FleeingMerchant","floor":40,"turns":4},{"damage":0,"enemies":"Spire Growth","floor":41,"turns":4},{"damage":0,"enemies":"Spire Growth","floor":42,"turns":2},{"damage":0,"enemies":"3 Darklings","floor":43,"turns":1},{"damage":0,"enemies":"Transient","floor":45,"turns":5},{"damage":0,"enemies":"Reptomancer","floor":47,"turns":3},{"damage":0,"enemies":"Spire Growth","floor":48,"turns":1},{"damage":0,"enemies":"Jaw Worm Horde","floor":49,"turns":2},{"damage":0,"enemies":"WA_ARCHETYPE_DIVINITY","floor":50,"turns":6},{"damage":0,"enemies":"WA_ARCHETYPE_DIVINITY","floor":51,"turns":4},{"damage":0,"enemies":"paleoftheancients:N","floor":52,"turns":7}],"seed_played":"-9030109007092075129","potions_obtained":[{"floor":2,"key":"blueLaboratory:ArtificerPotion"},{"floor":8,"key":"blueLaboratory:TrueEctoplasm"},{"floor":10,"key":"AttackPotion"},{"floor":15,"key":"Energy Potion"},{"floor":20,"key":"blueLaboratory:Moonshine"},{"floor":23,"key":"Doom Potion"},{"floor":26,"key":"Explosive Potion"},{"floor":30,"key":"SpeedPotion"},{"floor":36,"key":"blueLaboratory:SavagePotion"},{"floor":45,"key":"PowerPotion"},{"floor":48,"key":"blueLaboratory:SavagePotion"},{"floor":49,"key":"Elixir"}],"is_trial":false,"path_per_floor":["R_BF","M","M","?","M","E","T","M","?","M","M","M","M","T","M","B",null,"R_BF","M","M","$","?","?","T","R","M","M","R","E","M","?","M","B",null,"R","M","?","M","?","$","MIM","M","M","?","M","R","E","M","M","B","M","B",null],"character_chosen":"MKU","items_purchased":["expansioncontent:DashGenerateEvil","ReplayTheSpireMod:CursedCoin","MokouMod:AdaptivePyromancy","MerchantsRug","Chameleon Ring","hubris:CrystalStatue","expansioncontent:StudyTheSpire"],"campfire_rested":0,"item_purchase_floors":[21,21,21,40,40,40,40],"current_hp_per_floor":[82,62,62,62,52,25,25,19,19,13,6,78,72,72,72,72,90,100,98,53,51,51,38,38,112,97,93,93,75,54,1,1,1,11,11,11,11,11,11,11,11,11,11,3,13,13,13,13,13,45,48,58],"gold":253,"neow_bonus":"TEN_PERCENT_HP_BONUS","is_daily":false,"chose_seed":false,"campfire_upgraded":4,"win_rate":0.0,"timestamp":1612608645,"path_taken":["R_BF","M","M","?","?","E","T","M","?","M","M","M","M","?","M","BOSS","R_BF","M","M","$","?","?","T","R","M","?","R","E","M","?","M","BOSS","R","M","?","M","?","$","MIM","M","?","?","M","R","E","M","M","BOSS","M","BOSS"],"items_purchased_type":["Card","Relic","Card","Relic","Relic","Relic","Card"],"build_version":"2020-12-22","purchased_purges":1,"victory":true,"max_hp_per_floor":[82,82,82,82,82,82,82,82,82,82,82,83,84,84,84,90,90,100,101,106,111,111,112,112,112,118,131,131,136,139,1,2,11,11,11,12,12,18,18,23,25,25,25,25,30,30,37,37,39,45,51,65],"card_choices":[{"not_picked":["MokouMod:ResonatingAura","MokouMod:EnchantingBambooForest"],"picked":"MokouMod:ProfanedFlare","floor":1},{"not_picked":["MokouMod:TemporalFireSeal","MokouMod:FlamingFireTalons"],"picked":"MokouMod:InfernalWave","floor":2},{"not_picked":["MokouMod:IgneousBlow","MokouMod:SubterraneanCore"],"picked":"MokouMod:ResonanceReactor","floor":3},{"not_picked":["MokouMod:InfernalWave","MokouMod:SearingBlow"],"picked":"MokouMod:ResoluteFlare","floor":4},{"not_picked":["MokouMod:RoaringFlare","MokouMod:Singe"],"picked":"MokouMod:Wildfire","floor":5},{"not_picked":["MokouMod:Burn","MokouMod:Refresh"],"picked":"MokouMod:Ember","floor":6},{"not_picked":["MokouMod:CrimsonFlare","MokouMod:HeatTransfer"],"picked":"MokouMod:Scorch","floor":8},{"not_picked":["MokouMod:IndiscriminateIgnition","MokouMod:TemporalFireSeal"],"picked":"MokouMod:SubterraneanCore","floor":10},{"not_picked":["MokouMod:TemporalFireSeal","MokouMod:BurningDraft"],"picked":"MokouMod:Stoke","floor":11},{"not_picked":["MokouMod:ControlledCombustion","MokouMod:Firecracker"],"picked":"MokouMod:Overheat","floor":12},{"not_picked":["MokouMod:FlamingFireTalons","MokouMod:TemporalFireSeal"],"picked":"MokouMod:Sear","floor":13},{"not_picked":["MokouMod:Ember","MokouMod:ProfanedFlare"],"picked":"MokouMod:TemporalFireSeal","floor":15},{"not_picked":["MokouMod:EnchantingBambooForest","MokouMod:ProfanedFlare"],"picked":"MokouMod:Geothermal","floor":16},{"not_picked":["MokouMod:Sear","MokouMod:RetainTemperature","MokouMod:UncontrollableSolarReaction"],"picked":"MokouMod:Afterburner+1","floor":19},{"not_picked":["MokouMod:ResoluteFlare","MokouMod:IndiscriminateIgnition","MokouMod:Scorch+1"],"picked":"MokouMod:ScorchedEarth","floor":20},{"not_picked":["MokouMod:HeatFactory","MokouMod:Combust+1","MokouMod:Geothermal"],"picked":"MokouMod:ScorchedEarth","floor":21},{"not_picked":["MokouMod:ScorchingColumn","MokouMod:AdaptivePyromancy","MokouMod:FlickeringFlame"],"picked":"MokouMod:Fireball+1","floor":26},{"not_picked":["MokouMod:RoaringFlare+1","MokouMod:ImperishableFlame+1","MokouMod:Overheat+1"],"picked":"MokouMod:HeartofFire","floor":27},{"not_picked":["MokouMod:SubterraneanCore+1","MokouMod:UncontrollableSolarReaction","MokouMod:Singe"],"picked":"MokouMod:FujiyamaVolcano","floor":29},{"not_picked":["MokouMod:Firecracker","MokouMod:HeartofFire","MokouMod:InfernalWave"],"picked":"MokouMod:IgnitionBarrier+1","floor":30},{"not_picked":["MokouMod:ScorchedEarth+1","MokouMod:Sear","MokouMod:FlickeringFlame+1"],"picked":"MokouMod:FujiyamaVolcano","floor":32},{"not_picked":["MokouMod:ResonatingAura","MokouMod:BurningHiddenBullet","MokouMod:ProfanedFlare"],"picked":"MokouMod:PhoenixForm","floor":33},{"not_picked":["MokouMod:ResonanceReactor+1"],"picked":"MokouMod:ResoluteFlare+1","floor":36},{"not_picked":["MokouMod:Ember"],"picked":"MokouMod:IllusoryBattlefield+1","floor":38},{"not_picked":["MokouMod:FujiyamaVolcano"],"picked":"MokouMod:IgnitionBlast+1","floor":40},{"not_picked":["MokouMod:FujiyamaVolcano"],"picked":"MokouMod:IndiscriminateIgnition+1","floor":41},{"not_picked":["MokouMod:IndiscriminateIgnition"],"picked":"MokouMod:BurningDraft+1","floor":42},{"not_picked":["MokouMod:IgnitionBlast+1"],"picked":"MokouMod:HeatTransfer+1","floor":43},{"not_picked":["MokouMod:RoaringFlare"],"picked":"MokouMod:CrimsonArmoury+1","floor":45},{"not_picked":["MokouMod:Singe"],"picked":"MokouMod:Firecracker","floor":47},{"not_picked":["MokouMod:IgnitionBarrier+1"],"picked":"MokouMod:SearingBlow","floor":48},{"not_picked":["MokouMod:Singe"],"picked":"MokouMod:ResoluteFlare","floor":49},{"not_picked":["MokouMod:InfernalWave"],"picked":"MokouMod:HeatFactory","floor":51}],"player_experience":459432,"relics_obtained":[{"floor":1,"key":"conspire:GiftBox"},{"floor":2,"key":"LetterFromLob"},{"floor":6,"key":"Grinning Jar"},{"floor":7,"key":"Bottled Flame"},{"floor":23,"key":"downfall:GremlinWheel"},{"floor":24,"key":"reliquary:FeatherDuster"},{"floor":29,"key":"Bag of Marbles"},{"floor":38,"key":"wanderingMiniBosses:AbyssPearl"},{"floor":41,"key":"Thread and Needle"},{"floor":47,"key":"potionbrewer:DrinkingBird"}],"event_choices":[{"damage_healed":0,"gold_gain":0,"player_choice":"Argue","damage_taken":0,"max_hp_gain":0,"max_hp_loss":0,"event_name":"conspire:LoneGhost","floor":9,"gold_loss":0},{"cards_removed":["expansioncontent:DashGenerateEvil"],"damage_healed":0,"gold_gain":0,"player_choice":"Give","damage_taken":0,"max_hp_gain":0,"max_hp_loss":0,"event_name":"betterNote:BetterNote","floor":22,"gold_loss":0,"cards_obtained":["Strike_W"]},{"damage_healed":74,"gold_gain":0,"player_choice":"Full Heal","damage_taken":0,"max_hp_gain":0,"max_hp_loss":0,"event_name":"Wheel of Change","floor":25,"gold_loss":0}],"is_beta":false,"boss_relics":[{"not_picked":["aspiration:MobileForge","Runic Pyramid"],"picked":"Honey Jar"},{"not_picked":["SacredBark","Philosopher\u0027s Stone"],"picked":"Replay:Grab Bag"},{"not_picked":["Sozu","hubris:RunicObelisk"],"picked":"Busted Crown"},{"not_picked":["conspire:SlowCooker","conspire:SeveredTorchhead"],"picked":"ChewingGum"},{"not_picked":["Replay:Drink Me","aspiration:SilentSkillbook"],"picked":"conspire:SpecialSausage"}],"items_purged_floors":[21],"is_endless":false,"potions_floor_spawned":[2,8,10,12,15,20,23,26,30,36,45,48,49],"ascension_level":0}}