{"host":"15dd7v8o90xso62x","time":1612635227,"event":{"mods":["BaseMod","Minty Spire (QoL Compilation)","Quick Restart","StSLib","SuperFastMode"],"gold_per_floor":[118,37,48,63,75,75,75,93,93,109,42,54,73,73,73,73,73],"floor_reached":16,"language":"KOR","playtime":427,"items_purged":[],"score":192,"play_id":"47d4367e-e65e-4c4c-ba38-861a5a294ce0","local_time":"20210207031347","is_ascension_mode":true,"campfire_choices":[{"data":"Skewer","floor":6.0,"key":"SMITH"},{"data":"Crippling Poison","floor":15,"key":"SMITH"}],"circlet_count":0,"master_deck":["AscendersBane","Strike_G","Strike_G","Strike_G","Strike_G","Strike_G","Defend_G","Defend_G","Defend_G","Defend_G","Defend_G","Survivor","Neutralize","Well Laid Plans","Tactician","Skewer+1","Acrobatics","Adrenaline","Crippling Poison+1"],"relics":["Ring of the Snake","NeowsBlessing","Blue Candle","The Courier"],"acts_visited":["Exordium"],"potions_floor_usage":[],"damage_taken":[{"damage":0.0,"enemies":"Cultist","floor":1.0,"turns":1.0},{"damage":0.0,"enemies":"2 Louse","floor":3.0,"turns":1.0},{"damage":0.0,"enemies":"Jaw Worm","floor":4.0,"turns":1.0},{"damage":11.0,"enemies":"Blue Slaver","floor":5.0,"turns":7.0},{"damage":9.0,"enemies":"3 Louse","floor":8.0,"turns":4.0},{"damage":3.0,"enemies":"Looter","floor":10.0,"turns":3.0},{"damage":12.0,"enemies":"Large Slime","floor":12.0,"turns":6.0},{"damage":3.0,"enemies":"Red Slaver","floor":13.0,"turns":4.0},{"damage":26,"enemies":"Hexaghost","floor":16,"turns":9}],"seed_played":"-1644975468704124916","potions_obtained":[{"floor":3.0,"key":"SpeedPotion"},{"floor":12.0,"key":"Block Potion"}],"is_trial":false,"path_per_floor":["M","$","M","M","M","R","?","M","T","M","$","M","M","?","R","B"],"character_chosen":"THE_SILENT","items_purchased":["Well Laid Plans","Adrenaline"],"campfire_rested":0,"item_purchase_floors":[2,11],"current_hp_per_floor":[59,59,59,59,48,48,48,39,39,36,36,24,21,66,66,40,40],"gold":73,"neow_bonus":"THREE_ENEMY_KILL","is_daily":false,"chose_seed":false,"campfire_upgraded":2,"win_rate":0.0,"timestamp":1612635227,"path_taken":["M","$","?","M","M","R","?","M","T","M","$","M","M","?","R","BOSS"],"items_purchased_type":["Card","Card"],"build_version":"2020-12-22","purchased_purges":0,"victory":false,"max_hp_per_floor":[66,66,66,66,66,66,66,66,66,66,66,66,66,66,66,66,66],"card_choices":[{"not_picked":["Slice","Backflip"],"picked":"Escape Plan","floor":1.0},{"not_picked":["Finisher","Eviscerate"],"picked":"Tactician","floor":3.0},{"not_picked":["Backflip","Heel Hook","Masterful Stab"],"picked":"SKIP","floor":4.0},{"not_picked":["Sucker Punch","Flechettes"],"picked":"Skewer","floor":5.0},{"not_picked":["Sucker Punch","Backflip"],"picked":"Acrobatics","floor":8.0},{"not_picked":["Accuracy","Quick Slash","Infinite Blades"],"picked":"SKIP","floor":10.0},{"not_picked":["Acrobatics","Poisoned Stab"],"picked":"Crippling Poison","floor":12.0},{"not_picked":["Skewer","Infinite Blades","Unload"],"picked":"SKIP","floor":13.0}],"player_experience":937761,"relics_obtained":[{"floor":9.0,"key":"The Courier"}],"event_choices":[{"damage_healed":0.0,"max_hp_gain":0.0,"max_hp_loss":0.0,"gold_gain":0.0,"event_name":"Dead Adventurer","player_choice":"Searched \u00271\u0027 times","floor":7.0,"gold_loss":0.0,"damage_taken":0.0,"relics_obtained":["Blue Candle"]},{"cards_removed":["Escape Plan"],"damage_healed":45,"gold_gain":0,"player_choice":"Offered Uncommon","damage_taken":0,"max_hp_gain":0,"max_hp_loss":0,"event_name":"Bonfire Elementals","floor":14,"gold_loss":0}],"is_beta":false,"boss_relics":[],"items_purged_floors":[],"is_endless":false,"potions_floor_spawned":[3,12,13],"killed_by":"Hexaghost","ascension_level":20}}