{"host":"hqvh779b89tfrjxy","time":1612624112,"event":{"mods":["Act Like it!","BaseMod","Better Third Choice","Downfall","Elementarium","GifTheSpireLib","Minty Spire (QoL Compilation)","Replay The Spire","Spicy Shops","StSLib","The Dragon Tamer"],"gold_per_floor":[119,130,143,155,168,193,193,203,203,203,203,278,308,327,327,327,327],"floor_reached":16,"language":"ENG","playtime":772,"items_purged":["Languid"],"score":160,"play_id":"e938e0d1-b077-48ed-aa26-ef813feb70be","local_time":"20210206160832","is_ascension_mode":true,"campfire_choices":[{"data":"Neutralize","floor":7,"key":"SMITH"},{"data":"Poisoned Stab","floor":10,"key":"SMITH"},{"floor":15,"key":"REST"}],"circlet_count":0,"master_deck":["Strike_G","Strike_G","Strike_G","Strike_G","Strike_G","Defend_G","Defend_G","Defend_G","Defend_G","Defend_G","Survivor","Neutralize+1","Poisoned Stab+1","Backflip","Deadly Poison","PiercingWail","Dagger Spray","Crippling Poison","Poisoned Stab","Bane"],"relics":["Ring of the Snake","Blood Vial","ReplayTheSpireMod:CursedCoin","Tough Bandages"],"acts_visited":["Exordium"],"potions_floor_usage":[6,13,16],"damage_taken":[{"damage":3,"enemies":"Cultist","floor":1,"turns":4},{"damage":0,"enemies":"2 Louse","floor":2,"turns":4},{"damage":4,"enemies":"Small Slimes","floor":3,"turns":3},{"damage":5,"enemies":"Gremlin Gang","floor":4,"turns":6},{"damage":2,"enemies":"2 Fungi Beasts","floor":5,"turns":4},{"damage":24,"enemies":"Gremlin Nob","floor":6,"turns":4},{"damage":4,"enemies":"Large Slime","floor":8,"turns":5},{"damage":16,"enemies":"Replay:BlueRogue","floor":13,"turns":7},{"damage":5,"enemies":"Lots of Slimes","floor":14,"turns":5},{"damage":38,"enemies":"Slime Boss","floor":16,"turns":8}],"seed_played":"2710529115439931647","potions_obtained":[{"floor":1,"key":"SteroidPotion"},{"floor":4,"key":"LiquidMemories"},{"floor":8,"key":"SkillPotion"},{"floor":14,"key":"FairyPotion"}],"is_trial":false,"path_per_floor":["M","M","M","M","M","E","R","M","T","R","?","$","E","M","R","B"],"character_chosen":"THE_SILENT","items_purchased":["ReplayTheSpireMod:CursedCoin"],"campfire_rested":1,"item_purchase_floors":[12],"current_hp_per_floor":[67,67,63,58,56,32,32,30,30,30,30,30,16,13,36,23,23],"gold":327,"neow_bonus":"TEN_PERCENT_HP_BONUS","is_daily":false,"chose_seed":false,"campfire_upgraded":2,"win_rate":0.0,"timestamp":1612624112,"path_taken":["M","M","M","?","M","E","R","M","T","R","?","$","E","M","R","BOSS"],"items_purchased_type":["Relic"],"build_version":"2020-12-22","purchased_purges":1,"victory":false,"max_hp_per_floor":[77,77,77,77,77,77,77,77,77,77,77,77,77,77,77,77,77],"card_choices":[{"not_picked":["PiercingWail","Acrobatics"],"picked":"Poisoned Stab","floor":1},{"not_picked":["Masterful Stab","Flying Knee"],"picked":"Backflip","floor":2},{"not_picked":["Skewer","Prepared"],"picked":"Deadly Poison","floor":3},{"not_picked":["PiercingWail","Expertise","Calculated Gamble"],"picked":"SKIP","floor":4},{"not_picked":["Expertise","Calculated Gamble"],"picked":"PiercingWail","floor":4},{"not_picked":["Venomology","Accuracy"],"picked":"Dagger Spray","floor":5},{"not_picked":["Sucker Punch","Deflect"],"picked":"Crippling Poison","floor":6},{"not_picked":["Expertise","Backflip"],"picked":"Poisoned Stab","floor":8},{"not_picked":["Escape Plan","Dash"],"picked":"Bane","floor":13},{"not_picked":["Dagger Spray","Distraction","All Out Attack"],"picked":"SKIP","floor":14}],"player_experience":224822,"relics_obtained":[{"floor":6,"key":"Blood Vial"},{"floor":13,"key":"Tough Bandages"}],"event_choices":[{"damage_healed":0,"gold_gain":0,"player_choice":"Ignored","damage_taken":203,"max_hp_gain":0,"max_hp_loss":0,"event_name":"betterThird:BetterSerpent","floor":11,"gold_loss":0}],"is_beta":false,"boss_relics":[],"items_purged_floors":[12],"is_endless":false,"potions_floor_spawned":[1,4,8,14],"killed_by":"Slime Boss","ascension_level":8}}