{"host":"a464imauj9yqom7y","time":1612643455,"event":{"mods":["AchievementEnabler","BaseMod","Better Altar","Better Match","Better Note","Better Sensory Stone","Better Skull","BetterRewards","ChefMod","Colored Map","Colored Powertips","Hermit","Minty Spire (QoL Compilation)","Rare Cards Sparkle","Robot Space Explorer","Somnambulant","StSLib","The Marked","The Runesmith","TheBandit"],"gold_per_floor":[109,109,120,120,139,139,155,1,1,1,18,46,46,11,11,110,110,121,221,234,234,250,250,266,279,325,325,325,355,371,381,381,480,480,492,511,526,526,537,537,563,563,637,562,562,580,580,167,167,167],"floor_reached":51,"language":"ENG","playtime":5017,"items_purged":["Writhe"],"score":654,"play_id":"90e2c421-8b53-46ea-b9ab-4c65c18efc23","local_time":"20210206143055","is_ascension_mode":false,"campfire_choices":[{"data":"Eruption","floor":6.0,"key":"SMITH"},{"data":"Evaluate","floor":10.0,"key":"SMITH"},{"data":"Vault","floor":13.0,"key":"SMITH"},{"data":"WheelKick","floor":15.0,"key":"SMITH"},{"data":"Tantrum","floor":23,"key":"SMITH"},{"floor":27,"key":"REST"},{"floor":32,"key":"REST"},{"floor":40,"key":"REST"},{"floor":42,"key":"REST"},{"data":"DeceiveReality","floor":45,"key":"SMITH"},{"floor":49,"key":"REST"}],"circlet_count":0,"master_deck":["Strike_P","Strike_P","Strike_P","Strike_P","Defend_P","Defend_P","Defend_P","Defend_P","Eruption+1","Vigilance","ReachHeaven","WheelKick+1","SignatureMove","Evaluate+1","CutThroughFate","Vault+1","MasterReality+1","Study+1","Tantrum+1","EmptyBody","FollowUp","FearNoEvil+1","EmptyFist","Protect+1","DevaForm","DevaForm","Adaptation+1","Protect","Evaluate","DeceiveReality+1","Judgement+1","SandsOfTime+1","WindmillStrike","Violence","Crescendo+1","ClearTheMind+1"],"relics":["PureWater","NeowsBlessing","Membership Card","Ornamental Fan","StoneCalendar","Philosopher\u0027s Stone","Lantern","Red Mask","Busted Crown","Vajra","Eternal Feather","Orichalcum","Toxic Egg 2"],"acts_visited":["Exordium","TheCity","TheBeyond"],"potions_floor_usage":[25,33,46,50,50,50,50],"damage_taken":[{"damage":0.0,"enemies":"Cultist","floor":1.0,"turns":1.0},{"damage":0.0,"enemies":"2 Louse","floor":3.0,"turns":1.0},{"damage":0.0,"enemies":"Small Slimes","floor":5.0,"turns":1.0},{"damage":0.0,"enemies":"Red Slaver","floor":7.0,"turns":1.0},{"damage":4.0,"enemies":"Blue Slaver","floor":11.0,"turns":3.0},{"damage":13.0,"enemies":"Gremlin Nob","floor":12.0,"turns":4.0},{"damage":41,"enemies":"Hexaghost","floor":16,"turns":8},{"damage":12,"enemies":"Shell Parasite","floor":18,"turns":6},{"damage":0,"enemies":"Chosen","floor":20,"turns":4},{"damage":18,"enemies":"Snake Plant","floor":22,"turns":3},{"damage":17,"enemies":"Centurion and Healer","floor":24,"turns":4},{"damage":0,"enemies":"3 Cultists","floor":25,"turns":2},{"damage":0,"enemies":"Masked Bandits","floor":29,"turns":2},{"damage":7,"enemies":"Snake Plant","floor":30,"turns":2},{"damage":5,"enemies":"Snecko","floor":31,"turns":4},{"damage":27,"enemies":"Collector","floor":33,"turns":6},{"damage":12,"enemies":"3 Shapes","floor":35,"turns":5},{"damage":10,"enemies":"Orb Walker","floor":36,"turns":5},{"damage":18,"enemies":"Sphere and 2 Shapes","floor":37,"turns":4},{"damage":7,"enemies":"Transient","floor":39,"turns":6},{"damage":27,"enemies":"Giant Head","floor":41,"turns":8},{"damage":35,"enemies":"Writhing Mass","floor":46,"turns":8},{"damage":98,"enemies":"Awakened One","floor":50,"turns":9}],"seed_played":"-8713756985609661642","potions_obtained":[{"floor":3.0,"key":"Fire Potion"},{"floor":11.0,"key":"Block Potion"},{"floor":16,"key":"EntropicBrew"},{"floor":22,"key":"ColorlessPotion"},{"floor":29,"key":"PowerPotion"},{"floor":30,"key":"AttackPotion"},{"floor":31,"key":"DuplicationPotion"},{"floor":33,"key":"DistilledChaos"},{"floor":37,"key":"FairyPotion"}],"is_trial":false,"path_per_floor":["M","$","M","$","M","R","M","$","T","R","M","E","R","?","R","B",null,"M","?","M","?","M","R","M","M","T","R","?","?","M","M","R","B",null,"M","M","M","?","M","R","E","R","T","?","R","M","?","$","R","B",null],"character_chosen":"WATCHER","items_purchased":["Membership Card","WindmillStrike","Violence","SkillPotion","Orichalcum","Toxic Egg 2","Crescendo+1","ClearTheMind+1"],"campfire_rested":5,"item_purchase_floors":[8,48,48,48,48,48,48,48],"current_hp_per_floor":[72,72,72,72,72,72,72,72,72,72,68,55,55,72,72,31,72,60,60,60,60,42,42,25,25,25,46,46,46,39,34,55,28,72,60,50,32,50,43,64,37,58,58,58,72,37,37,37,72,17],"gold":167,"neow_bonus":"THREE_ENEMY_KILL","is_daily":false,"chose_seed":false,"campfire_upgraded":6,"win_rate":0.0,"timestamp":1612643455,"path_taken":["M","$","M","$","M","R","M","?","T","R","M","E","R","?","R","BOSS","M","?","?","?","M","R","M","?","T","R","?","?","M","M","R","BOSS","M","M","M","?","M","R","E","R","T","?","R","M","?","$","R","BOSS"],"items_purchased_type":["Relic","Card","Card","Potion","Relic","Relic","Card","Card"],"build_version":"2020-12-22","purchased_purges":1,"victory":true,"max_hp_per_floor":[72,72,72,72,72,72,72,72,72,72,72,72,72,72,72,72,72,72,72,72,72,72,72,72,72,72,72,72,72,72,72,72,72,72,72,72,72,72,72,72,72,72,72,72,72,72,72,72,72,72],"card_choices":[{"not_picked":["Halt","FlurryOfBlows"],"picked":"ReachHeaven","floor":1.0},{"not_picked":["ThirdEye","CutThroughFate"],"picked":"WheelKick","floor":3.0},{"not_picked":["Pray","Sanctity"],"picked":"SignatureMove","floor":5.0},{"not_picked":["FlurryOfBlows","LikeWater"],"picked":"Evaluate","floor":7.0},{"not_picked":["JustLucky","ThirdEye"],"picked":"CutThroughFate","floor":11.0},{"not_picked":["Fasting2","CutThroughFate"],"picked":"Vault","floor":12.0},{"not_picked":["ConjureBlade","Ragnarok"],"picked":"MasterReality","floor":16},{"not_picked":["FollowUp","SashWhip"],"picked":"Study","floor":18},{"not_picked":["ThirdEye","Study"],"picked":"Tantrum","floor":20},{"not_picked":["Adaptation","Wallop"],"picked":"EmptyBody","floor":22},{"not_picked":["WheelKick","ThirdEye"],"picked":"FollowUp","floor":24},{"not_picked":["WreathOfFlame","WaveOfTheHand"],"picked":"FearNoEvil+1","floor":25},{"not_picked":["EmptyBody+1","Protect"],"picked":"EmptyFist","floor":29},{"not_picked":["WaveOfTheHand","Consecrate+1"],"picked":"Protect+1","floor":30},{"not_picked":["EmptyBody+1","WindmillStrike+1"],"picked":"DevaForm","floor":31},{"not_picked":["LessonLearned","Omniscience"],"picked":"DevaForm","floor":33},{"not_picked":[],"picked":"Adaptation+1","floor":35},{"not_picked":["WaveOfTheHand"],"picked":"SKIP","floor":36},{"not_picked":[],"picked":"Protect","floor":37},{"not_picked":[],"picked":"Evaluate","floor":39},{"not_picked":[],"picked":"DeceiveReality","floor":41},{"not_picked":[],"picked":"Judgement+1","floor":44},{"not_picked":[],"picked":"SandsOfTime+1","floor":46}],"player_experience":50455,"relics_obtained":[{"floor":9.0,"key":"Ornamental Fan"},{"floor":12.0,"key":"StoneCalendar"},{"floor":26,"key":"Lantern"},{"floor":29,"key":"Red Mask"},{"floor":41,"key":"Vajra"},{"floor":43,"key":"Eternal Feather"}],"event_choices":[{"damage_healed":18.0,"max_hp_gain":0.0,"max_hp_loss":0.0,"gold_gain":0.0,"event_name":"The Cleric","player_choice":"Healed","floor":14.0,"gold_loss":35.0,"damage_taken":0.0},{"damage_healed":0,"gold_gain":100,"player_choice":"Pray","damage_taken":0,"max_hp_gain":0,"max_hp_loss":0,"event_name":"Golden Shrine","floor":19,"gold_loss":0},{"damage_healed":0,"gold_gain":0,"player_choice":"Upgraded","damage_taken":0,"max_hp_gain":0,"max_hp_loss":0,"event_name":"Upgrade Shrine","floor":21,"gold_loss":0,"cards_upgraded":["MasterReality"]},{"cards_removed":["Strike_P"],"damage_healed":0,"gold_gain":0,"player_choice":"Give","damage_taken":0,"max_hp_gain":0,"max_hp_loss":0,"event_name":"betterNote:BetterNote","floor":28,"gold_loss":0,"cards_obtained":["None"]},{"damage_healed":0,"gold_gain":0,"player_choice":"Fought Bandits","damage_taken":0,"max_hp_gain":0,"max_hp_loss":0,"event_name":"Masked Bandits","floor":29,"gold_loss":0},{"damage_healed":18,"gold_gain":0,"player_choice":"Writhe","damage_taken":0,"max_hp_gain":0,"max_hp_loss":0,"event_name":"Winding Halls","floor":38,"gold_loss":0,"cards_obtained":["Writhe"]},{"damage_healed":0,"gold_gain":0,"player_choice":"2","damage_taken":0,"max_hp_gain":0,"max_hp_loss":0,"event_name":"betterMatch:BetterMatch","floor":44,"gold_loss":0,"cards_obtained":["betterMatch:RareCard"]},{"damage_healed":0,"gold_gain":0,"player_choice":"Forge","damage_taken":0,"max_hp_gain":0,"max_hp_loss":0,"event_name":"Accursed Blacksmith","floor":47,"gold_loss":0,"cards_upgraded":["Study"]}],"is_beta":false,"boss_relics":[{"not_picked":["Fusion Hammer","Velvet Choker"],"picked":"Philosopher\u0027s Stone"},{"not_picked":["Runesmith:UraniumAnvil","Tiny House"],"picked":"Busted Crown"}],"items_purged_floors":[48],"is_endless":false,"potions_floor_spawned":[3,11,16,22,29,30,31,33,37,39],"ascension_level":0}}