{"host":"la6t950uoatqs0xt","time":1612611335,"event":{"mods":["AchievementEnabler","BaseMod","Colored Powertips","Minty Spire (QoL Compilation)","Quick Restart","Rare Cards Sparkle"],"gold_per_floor":[116,81,93,107,117,117,133,133,179,195,195,210,20,33,33,132,132,142,142,91,101,101,101,101],"floor_reached":23,"language":"ENG","playtime":791,"items_purged":["Blasphemy"],"score":210,"play_id":"c88497b5-a8ec-4957-87eb-402dd2fd026b","local_time":"20210206063535","is_ascension_mode":false,"campfire_choices":[{"data":"WindmillStrike","floor":6,"key":"SMITH"},{"data":"Eruption","floor":8,"key":"SMITH"},{"floor":11,"key":"REST"},{"floor":15,"key":"REST"}],"circlet_count":0,"master_deck":["Strike_P","Strike_P","Strike_P","Strike_P","Defend_P","Defend_P+1","Defend_P","Defend_P","Eruption+1","Vigilance+1","WindmillStrike+1","Indignation","FlyingSleeves","FlurryOfBlows","FlurryOfBlows","Protect","Prostrate","BattleHymn","EmptyBody","Worship","Devotion","BattleHymn","PathToVictory","EmptyFist+1","FollowUp","DeceiveReality"],"relics":["PureWater","War Paint","VioletLotus"],"acts_visited":["Exordium","TheCity"],"potions_floor_usage":[7,14,16,16],"damage_taken":[{"damage":12,"enemies":"2 Louse","floor":1,"turns":3},{"damage":0,"enemies":"Small Slimes","floor":3,"turns":3},{"damage":1,"enemies":"Cultist","floor":4,"turns":3},{"damage":16,"enemies":"Red Slaver","floor":5,"turns":5},{"damage":0,"enemies":"3 Louse","floor":7,"turns":1},{"damage":11,"enemies":"Exordium Thugs","floor":10,"turns":4},{"damage":14,"enemies":"Gremlin Gang","floor":12,"turns":6},{"damage":20,"enemies":"Lots of Slimes","floor":14,"turns":5},{"damage":14,"enemies":"The Guardian","floor":16,"turns":8},{"damage":42,"enemies":"Spheric Guardian","floor":18,"turns":6},{"damage":29,"enemies":"Shell Parasite","floor":21,"turns":4},{"damage":5,"enemies":"Book of Stabbing","floor":23,"turns":2}],"seed_played":"-7186161965265801810","potions_obtained":[{"floor":4,"key":"Explosive Potion"},{"floor":7,"key":"DistilledChaos"},{"floor":10,"key":"BottledMiracle"},{"floor":14,"key":"LiquidMemories"}],"is_trial":false,"path_per_floor":["M","?","M","M","M","R","M","R","T","M","R","M","$","M","R","B",null,"M","?","$","M","?","E"],"character_chosen":"WATCHER","items_purchased":["BattleHymn","EmptyBody","PathToVictory"],"campfire_rested":2,"item_purchase_floors":[13,13,20],"current_hp_per_floor":[60,72,72,71,55,55,55,55,55,44,65,51,51,31,52,38,72,30,30,30,1,1,0,0],"gold":101,"neow_bonus":"ONE_RANDOM_RARE_CARD","is_daily":false,"chose_seed":false,"campfire_upgraded":2,"win_rate":0.0,"timestamp":1612611335,"path_taken":["M","?","M","M","M","R","M","R","T","M","R","M","$","M","R","BOSS","M","?","$","M","?","E"],"items_purchased_type":["Card","Card","Card"],"build_version":"2020-12-22","purchased_purges":1,"victory":false,"max_hp_per_floor":[72,72,72,72,72,72,72,72,72,72,72,72,72,72,72,72,72,72,72,72,72,72,72,72],"card_choices":[{"not_picked":["SashWhip","ReachHeaven"],"picked":"WindmillStrike","floor":1},{"not_picked":["EmptyFist","Perseverance"],"picked":"Indignation","floor":3},{"not_picked":["Study","CutThroughFate"],"picked":"FlyingSleeves","floor":4},{"not_picked":["Halt","Consecrate"],"picked":"FlurryOfBlows","floor":5},{"not_picked":["BowlingBash","MentalFortress"],"picked":"FlurryOfBlows","floor":7},{"not_picked":["EmptyFist","FollowUp"],"picked":"Protect","floor":10},{"not_picked":["Devotion","ForeignInfluence"],"picked":"Prostrate","floor":12},{"not_picked":["SashWhip","FlyingSleeves"],"picked":"Worship","floor":14},{"not_picked":["Blasphemy","DevaForm"],"picked":"Devotion","floor":16},{"not_picked":["Tantrum","EmptyFist"],"picked":"BattleHymn","floor":18},{"not_picked":["JustLucky","CrushJoints"],"picked":"EmptyFist+1","floor":21}],"player_experience":287260,"relics_obtained":[{"floor":9,"key":"War Paint"}],"event_choices":[{"damage_healed":18,"gold_gain":0,"player_choice":"Healed","damage_taken":0,"max_hp_gain":0,"max_hp_loss":0,"event_name":"The Cleric","floor":2,"gold_loss":35},{"damage_healed":0,"gold_gain":0,"player_choice":"Ignored","damage_taken":0,"max_hp_gain":0,"max_hp_loss":0,"event_name":"Beggar","floor":19,"gold_loss":0},{"damage_healed":0,"gold_gain":0,"player_choice":"2 cards matched","damage_taken":0,"max_hp_gain":0,"max_hp_loss":0,"event_name":"Match and Keep!","floor":22,"gold_loss":0,"cards_obtained":["FollowUp","DeceiveReality"]}],"is_beta":false,"boss_relics":[{"not_picked":["SacredBark","Velvet Choker"],"picked":"VioletLotus"}],"items_purged_floors":[13],"is_endless":false,"potions_floor_spawned":[4,7,10,14],"killed_by":"Book of Stabbing","ascension_level":0}}