{"host":"etcb6tchevl37gae","time":1612620084,"event":{"mods":["BaseMod","Duelist Mod","GifTheSpireLib","Hubris","Minty Spire (QoL Compilation)","Permanent Neow","Remove Card Discount Mod","StSLib"],"gold_per_floor":[138,5000,3984,3996,4015,4015,4044,4056,4056,4075,4075,3274,3304,3321,3321,3418,3418,3403,2920,2920,2920,2310,2321,2331,2331,2331,2431,2466,2466,2466,2466],"floor_reached":30,"language":"ENG","playtime":2398,"items_purged":["theDuelist:CastleWalls","theDuelist:LesserDragon","theDuelist:BabyDragon","theDuelist:Jinzo","theDuelist:Sparks+1","theDuelist:YamataDragon"],"score":333,"play_id":"d02b4705-bfb5-457c-b499-775ca6b033f3","local_time":"20210206220124","is_ascension_mode":false,"campfire_choices":[{"data":"theDuelist:PurplePainOni","floor":6.0,"key":"SMITH"},{"floor":15.0,"key":"REST"},{"data":"Apotheosis","floor":25.0,"key":"SMITH"}],"circlet_count":0,"master_deck":["theDuelist:BabyDragon","theDuelist:CaveDragon","theDuelist:LesserDragon","theDuelist:SafeZone","theDuelist:MagicSparks+1","theDuelist:DragonCaptureJar","theDuelist:ArmedDragon5","theDuelist:Babycerasaurus","Magnetism","theDuelist:CyberTwinDragon","theDuelist:PurplePainOni+1","theDuelist:FangCritias+1","theDuelist:CyberDinosaur","theDuelist:Babycerasaurus","Bandage Up","Apotheosis+1","theDuelist:FrostflameDragon","theDuelist:DarkfireDragon","theDuelist:CyberDragonCore","theDuelist:DragonCaptureJar","theDuelist:ArmageddonDragonEmp","theDuelist:AncientPixieDragon","Mayhem","RitualDagger","theDuelist:DarkFactory","theDuelist:SilverWing","theDuelist:Reload+1","theDuelist:CurseAging","theDuelist:TotemDragon"],"relics":["theDuelist:MillenniumPuzzle","theDuelist:CardPoolRelic","theDuelist:CardPoolBasicRelic","theDuelist:BoosterPackPoolRelic","theDuelist:CardPoolAddRelic","theDuelist:CardPoolMinusRelic","theDuelist:CardPoolSaveRelic","theDuelist:CardPoolOptionsRelic","Centennial Puzzle","Magic Flower","ClockworkSouvenir","Lantern","Pear","hubris:Icosahedron","PreservedInsect","Oddly Smooth Stone","theDuelist:BoosterBetterBoostersRelic","hubris:Backtick","theDuelist:Fluxrod","Tiny Chest","HandDrill","theDuelist:MarkExxod","theDuelist:DuelistOrichalcum","Potion Belt","theDuelist:MetronomeRelicD","theDuelist:MillenniumCoin","Dream Catcher"],"acts_visited":["Exordium","TheCity"],"potions_floor_usage":[],"damage_taken":[{"damage":5.0,"enemies":"2 Louse","floor":1.0,"turns":3.0},{"damage":0.0,"enemies":"Jaw Worm","floor":4.0,"turns":3.0},{"damage":4.0,"enemies":"Small Slimes","floor":5.0,"turns":4.0},{"damage":30.0,"enemies":"3 Sentries","floor":7.0,"turns":10.0},{"damage":10.0,"enemies":"Exordium Thugs","floor":8.0,"turns":3.0},{"damage":0.0,"enemies":"3 Louse","floor":10.0,"turns":3.0},{"damage":11.0,"enemies":"Gremlin Nob","floor":13.0,"turns":4.0},{"damage":9.0,"enemies":"Blue Slaver","floor":14.0,"turns":5.0},{"damage":29.0,"enemies":"The Guardian","floor":16.0,"turns":12.0},{"damage":11.0,"enemies":"2 Thieves","floor":18.0,"turns":4.0},{"damage":74.0,"enemies":"3 Byrds","floor":23.0,"turns":9.0},{"damage":9.0,"enemies":"3 Cultists","floor":24.0,"turns":7.0},{"damage":3,"enemies":"theDuelist:KaibaA2","floor":28,"turns":5},{"damage":38,"enemies":"Slavers","floor":30,"turns":2}],"seed_played":"553283784458300525","potions_obtained":[{"floor":5.0,"key":"theDuelist:FreezingPotion"},{"floor":10.0,"key":"ColorlessPotion"},{"floor":13.0,"key":"PowerPotion"},{"floor":16.0,"key":"Dexterity Potion"},{"floor":23.0,"key":"Dexterity Potion"}],"is_trial":false,"path_per_floor":["M","?","$","M","M","R","E","M","T","M","?","$","E","M","R","B",null,"M","$","?","?","$","M","M","R","T","?","E","T","E"],"character_chosen":"THE_DUELIST","items_purchased":["Centennial Puzzle","Magic Flower","ClockworkSouvenir","theDuelist:ArmedDragon5","theDuelist:Babycerasaurus","theDuelist:Jinzo","Magnetism","PreservedInsect","Oddly Smooth Stone","Bandage Up","Apotheosis","theDuelist:FrostflameDragon","theDuelist:DarkfireDragon","theDuelist:SolderPotionB","Dexterity Potion","Tiny Chest","HandDrill","Mayhem","theDuelist:MarkExxod","theDuelist:DuelistOrichalcum","Potion Belt","theDuelist:DarkFactory","theDuelist:SilverWing"],"campfire_rested":1,"item_purchase_floors":[3,3,3,3,3,3,3,12,12,12,12,12,12,12,12,19,19,19,22,22,22,22,22],"current_hp_per_floor":[51,51,51,51,47,47,20,10,20,20,20,20,18,15,42,19,92,90,90,90,84,94,29,29,29,29,29,32,32,0,0],"gold":2466,"neow_bonus":"TRANSFORM_TWO_CARDS","is_daily":false,"chose_seed":false,"campfire_upgraded":2,"win_rate":0.0,"timestamp":1612620084,"path_taken":["M","?","$","M","M","R","E","M","T","M","?","?","E","M","R","BOSS","M","?","?","?","$","M","M","R","T","?","E","?","E"],"items_purchased_type":["Relic","Relic","Relic","Card","Card","Card","Card","Relic","Relic","Card","Card","Card","Card","Potion","Potion","Relic","Relic","Card","Relic","Relic","Relic","Card","Card"],"build_version":"2020-12-22","purchased_purges":6,"victory":false,"max_hp_per_floor":[80,80,80,80,80,80,82,82,92,92,92,92,92,92,92,92,92,92,92,92,92,102,102,102,102,102,102,102,102,102,102],"card_choices":[{"not_picked":["theDuelist:JurassicImpact","theDuelist:CastleDragonSouls","theDuelist:Berserking","theDuelist:ArtifactSanctum"],"picked":"theDuelist:DragonCaptureJar","floor":1.0},{"not_picked":["theDuelist:ArmedDragon5","theDuelist:BlackBrachios","theDuelist:TwinHeadedBehemoth","theDuelist:BusterBladerDDS"],"picked":"theDuelist:CyberTwinDragon","floor":4.0},{"not_picked":["theDuelist:RainbowOverdragon","theDuelist:Reload","theDuelist:Jinzo","theDuelist:Hinotama"],"picked":"theDuelist:PurplePainOni","floor":5.0},{"not_picked":["theDuelist:DarkstormDragon","theDuelist:DragonShield","theDuelist:FiendSkull","theDuelist:WaterDragonCluster"],"picked":"theDuelist:BabyDragon","floor":7.0},{"not_picked":["theDuelist:YamataDragon","theDuelist:MegafleetDragon","theDuelist:ViceDragon","theDuelist:Vandalgyon"],"picked":"theDuelist:CyberDinosaur","floor":8.0},{"not_picked":["theDuelist:BabyDragon","theDuelist:CyberTwinDragon","theDuelist:PurplePainOni","theDuelist:CyberDinosaur"],"picked":"theDuelist:Babycerasaurus","floor":10.0},{"not_picked":["theDuelist:DefenseDraw","theDuelist:RedRisingDragon","theDuelist:SilverDragon","theDuelist:VeilDarkness"],"picked":"theDuelist:CyberDragonCore","floor":13.0},{"not_picked":["theDuelist:FireDarts","theDuelist:SafeZone","theDuelist:TyrantWing","theDuelist:VeilDarkness+1"],"picked":"theDuelist:DragonCaptureJar","floor":14.0},{"not_picked":["theDuelist:GravityLash","theDuelist:DefensiveTactics","theDuelist:DoomkaiserDragon","theDuelist:QueenDragunDjinn"],"picked":"theDuelist:ArmageddonDragonEmp","floor":16.0},{"not_picked":["theDuelist:BusterBlader+1","theDuelist:Frostosaurus+1","theDuelist:CyberEndDragon","theDuelist:CyberEmergency+1"],"picked":"theDuelist:AncientPixieDragon","floor":18.0},{"not_picked":["theDuelist:RainbowOverdragon","theDuelist:DarkCreator","theDuelist:ScrapFactory+1","theDuelist:LightningDarts+1"],"picked":"theDuelist:Reload+1","floor":23.0},{"not_picked":["theDuelist:DarkDriceratops","theDuelist:DarkHorus","theDuelist:DreadnoughtDreadnoid","theDuelist:EvilMind","theDuelist:VeilDarkness+1"],"picked":"SKIP","floor":24.0},{"not_picked":["theDuelist:MythicWaterDragon","theDuelist:MadFlameKaiju","theDuelist:DragonShield+1","theDuelist:OceanDragonLord"],"picked":"theDuelist:TotemDragon","floor":28}],"player_experience":104616,"relics_obtained":[{"floor":7.0,"key":"Lantern"},{"floor":9.0,"key":"Pear"},{"floor":13.0,"key":"theDuelist:BoosterBetterBoostersRelic"},{"floor":26.0,"key":"theDuelist:MetronomeRelicD"},{"floor":28,"key":"Dream Catcher"}],"event_choices":[{"damage_healed":0.0,"max_hp_gain":0.0,"max_hp_loss":0.0,"gold_gain":54.0,"event_name":"Golden Wing","player_choice":"Gained Gold","floor":2.0,"gold_loss":0.0,"damage_taken":0.0},{"damage_healed":0.0,"max_hp_gain":0.0,"max_hp_loss":0.0,"gold_gain":0.0,"event_name":"Back to Basics","player_choice":"Simplicity","floor":20.0,"gold_loss":0.0,"damage_taken":0.0,"cards_upgraded":[]},{"damage_healed":0.0,"max_hp_gain":0.0,"max_hp_loss":0.0,"gold_gain":0.0,"event_name":"Nest","player_choice":"Joined the Cult","floor":21.0,"gold_loss":0.0,"damage_taken":6.0,"cards_obtained":["RitualDagger"]},{"damage_healed":0,"gold_gain":0,"player_choice":"Took item - Received: Millennium Coin","duelist":true,"damage_taken":0,"max_hp_gain":0,"max_hp_loss":0,"event_name":"Millennium Items","floor":27,"gold_loss":0}],"is_beta":false,"boss_relics":[{"not_picked":["Empty Cage","hubris:GrandSneckoEye"],"picked":"hubris:Backtick"}],"items_purged_floors":[3,3,12,19,19,19],"is_endless":false,"potions_floor_spawned":[5,10,13,14,16,23],"killed_by":"Slavers","ascension_level":0}}