{"host":"92wikg47w8puei5b","time":1612640114,"event":{"mods":["BaseMod","Better Match","Better Note","Better Skull","Better Third Choice","Better-Laid Plans","Colored Map","Downfall","Emptier Cage","Highlight Path","Hubris","Minty Spire (QoL Compilation)","StSLib","The Problem Sleuth"],"gold_per_floor":[99,99,99,99,99,99,149,449,449,460,460,475,486,519,529,632,632,532,547,308,325,336,346,346,346,357,257,275,291,291,316,336,336,336,336],"floor_reached":33,"language":"ENG","playtime":2336,"items_purged":["downfall:Icky"],"score":294,"play_id":"3a8279c1-39ce-4107-afe6-5b50903b1228","local_time":"20210206143514","is_ascension_mode":false,"campfire_choices":[{"data":"bronze:Goto","floor":1,"key":"SMITH"},{"data":"bronze:Replicate","floor":6,"key":"SMITH"},{"floor":18,"key":"RECALL"},{"floor":27,"key":"REST"}],"circlet_count":0,"master_deck":["bronze:Strike","bronze:Strike","bronze:Strike","bronze:Strike","bronze:Defend","bronze:Defend","bronze:Defend","bronze:Defend","bronze:Replicate+1","bronze:Goto+1","bronze:Return","bronze:ChosenStrike","bronze:DelayedGuard","downfall:Icky","bronze:CutThrough","bronze:RecursiveStrike","bronze:DazingPulse","bronze:Explode","bronze:DarkDash","bronze:Backtrace","bronze:Mutator","bronze:ChosenStrike","bronze:SpaghettiCode","bronze:Backtrace+1","bronze:InfiniteBeams+1","bronze:FineTuning+1","bronze:DelayedGuard+1","bronze:Turbo+1","bronze:Refactor","bronze:BurnOut","bronze:ForceShield"],"relics":["bronze:BronzeCore","Oddly Smooth Stone","Ancient Tea Set","MealTicket","Velvet Choker","downfall:HeartBlessingGreen","Sling","Letter Opener","Nloth\u0027s Gift","downfall:HeartBlessingRed","hubris:Potato"],"acts_visited":["Exordium","TheCity"],"potions_floor_usage":[13,20,26],"damage_taken":[{"damage":0,"enemies":"Jaw Worm","floor":2,"turns":1},{"damage":0,"enemies":"2 Louse","floor":5,"turns":1},{"damage":0,"enemies":"Cultist","floor":9,"turns":1},{"damage":6,"enemies":"Large Slime","floor":10,"turns":7},{"damage":17,"enemies":"Large Slime","floor":11,"turns":5},{"damage":6,"enemies":"Blue Slaver","floor":12,"turns":2},{"damage":0,"enemies":"Exordium Wildlife","floor":13,"turns":4},{"damage":11,"enemies":"3 Sentries","floor":14,"turns":5},{"damage":0,"enemies":"3 Louse","floor":15,"turns":3},{"damage":12,"enemies":"SI_SHIV_ARCHETYPE","floor":16,"turns":8},{"damage":10,"enemies":"Chosen","floor":19,"turns":2},{"damage":3,"enemies":"downfall:FleeingMerchant","floor":20,"turns":4},{"damage":1,"enemies":"Spheric Guardian","floor":21,"turns":3},{"damage":4,"enemies":"Snake Plant","floor":22,"turns":4},{"damage":18,"enemies":"Chosen and Byrds","floor":23,"turns":6},{"damage":15,"enemies":"Snecko","floor":26,"turns":3},{"damage":0,"enemies":"Sentry and Sphere","floor":28,"turns":2},{"damage":0,"enemies":"Chosen and Byrds","floor":29,"turns":3},{"damage":0,"enemies":"Book of Stabbing","floor":31,"turns":4},{"damage":42,"enemies":"Centurion and Healer","floor":32,"turns":4},{"damage":0,"enemies":"DF_ARCHETYPE_CLAW","floor":33,"turns":1}],"seed_played":"-8344310995244831519","potions_obtained":[{"floor":11,"key":"Fire Potion"},{"floor":12,"key":"FairyPotion"},{"floor":14,"key":"Energy Potion"},{"floor":15,"key":"bronze:FreeFunctionsPotion"},{"floor":16,"key":"SmokeBomb"},{"floor":22,"key":"DistilledChaos"},{"floor":28,"key":"EntropicBrew"},{"floor":31,"key":"Swift Potion"}],"is_trial":false,"path_per_floor":["R","M","?","?","M","R","T","?","M","M","?","M","M","E","M","B",null,"R","M","$","M","M","M","T","?","M","R","M","M","?","E","M","B"],"character_chosen":"THE_AUTOMATON","items_purchased":["Sling"],"campfire_rested":1,"item_purchase_floors":[20],"current_hp_per_floor":[70,70,70,67,67,67,67,67,67,61,44,38,38,27,27,15,70,70,60,67,66,62,44,44,44,29,50,50,50,50,50,8,8,8,8],"gold":336,"neow_bonus":"THREE_ENEMY_KILL","is_daily":false,"chose_seed":false,"campfire_upgraded":2,"win_rate":0.0,"timestamp":1612640114,"path_taken":["R","M","?","?","M","R","T","?","M","M","?","?","?","E","M","BOSS","R","M","$","M","M","M","T","?","M","R","M","M","?","E","M","BOSS"],"items_purchased_type":["Relic"],"build_version":"2020-12-22","purchased_purges":1,"victory":false,"max_hp_per_floor":[70,70,70,70,70,70,70,70,70,70,70,70,70,70,70,70,70,70,70,70,70,70,70,70,70,70,70,70,70,70,70,70,70,70,70],"card_choices":[{"not_picked":["bronze:Invalidate","bronze:Fortify"],"picked":"bronze:Return","floor":2},{"not_picked":["bronze:Constructor","bronze:BugBarrage"],"picked":"bronze:DelayedGuard","floor":5},{"not_picked":["bronze:Shell","bronze:Deprecate"],"picked":"bronze:CutThrough","floor":9},{"not_picked":["bronze:Branch","bronze:Turbo"],"picked":"bronze:RecursiveStrike","floor":10},{"not_picked":[],"picked":"bronze:DazingPulse","floor":11},{"not_picked":[],"picked":"bronze:Explode","floor":11},{"not_picked":["bronze:Shell","bronze:Turbo"],"picked":"bronze:DarkDash","floor":11},{"not_picked":["bronze:Invalidate","bronze:ItsAFeature"],"picked":"bronze:Backtrace","floor":12},{"not_picked":["bronze:Overheat","bronze:Deprecate","bronze:Separator"],"picked":"SKIP","floor":13},{"not_picked":["bronze:Philosophize","bronze:FineTuning"],"picked":"bronze:Mutator","floor":14},{"not_picked":["bronze:BronzeArmor","bronze:BugBarrage"],"picked":"bronze:ChosenStrike","floor":15},{"not_picked":["bronze:FindAndReplace","bronze:Break"],"picked":"bronze:SpaghettiCode","floor":16},{"not_picked":["bronze:Invalidate","bronze:BugBarrage+1"],"picked":"bronze:Backtrace+1","floor":19},{"not_picked":["bronze:HyperBeam","bronze:BuggyMess"],"picked":"bronze:InfiniteBeams+1","floor":20},{"not_picked":["bronze:DelayedSlice","bronze:Deprecate"],"picked":"bronze:FineTuning+1","floor":21},{"not_picked":["bronze:NullPointer","bronze:Philosophize","bronze:ClassDefault"],"picked":"SKIP","floor":22},{"not_picked":["bronze:Terminator","bronze:ClassDefault+1"],"picked":"bronze:DelayedGuard+1","floor":23},{"not_picked":["bronze:CloningBeam","bronze:MaxOutput","bronze:BugBarrage"],"picked":"SKIP","floor":26},{"not_picked":["bronze:ItsAFeature+1","bronze:Shield"],"picked":"bronze:Turbo+1","floor":28},{"not_picked":["bronze:MaxOutput","bronze:WildBeam"],"picked":"bronze:Refactor","floor":29},{"not_picked":["bronze:Repair","bronze:Terminator"],"picked":"bronze:BurnOut","floor":31},{"not_picked":["bronze:Frontload","bronze:DelayedSlice"],"picked":"bronze:ForceShield","floor":32}],"player_experience":565578,"relics_obtained":[{"floor":7,"key":"Ancient Tea Set"},{"floor":14,"key":"MealTicket"},{"floor":24,"key":"Letter Opener"},{"floor":31,"key":"hubris:Potato"}],"event_choices":[{"damage_healed":0,"gold_gain":0,"player_choice":"Relic ","damage_taken":3,"max_hp_gain":0,"max_hp_loss":0,"event_name":"betterThird:BetterScrap","floor":4,"gold_loss":0,"cards_obtained":["Second Wind"]},{"cards_removed":["downfall:Icky"],"damage_healed":0,"gold_gain":0,"player_choice":"Give","damage_taken":0,"max_hp_gain":0,"max_hp_loss":0,"event_name":"betterNote:BetterNote","floor":30,"gold_loss":0,"cards_obtained":["theSleuth:Defend"]}],"is_beta":false,"boss_relics":[{"not_picked":["Runic Dome","hubris:Stopwatch"],"picked":"Velvet Choker"}],"items_purged_floors":[20],"is_endless":false,"potions_floor_spawned":[11,12,14,15,16,22,23,28,29,31],"killed_by":"DF_ARCHETYPE_CLAW","ascension_level":0}}