{"host":"dyzdf8svqmiivg97","time":1612614962,"event":{"mods":["AchievementEnabler","BaseMod","Colored Map","DeckTracker","Minty Spire (QoL Compilation)","Permanent Neow","Quick Restart","Rare Cards Sparkle","SuperFastMode"],"gold_per_floor":[118,118,6,22,37,37,68,88,115,131,131,163,179,197,197,302,302,312,237,253,163,174,207,107,138,138,63,94,106,106,82,82,182,182,197,72,92,103,122,122,140,166,166,166,166,201,216,216,216,216],"floor_reached":51,"language":"KOR","playtime":1290,"items_purged":["Strike_P","Defend_P","Strike_P"],"score":1118,"play_id":"60d97dc4-9231-403b-bcd0-a823e49e5d13","local_time":"20210206213602","is_ascension_mode":true,"campfire_choices":[{"data":"Eruption","floor":6.0,"key":"SMITH"},{"data":"Adaptation","floor":11.0,"key":"SMITH"},{"data":"EmptyFist","floor":15.0,"key":"SMITH"},{"floor":32,"key":"REST"},{"data":"Vault","floor":40,"key":"SMITH"},{"data":"Adaptation","floor":45,"key":"SMITH"},{"data":"Tantrum","floor":49,"key":"SMITH"}],"circlet_count":0,"master_deck":["Strike_P+1","Defend_P","Defend_P","Defend_P","Eruption+1","Vigilance","FollowUp+1","Adaptation+1","Tantrum+1","EmptyFist+1","InnerPeace+1","Vault+1","FearNoEvil+1","Adaptation+1","CrushJoints+1","Halt"],"relics":["PureWater","Whetstone","Vajra","PreservedInsect","Black Star","Pen Nib","Dream Catcher","Boot","Art of War","Eternal Feather","Shuriken","Yang","Cursed Key","Pocketwatch","Bottled Tornado","CeramicFish","CaptainsWheel"],"acts_visited":["Exordium","TheCity","TheBeyond"],"potions_floor_usage":[28,50],"damage_taken":[{"damage":7.0,"enemies":"Jaw Worm","floor":1.0,"turns":3.0},{"damage":0.0,"enemies":"Cultist","floor":4.0,"turns":2.0},{"damage":0.0,"enemies":"Small Slimes","floor":5.0,"turns":2.0},{"damage":0.0,"enemies":"Gremlin Nob","floor":7.0,"turns":2.0},{"damage":3.0,"enemies":"Looter","floor":8.0,"turns":2.0},{"damage":6.0,"enemies":"Lots of Slimes","floor":10.0,"turns":4.0},{"damage":5.0,"enemies":"Lagavulin","floor":12.0,"turns":4.0},{"damage":0.0,"enemies":"Blue Slaver","floor":13.0,"turns":2.0},{"damage":0.0,"enemies":"3 Louse","floor":14.0,"turns":2.0},{"damage":20.0,"enemies":"Hexaghost","floor":16.0,"turns":4.0},{"damage":7.0,"enemies":"Chosen","floor":18.0,"turns":4.0},{"damage":0.0,"enemies":"Spheric Guardian","floor":20.0,"turns":3.0},{"damage":1,"enemies":"Centurion and Healer","floor":22,"turns":3},{"damage":0,"enemies":"Gremlin Leader","floor":23,"turns":2},{"damage":15,"enemies":"Book of Stabbing","floor":25,"turns":3},{"damage":25,"enemies":"Slavers","floor":28,"turns":3},{"damage":0,"enemies":"Shelled Parasite and Fungi","floor":29,"turns":3},{"damage":0,"enemies":"Collector","floor":33,"turns":4},{"damage":0,"enemies":"Orb Walker","floor":35,"turns":1},{"damage":0,"enemies":"3 Shapes","floor":37,"turns":4},{"damage":5,"enemies":"Transient","floor":38,"turns":5},{"damage":0,"enemies":"4 Shapes","floor":39,"turns":4},{"damage":0,"enemies":"Maw","floor":41,"turns":5},{"damage":8,"enemies":"Nemesis","floor":42,"turns":3},{"damage":0,"enemies":"Giant Head","floor":46,"turns":4},{"damage":0,"enemies":"3 Darklings","floor":47,"turns":2},{"damage":4,"enemies":"Awakened One","floor":50,"turns":5}],"seed_played":"-4056953476523547183","potions_obtained":[{"floor":5.0,"key":"PowerPotion"},{"floor":8.0,"key":"SteroidPotion"},{"floor":10.0,"key":"Ancient Potion"},{"floor":20.0,"key":"LiquidBronze"},{"floor":25,"key":"Energy Potion"},{"floor":29,"key":"CultistPotion"},{"floor":33,"key":"LiquidMemories"},{"floor":47,"key":"StancePotion"}],"is_trial":false,"path_per_floor":["M","?","$","M","M","R","E","M","T","M","R","E","M","M","R","B",null,"M","$","M","?","M","E","$","E","T","?","E","M","?","$","R","B",null,"M","$","M","M","M","R","M","E","T","?","R","E","M","?","R","B",null],"character_chosen":"WATCHER","items_purchased":["Adaptation","Tantrum","Halt"],"campfire_rested":1,"item_purchase_floors":[3,3,31],"current_hp_per_floor":[65,72,72,72,72,72,72,69,69,63,63,58,58,58,58,38,64,57,57,57,57,56,56,56,41,41,41,16,16,16,16,46,46,66,66,66,66,61,61,70,70,62,62,62,68,68,68,68,68,64],"gold":216,"neow_bonus":"ONE_RANDOM_RARE_CARD","is_daily":false,"chose_seed":false,"campfire_upgraded":6,"win_rate":0.0,"timestamp":1612614962,"path_taken":["M","?","$","M","M","R","E","M","T","M","R","E","M","M","R","BOSS","M","$","M","?","?","E","$","E","T","?","E","M","?","$","R","BOSS","M","$","M","M","M","R","?","E","T","?","R","E","M","?","R","BOSS"],"items_purchased_type":["Card","Card","Card"],"build_version":"2020-12-22","purchased_purges":3,"victory":true,"max_hp_per_floor":[72,72,72,72,72,72,72,72,72,72,72,72,72,72,72,72,72,72,72,72,72,72,72,72,72,72,72,72,72,72,72,72,72,72,72,72,72,72,72,72,72,72,72,68,68,68,68,68,68,68],"card_choices":[{"not_picked":["Halt","PathToVictory"],"picked":"FollowUp","floor":1.0},{"not_picked":["ThirdEye","Crescendo","Protect"],"picked":"SKIP","floor":4.0},{"not_picked":["EmptyBody","Protect","FlyingSleeves"],"picked":"SKIP","floor":5.0},{"not_picked":["BattleHymn","FlurryOfBlows","Evaluate"],"picked":"SKIP","floor":7.0},{"not_picked":["Omniscience","SashWhip"],"picked":"EmptyFist","floor":8.0},{"not_picked":["Prostrate","CrushJoints","BowlingBash"],"picked":"SKIP","floor":10.0},{"not_picked":["Prostrate","Fasting2","SignatureMove"],"picked":"SKIP","floor":12.0},{"not_picked":["SashWhip","CutThroughFate"],"picked":"InnerPeace","floor":13.0},{"not_picked":["Consecrate","SashWhip","Evaluate"],"picked":"SKIP","floor":14.0},{"not_picked":["SpiritShield","Alpha"],"picked":"Vault","floor":16.0},{"not_picked":["ThirdEye","Evaluate","CrushJoints"],"picked":"SKIP","floor":18.0},{"not_picked":["Nirvana","ForeignInfluence"],"picked":"FearNoEvil+1","floor":20.0},{"not_picked":["Wireheading","FlurryOfBlows","SignatureMove"],"picked":"SKIP","floor":22},{"not_picked":["Study","FearNoEvil"],"picked":"Adaptation","floor":23},{"not_picked":["Halt+1","ReachHeaven","Prostrate"],"picked":"SKIP","floor":25},{"not_picked":["Prostrate","Ragnarok"],"picked":"CrushJoints+1","floor":28},{"not_picked":["Protect","ThirdEye","SashWhip"],"picked":"SKIP","floor":29},{"not_picked":["EmptyFist+1","Halt+1","InnerPeace"],"picked":"SKIP","floor":35},{"not_picked":["Fasting2+1","SashWhip+1","LikeWater+1"],"picked":"SKIP","floor":37},{"not_picked":["PathToVictory","WaveOfTheHand+1","Meditate+1"],"picked":"SKIP","floor":38},{"not_picked":["Indignation","Consecrate+1","PathToVictory"],"picked":"SKIP","floor":39},{"not_picked":["FearNoEvil+1","FlurryOfBlows","Prostrate"],"picked":"SKIP","floor":41},{"not_picked":["EmptyBody+1","PathToVictory+1","Vault"],"picked":"SKIP","floor":42},{"not_picked":["Worship+1","Prostrate","WreathOfFlame+1"],"picked":"SKIP","floor":46},{"not_picked":["Worship+1","Prostrate","WreathOfFlame+1"],"picked":"SKIP","floor":46},{"not_picked":["ClearTheMind","LikeWater+1","ThirdEye"],"picked":"SKIP","floor":47}],"player_experience":559993,"relics_obtained":[{"floor":7.0,"key":"Whetstone"},{"floor":9.0,"key":"Vajra"},{"floor":12.0,"key":"PreservedInsect"},{"floor":23,"key":"Pen Nib"},{"floor":23,"key":"Dream Catcher"},{"floor":25,"key":"Boot"},{"floor":25,"key":"Art of War"},{"floor":26,"key":"Eternal Feather"},{"floor":28,"key":"Shuriken"},{"floor":28,"key":"Yang"},{"floor":42,"key":"Pocketwatch"},{"floor":42,"key":"Bottled Tornado"},{"floor":46,"key":"CeramicFish"},{"floor":46,"key":"CaptainsWheel"}],"event_choices":[{"damage_healed":24.0,"max_hp_gain":0.0,"max_hp_loss":0.0,"gold_gain":0.0,"event_name":"Big Fish","player_choice":"Banana","floor":2.0,"gold_loss":0.0,"damage_taken":0.0},{"cards_removed":["DevaForm"],"damage_healed":0.0,"max_hp_gain":0.0,"max_hp_loss":0.0,"gold_gain":0.0,"event_name":"Designer","player_choice":"Upgrade and Remove","floor":21.0,"gold_loss":90.0,"damage_taken":0.0,"cards_upgraded":["InnerPeace"]},{"cards_removed":["Strike_P"],"damage_healed":0,"gold_gain":0,"player_choice":"Gave Gold","damage_taken":0,"max_hp_gain":0,"max_hp_loss":0,"event_name":"Beggar","floor":27,"gold_loss":75},{"damage_healed":0,"gold_gain":0,"player_choice":"Bought 0 Potions","damage_taken":0,"max_hp_gain":0,"max_hp_loss":0,"event_name":"The Woman in Blue","floor":30,"gold_loss":0},{"damage_healed":0,"gold_gain":0,"player_choice":"Max HP","damage_taken":0,"max_hp_gain":0,"max_hp_loss":4,"event_name":"Winding Halls","floor":44,"gold_loss":0},{"damage_healed":0,"gold_gain":0,"player_choice":"Memory 1","damage_taken":0,"max_hp_gain":0,"max_hp_loss":0,"event_name":"SensoryStone","floor":48,"gold_loss":0}],"is_beta":false,"boss_relics":[{"not_picked":["Busted Crown","HolyWater"],"picked":"Black Star"},{"not_picked":["Coffee Dripper","Astrolabe"],"picked":"Cursed Key"}],"items_purged_floors":[19,24,36],"is_endless":false,"potions_floor_spawned":[5,8,10,13,20,25,29,33,35,39,42,47],"ascension_level":5}}