{"host":"k7udt7atmcuzf6l0","time":1612585331,"event":{"mods":["AchievementEnabler","BaseMod","BetterRewards","Colored Map","Colored Powertips","Highlight Path","Minty Spire (QoL Compilation)","Quick Restart","Rare Cards Sparkle","Relic Stats","StSLib","UnlockEverythingMod"],"gold_per_floor":[111,111,158,186,210,238,238,287,314,314,356,379,10,52,52,185,185,218,178,193,218,245,245,275,275,275,275,275],"floor_reached":27,"language":"ZHS","playtime":636,"items_purged":[],"score":235,"play_id":"44a11eea-b185-4e4d-b994-d27d1d2a5802","local_time":"20210206122211","is_ascension_mode":false,"campfire_choices":[{"data":"Armaments","floor":7.0,"key":"SMITH"},{"data":"Whirlwind","floor":10.0,"key":"SMITH"},{"floor":15,"key":"REST"},{"data":"Double Tap","floor":23,"key":"SMITH"},{"data":"Flex","floor":25,"key":"SMITH"}],"circlet_count":0,"master_deck":["Strike_R","Strike_R","Strike_R","Strike_R","Strike_R","Defend_R","Defend_R","Defend_R","Defend_R","Bash","Inflame","Armaments+1","Inflame","Spot Weakness","Whirlwind+1","Thunderclap+1","Heavy Blade+1","Immolate+1","Pummel+1","Whirlwind+1","Brutality+1","Headbutt+1","Body Slam+1","Double Tap+1","Flex+1"],"relics":["Burning Blood","NeowsBlessing","Golden Idol","CeramicFish","Thread and Needle","Potion Belt","Molten Egg 2","Bag of Preparation","Centennial Puzzle","Runic Pyramid","Paper Frog"],"acts_visited":["Exordium","TheCity"],"potions_floor_usage":[14,18,27],"damage_taken":[{"damage":0.0,"enemies":"Small Slimes","floor":1.0,"turns":1.0},{"damage":0.0,"enemies":"Jaw Worm","floor":4.0,"turns":1.0},{"damage":0.0,"enemies":"Cultist","floor":5.0,"turns":1.0},{"damage":17.0,"enemies":"Gremlin Gang","floor":6.0,"turns":7.0},{"damage":28.0,"enemies":"Lagavulin","floor":8.0,"turns":5.0},{"damage":21.0,"enemies":"Gremlin Nob","floor":11.0,"turns":5.0},{"damage":7.0,"enemies":"Exordium Wildlife","floor":12.0,"turns":3.0},{"damage":11,"enemies":"3 Sentries","floor":14,"turns":4},{"damage":37,"enemies":"The Guardian","floor":16,"turns":8},{"damage":12,"enemies":"2 Thieves","floor":18,"turns":2},{"damage":40,"enemies":"Shell Parasite","floor":20,"turns":5},{"damage":11,"enemies":"3 Cultists","floor":21,"turns":3},{"damage":24,"enemies":"Cultist and Chosen","floor":22,"turns":5},{"damage":6,"enemies":"Snecko","floor":24,"turns":3},{"damage":18,"enemies":"Masked Bandits","floor":27,"turns":2}],"seed_played":"4907505942160410709","potions_obtained":[{"floor":1.0,"key":"ElixirPotion"},{"floor":5.0,"key":"Dexterity Potion"},{"floor":12.0,"key":"AttackPotion"},{"floor":16,"key":"Explosive Potion"},{"floor":18,"key":"CultistPotion"}],"is_trial":false,"path_per_floor":["M","?","T","M","M","M","R","E","T","R","E","M","$","E","R","B",null,"M","?","M","M","M","R","M","R","T","?"],"character_chosen":"IRONCLAD","items_purchased":["Immolate+1","Bag of Preparation","Pummel+1"],"campfire_rested":1,"item_purchase_floors":[13,13,13],"current_hp_per_floor":[80,60,60,66,72,61,61,39,39,39,24,23,23,18,42,11,80,74,74,40,35,17,17,17,17,17,0,0],"gold":275,"neow_bonus":"THREE_ENEMY_KILL","is_daily":false,"chose_seed":false,"campfire_upgraded":4,"win_rate":0.0,"timestamp":1612585331,"path_taken":["M","?","?","?","M","M","R","E","T","R","E","M","$","E","R","BOSS","M","?","M","?","M","R","M","R","T","?"],"items_purchased_type":["Card","Relic","Card"],"build_version":"2020-12-22","purchased_purges":0,"victory":false,"max_hp_per_floor":[80,80,80,80,80,80,80,80,80,80,80,80,80,80,80,80,80,80,80,80,80,80,80,80,80,80,80,80],"relic_stats":{"Centennial Puzzle":[16],"counters":[15,55],"Golden Idol":86,"CeramicFish":126,"Bag of Preparation":[16],"obtain_stats":[{"Potion Belt":9,"Centennial Puzzle":14,"NeowsBlessing":0,"Golden Idol":2,"CeramicFish":3,"Thread and Needle":8,"Molten Egg 2":11,"Bag of Preparation":13,"Burning Blood":0,"Runic Pyramid":17,"Paper Frog":26},{"Potion Belt":5,"Centennial Puzzle":8,"NeowsBlessing":0,"Golden Idol":1,"CeramicFish":1,"Thread and Needle":5,"Molten Egg 2":6,"Bag of Preparation":7,"Burning Blood":0,"Runic Pyramid":9,"Paper Frog":14},{"Potion Belt":15,"Centennial Puzzle":27,"NeowsBlessing":0,"Golden Idol":1,"CeramicFish":1,"Thread and Needle":15,"Molten Egg 2":20,"Bag of Preparation":23,"Burning Blood":0,"Runic Pyramid":35,"Paper Frog":53}],"Burning Blood":78},"card_choices":[{"not_picked":["Power Through","Clothesline"],"picked":"Inflame","floor":1.0},{"not_picked":["Carnage","Twin Strike"],"picked":"Armaments","floor":4.0},{"not_picked":["Anger","Armaments"],"picked":"Inflame","floor":5.0},{"not_picked":["Pommel Strike","Body Slam"],"picked":"Spot Weakness","floor":6.0},{"not_picked":["Flame Barrier","Clash"],"picked":"Whirlwind","floor":8.0},{"not_picked":["Heavy Blade+1","Infernal Blade"],"picked":"Thunderclap+1","floor":11.0},{"not_picked":["Twin Strike+1","Battle Trance"],"picked":"Heavy Blade+1","floor":12.0},{"not_picked":["Armaments","Combust"],"picked":"Whirlwind+1","floor":14},{"not_picked":["Exhume","Juggernaut"],"picked":"Brutality","floor":16},{"not_picked":["Seeing Red","True Grit+1"],"picked":"Headbutt+1","floor":18},{"not_picked":["Havoc","Searing Blow+1","Perfected Strike+1"],"picked":"SKIP","floor":20},{"not_picked":["Combust","Heavy Blade+1"],"picked":"Body Slam+1","floor":21},{"not_picked":["True Grit","Clothesline+1"],"picked":"Double Tap","floor":22},{"not_picked":["Flame Barrier","Shrug It Off"],"picked":"Flex","floor":24}],"player_experience":53302,"relics_obtained":[{"floor":3.0,"key":"CeramicFish"},{"floor":8.0,"key":"Thread and Needle"},{"floor":9.0,"key":"Potion Belt"},{"floor":11.0,"key":"Molten Egg 2"},{"floor":14,"key":"Centennial Puzzle"},{"floor":26,"key":"Paper Frog"}],"event_choices":[{"damage_healed":0.0,"max_hp_gain":0.0,"max_hp_loss":0.0,"gold_gain":0.0,"event_name":"Golden Idol","player_choice":"Take Damage","floor":2.0,"gold_loss":0.0,"damage_taken":20.0,"relics_obtained":["Golden Idol"]},{"damage_healed":0,"gold_gain":0,"player_choice":"Upgrade","damage_taken":0,"max_hp_gain":0,"max_hp_loss":0,"event_name":"Designer","floor":19,"gold_loss":40,"cards_upgraded":["Brutality"]},{"damage_healed":0,"gold_gain":0,"player_choice":"Fought Bandits","damage_taken":0,"max_hp_gain":0,"max_hp_loss":0,"event_name":"Masked Bandits","floor":27,"gold_loss":0}],"is_beta":false,"boss_relics":[{"not_picked":["Fusion Hammer","Coffee Dripper"],"picked":"Runic Pyramid"}],"items_purged_floors":[],"is_endless":false,"potions_floor_spawned":[1,5,12,16,18],"killed_by":"Masked Bandits","ascension_level":0}}