{"host":"onfdonezo2qmaex3","time":1612627132,"event":{"mods":["2.2 Compatiblity","AchievementEnabler","Aspiration","BaseMod","Better Altar","Better Match","Better Note","Better Sensory Stone","Better Skull","Better Third Choice","Colored Powertips","Downfall","Friendly Minions","Hermit","Highlight Path","Jorbs\u0027s Wanderer Trilogy","Marisa????????","Marked Mod","Minty Spire (QoL Compilation)","Quick Restart","Reliquary","Shop Mod","StSLib","The Disciple","The Hayseed","The Marked","The Runesmith"],"gold_per_floor":[119,132,142,161,178,178,208,208,208,208,233,272,295,295,295,414,414,414],"floor_reached":17,"language":"ENG","playtime":1143,"items_purged":[],"score":169,"play_id":"44ba558d-8841-492c-8d06-c90f9be24c38","local_time":"20210206165852","is_ascension_mode":false,"campfire_choices":[{"data":"hermit:EyeOfTheStorm","floor":6,"key":"SMITH"},{"floor":8,"key":"RECALL"},{"data":"hermit:FlashPowder","floor":15,"key":"SMITH"}],"circlet_count":0,"master_deck":["hermit:Strike_Hermit","hermit:Strike_Hermit+1","hermit:Strike_Hermit","hermit:Defend_Hermit","hermit:Defend_Hermit","hermit:Defend_Hermit","hermit:Snapshot","hermit:Covet","Pain","hermit:EyeOfTheStorm+1","hermit:Grudge","hermit:FlashPowder+1","hermit:RoundhouseKick","hermit:Shortfuse+1","hermit:BlackWind+1","hermit:HighNoon+1"],"relics":["hermit:Momento","Guardian:GemstoneGun","reliquary:Buckler","reliquary:SilkGlove","Golden Idol","reliquary:TridentHead","Astrolabe"],"acts_visited":["Exordium","TheCity"],"potions_floor_usage":[],"damage_taken":[{"damage":0,"enemies":"Cultist","floor":1,"turns":3},{"damage":1,"enemies":"Jaw Worm","floor":2,"turns":3},{"damage":7,"enemies":"Small Slimes","floor":3,"turns":4},{"damage":9,"enemies":"Exordium Thugs","floor":4,"turns":4},{"damage":0,"enemies":"Exordium Wildlife","floor":5,"turns":2},{"damage":12,"enemies":"Gremlin Nob","floor":7,"turns":3},{"damage":0,"enemies":"Large Slime","floor":11,"turns":4},{"damage":10,"enemies":"3 Sentries","floor":12,"turns":7},{"damage":2,"enemies":"Looter","floor":13,"turns":3},{"damage":54,"enemies":"Slime Boss","floor":16,"turns":12}],"seed_played":"8384211200321790062","potions_obtained":[{"floor":4,"key":"sneckomod:MuddlingPotion"},{"floor":7,"key":"GamblersBrew"},{"floor":12,"key":"hexamod:SoulburnPotion"},{"floor":13,"key":"hermit:Tonic"}],"is_trial":false,"path_per_floor":["M","M","M","M","M","R","E","R","T","?","M","E","M","?","R","B",null],"character_chosen":"HERMIT","items_purchased":[],"campfire_rested":0,"item_purchase_floors":[],"current_hp_per_floor":[75,74,67,58,58,58,46,46,46,28,28,18,16,85,85,31,85,85],"gold":414,"neow_bonus":"ONE_RARE_RELIC","is_daily":false,"chose_seed":false,"campfire_upgraded":2,"win_rate":0.0,"timestamp":1612627132,"path_taken":["M","?","M","M","M","R","E","R","T","?","M","E","M","?","R","BOSS"],"items_purchased_type":[],"build_version":"2020-12-22","purchased_purges":0,"victory":false,"max_hp_per_floor":[75,75,75,75,75,75,75,75,75,75,75,75,75,85,85,85,85,85],"card_choices":[{"not_picked":["hermit:Scavenge","hermit:ItchyTrigger","hermit:HighCaliber"],"picked":"SKIP","floor":1},{"not_picked":["hermit:Feint","hermit:BigShot"],"picked":"hermit:EyeOfTheStorm","floor":2},{"not_picked":["hermit:Snipe","hermit:Midnight","hermit:Coalescence"],"picked":"SKIP","floor":3},{"not_picked":["hermit:BodyArmor","hermit:HoleUp"],"picked":"hermit:Spite","floor":4},{"not_picked":["hermit:Roughhouse","hermit:ShadowCloak"],"picked":"hermit:Grudge","floor":5},{"not_picked":["hermit:HoleUp","hermit:HighCaliber","hermit:CursedWeapon"],"picked":"SKIP","floor":7},{"not_picked":["hermit:Quickdraw","hermit:Deadeye"],"picked":"hermit:FlashPowder","floor":11},{"not_picked":["hermit:Roulette","hermit:Desperado","hermit:Maintenance"],"picked":"SKIP","floor":12},{"not_picked":["hermit:BigShot","hermit:DeadMansHand"],"picked":"hermit:EternalForm","floor":13},{"not_picked":["hermit:Adapt","hermit:DeadOrAlive"],"picked":"hermit:RoundhouseKick","floor":16}],"player_experience":163172,"relics_obtained":[{"floor":7,"key":"reliquary:Buckler"},{"floor":9,"key":"reliquary:SilkGlove"},{"floor":12,"key":"reliquary:TridentHead"}],"event_choices":[{"damage_healed":0,"gold_gain":0,"player_choice":"Take Damage","damage_taken":18,"relics_obtained":["Golden Idol"],"max_hp_gain":0,"max_hp_loss":0,"event_name":"Golden Idol","floor":10,"gold_loss":0},{"cards_removed":["hermit:EternalForm"],"damage_healed":59,"gold_gain":0,"player_choice":"Offered Rare","damage_taken":0,"max_hp_gain":10,"max_hp_loss":0,"event_name":"Bonfire Elementals","floor":14,"gold_loss":0}],"is_beta":false,"boss_relics":[{"not_picked":["aspiration:SecretTechniqueScroll","Snecko Eye"],"picked":"Astrolabe"}],"items_purged_floors":[],"is_endless":false,"potions_floor_spawned":[4,7,12,13,16],"ascension_level":0}}