{"host":"hf8wn58z41rkrmnq","time":1612573073,"event":{"mods":["Ascension Reborn","BaseMod","Better Third Choice","BetterRewards","Colored Map","Colored Powertips","Infinite Spire","Minty Spire (QoL Compilation)","Quick Restart","Relic Sorter","Relic Stats","Reliquary","Replay The Spire","Spicy Shops","StSLib"],"gold_per_floor":[114,114,125,136,191,220,220,232,532,532,12,26,26,41,41,138,138,156,170,170,184,197,197,197,197,197],"floor_reached":25,"language":"ENG","playtime":1561,"items_purged":["Strike_R"],"score":226,"play_id":"e9ea27a3-c31d-419f-86e1-e0009ecaed4f","local_time":"20210205195753","is_ascension_mode":true,"campfire_choices":[{"data":"Metallicize","floor":7,"key":"SMITH"},{"data":"ReplayReversal","floor":10,"key":"SMITH"},{"data":"Cleave","floor":15,"key":"SMITH"}],"circlet_count":0,"master_deck":["Strike_R","Strike_R","Strike_R","Defend_R","Defend_R","Defend_R","Defend_R","Bash","Inflame","Cleave+1","Cleave","Carnage","Metallicize+1","ReplayReversal+1"],"relics":["Burning Blood","Ancient Tea Set","Pocketwatch","Old Coin","Orichalcum","HandDrill","TheAbacus","Black Star"],"acts_visited":["Exordium","TheCity"],"potions_floor_usage":[6,6,16,21,22,22,25],"damage_taken":[{"damage":7,"enemies":"Jaw Worm","floor":1,"turns":3},{"damage":1,"enemies":"Cultist","floor":3,"turns":4},{"damage":0,"enemies":"2 Louse","floor":4,"turns":2},{"damage":26,"enemies":"Lagavulin","floor":6,"turns":5},{"damage":0,"enemies":"Lots of Slimes","floor":8,"turns":1},{"damage":4,"enemies":"Exordium Thugs","floor":12,"turns":3},{"damage":6,"enemies":"Exordium Wildlife","floor":14,"turns":2},{"damage":31,"enemies":"Hexaghost","floor":16,"turns":9},{"damage":24,"enemies":"2 Thieves","floor":18,"turns":4},{"damage":17,"enemies":"Spheric Guardian","floor":19,"turns":5},{"damage":18,"enemies":"Snake Plant","floor":21,"turns":3},{"damage":24,"enemies":"Centurion and Healer","floor":22,"turns":5},{"damage":38,"enemies":"Book of Stabbing","floor":25,"turns":5}],"seed_played":"-4011191869165995698","potions_obtained":[{"floor":4,"key":"Strength Potion"},{"floor":5,"key":"Regen Potion"},{"floor":12,"key":"Venom Potion"},{"floor":16,"key":"LiquidMemories"},{"floor":18,"key":"PowerPotion"},{"floor":20,"key":"Toxic Potion"},{"floor":22,"key":"BloodPotion"}],"is_trial":false,"path_per_floor":["M","?","M","M","?","E","R","M","T","R","$","M","$","M","R","B",null,"M","M","?","M","M","PTL","PTL","E"],"character_chosen":"IRONCLAD","items_purchased":["Orichalcum","HandDrill","TheAbacus"],"campfire_rested":0,"item_purchase_floors":[11,11,11],"current_hp_per_floor":[79,79,80,80,60,54,54,60,60,60,60,62,62,62,62,37,80,62,51,51,39,37,37,37,0,0],"gold":197,"neow_bonus":"RANDOM_EVENT","is_daily":false,"chose_seed":false,"campfire_upgraded":3,"win_rate":0.0,"timestamp":1612573073,"path_taken":["M","?","?","M","?","E","R","?","T","R","?","M","$","M","R","BOSS","M","M","?","?","M","PTL","PTL","E"],"items_purchased_type":["Relic","Relic","Relic"],"build_version":"2020-12-22","purchased_purges":1,"victory":false,"max_hp_per_floor":[80,80,80,80,80,80,80,80,80,80,80,80,80,80,80,80,80,80,80,80,80,80,80,80,80,80],"relic_stats":{"TheAbacus":[114],"counters":[13,51],"HandDrill":[10],"Black Star":0,"Orichalcum":[84],"obtain_stats":[{"TheAbacus":11,"HandDrill":11,"Black Star":17,"Orichalcum":11,"Ancient Tea Set":5,"Burning Blood":0,"Pocketwatch":6,"Old Coin":9},{"TheAbacus":5,"HandDrill":5,"Black Star":8,"Orichalcum":5,"Ancient Tea Set":3,"Burning Blood":0,"Pocketwatch":4,"Old Coin":5},{"TheAbacus":15,"HandDrill":15,"Black Star":29,"Orichalcum":15,"Ancient Tea Set":9,"Burning Blood":0,"Pocketwatch":14,"Old Coin":15}],"Burning Blood":62,"Pocketwatch":[78]},"card_choices":[{"not_picked":["Flex","Pummel","Replay:Undeath\u0027s Touch"],"picked":"SKIP","floor":1},{"not_picked":["Rupture","Blood for Blood"],"picked":"Cleave","floor":3},{"not_picked":["Flex","Dual Wield"],"picked":"Cleave","floor":4},{"not_picked":["Iron Wave","Anger"],"picked":"Carnage","floor":5},{"not_picked":["Anger","Flex"],"picked":"Metallicize","floor":6},{"not_picked":["Pummel","Shockwave"],"picked":"ReplayReversal","floor":8},{"not_picked":["Body Slam","Iron Wave","Flame Barrier"],"picked":"SKIP","floor":12},{"not_picked":["Run Through","Cleave","Intimidate"],"picked":"SKIP","floor":14},{"not_picked":["Evolve","Clothesline","Sword Boomerang"],"picked":"SKIP","floor":18},{"not_picked":["ReplayTheSpireMod:Limb From Limb","Flex","ReplayTheSpireMod:Strike From Hell"],"picked":"SKIP","floor":19},{"not_picked":["Heavy Blade+1","Sever Soul","Sword Boomerang+1"],"picked":"SKIP","floor":21},{"not_picked":["Power Through","Dark Embrace","Wild Strike"],"picked":"SKIP","floor":22}],"player_experience":218345,"relics_obtained":[{"floor":5,"key":"Ancient Tea Set"},{"floor":6,"key":"Pocketwatch"},{"floor":9,"key":"Old Coin"}],"event_choices":[{"damage_healed":0,"gold_gain":0,"cards_transformed":["Strike_R"],"player_choice":"Change","damage_taken":0,"max_hp_gain":0,"max_hp_loss":0,"event_name":"Living Wall","floor":0,"gold_loss":0,"cards_obtained":["Inflame"]},{"damage_healed":0,"gold_gain":0,"player_choice":"Bought 0 Potions","damage_taken":0,"max_hp_gain":0,"max_hp_loss":0,"event_name":"The Woman in Blue","floor":2,"gold_loss":0},{"damage_healed":0,"gold_gain":0,"player_choice":"Got Potions","damage_taken":0,"max_hp_gain":0,"max_hp_loss":0,"event_name":"Lab","floor":20,"gold_loss":0}],"is_beta":false,"boss_relics":[{"not_picked":["reliquary:RedCape","reliquary:KinkedSpring"],"picked":"Black Star"}],"items_purged_floors":[11],"is_endless":true,"potions_floor_spawned":[4,12,16,18,22],"killed_by":"Book of Stabbing","ascension_level":2}}