{"host":"szp1d6dso4pv7ddl","time":1612580716,"event":{"mods":["AchievementEnabler","Alarm Clock","BaseMod","Bestiary","Block Reminder","Colored Map","Colored Powertips","Curses Come First","Dark Map","Displayed Cursed Tome","Highlight Path","Minty Spire (QoL Compilation)","Permanent Neow","Quick Restart","Relic Sorter","Relic Stats","StSLib","Synergy Search"],"gold_per_floor":[110,130,148,158,168,168,203,123,123,123,138,151,151,177,177,254,254,273,10,28,28,44,44,70,89,159,159,159],"floor_reached":27,"language":"ENG","playtime":1392,"items_purged":[],"score":494,"play_id":"a3012aa7-c0ee-4ef5-8110-4299a677ad99","local_time":"20210205190516","is_ascension_mode":true,"campfire_choices":[{"data":"Perfected Strike","floor":6,"key":"SMITH"},{"floor":10,"key":"REST"},{"data":"Inflame","floor":13,"key":"SMITH"},{"data":"Limit Break","floor":15,"key":"SMITH"},{"floor":23,"key":"REST"}],"circlet_count":0,"master_deck":["AscendersBane","Strike_R","Strike_R","Strike_R","Strike_R","Strike_R","Defend_R","Defend_R","Defend_R","Defend_R","Bash","Perfected Strike+1","Pommel Strike","Sword Boomerang","Disarm","Metallicize","Limit Break+1","Inflame+1","Pommel Strike","Pommel Strike","Feed","Power Through","Burning Pact","Pommel Strike","Sentinel+1"],"relics":["Burning Blood","Pocketwatch","White Beast Statue","Vajra","Sozu","StrikeDummy","Bird Faced Urn","Molten Egg 2"],"acts_visited":["Exordium","TheCity"],"potions_floor_usage":[7,16,16,22],"damage_taken":[{"damage":11,"enemies":"Cultist","floor":1,"turns":4},{"damage":19,"enemies":"Jaw Worm","floor":2,"turns":3},{"damage":0,"enemies":"2 Louse","floor":3,"turns":2},{"damage":8,"enemies":"Blue Slaver","floor":4,"turns":4},{"damage":5,"enemies":"3 Louse","floor":5,"turns":4},{"damage":26,"enemies":"Gremlin Nob","floor":7,"turns":4},{"damage":0,"enemies":"Large Slime","floor":11,"turns":3},{"damage":6,"enemies":"Looter","floor":12,"turns":3},{"damage":15,"enemies":"Lagavulin","floor":14,"turns":5},{"damage":30,"enemies":"Slime Boss","floor":16,"turns":7},{"damage":32,"enemies":"3 Byrds","floor":18,"turns":5},{"damage":22,"enemies":"2 Thieves","floor":20,"turns":4},{"damage":5,"enemies":"Snecko","floor":22,"turns":4},{"damage":41,"enemies":"Book of Stabbing","floor":24,"turns":5},{"damage":6,"enemies":"Snake Plant","floor":25,"turns":3},{"damage":27,"enemies":"Slavers","floor":27,"turns":3}],"seed_played":"-6465445026450334385","potions_obtained":[{"floor":4,"key":"AttackPotion"},{"floor":11,"key":"ColorlessPotion"},{"floor":12,"key":"SpeedPotion"},{"floor":14,"key":"Weak Potion"},{"floor":16,"key":"HeartOfIron"}],"is_trial":false,"path_per_floor":["M","M","M","M","M","R","E","$","T","R","M","M","R","E","R","B",null,"M","$","M","?","M","R","E","M","T","E"],"character_chosen":"IRONCLAD","items_purchased":["Inflame","StrikeDummy"],"campfire_rested":2,"item_purchase_floors":[8,19],"current_hp_per_floor":[63,50,56,54,55,55,35,35,35,57,63,63,63,54,54,30,64,41,41,28,28,29,53,18,22,22,0,0],"gold":159,"neow_bonus":"THREE_CARDS","is_daily":false,"chose_seed":false,"campfire_upgraded":3,"win_rate":0.0,"timestamp":1612580716,"path_taken":["M","M","M","M","M","R","E","$","T","R","M","M","R","E","R","BOSS","M","$","?","?","M","R","E","M","T","E"],"items_purchased_type":["Card","Relic"],"build_version":"2020-12-22","purchased_purges":0,"victory":false,"max_hp_per_floor":[75,75,75,75,75,75,75,75,75,75,75,75,75,75,75,75,75,78,78,81,81,81,81,81,81,81,81,81],"relic_stats":{"Sozu":5,"counters":[16,63],"Bird Faced Urn":[6],"obtain_stats":[{"Sozu":17,"Bird Faced Urn":24,"Vajra":14,"Molten Egg 2":26,"StrikeDummy":19,"Burning Blood":0,"White Beast Statue":9,"Pocketwatch":7},{"Sozu":10,"Bird Faced Urn":14,"Vajra":9,"Molten Egg 2":15,"StrikeDummy":11,"Burning Blood":0,"White Beast Statue":6,"Pocketwatch":6},{"Sozu":39,"Bird Faced Urn":57,"Vajra":32,"Molten Egg 2":60,"StrikeDummy":44,"Burning Blood":0,"White Beast Statue":21,"Pocketwatch":21}],"Burning Blood":90,"Pocketwatch":[57]},"card_choices":[{"not_picked":["Armaments","True Grit"],"picked":"Perfected Strike","floor":0},{"not_picked":["Headbutt","Thunderclap"],"picked":"Pommel Strike","floor":1},{"not_picked":["True Grit","Wild Strike"],"picked":"Sword Boomerang","floor":2},{"not_picked":["True Grit","Metallicize"],"picked":"Disarm","floor":3},{"not_picked":["Reckless Charge","Clash"],"picked":"Metallicize","floor":4},{"not_picked":["Havoc","Cleave"],"picked":"Limit Break","floor":5},{"not_picked":["Warcry","Heavy Blade","Reckless Charge"],"picked":"SKIP","floor":7},{"not_picked":["Warcry","Intimidate","Evolve"],"picked":"SKIP","floor":11},{"not_picked":["Dark Embrace","Perfected Strike"],"picked":"Pommel Strike","floor":12},{"not_picked":["Bloodletting","Searing Blow"],"picked":"Pommel Strike","floor":14},{"not_picked":["Juggernaut","Fiend Fire"],"picked":"Feed","floor":16},{"not_picked":["Reckless Charge","Headbutt"],"picked":"Power Through","floor":18},{"not_picked":["Bloodletting","Wild Strike","Clash"],"picked":"SKIP","floor":20},{"not_picked":["Anger","Warcry"],"picked":"Burning Pact","floor":22},{"not_picked":["Body Slam","Wild Strike"],"picked":"Pommel Strike","floor":24},{"not_picked":["Burning Pact","Perfected Strike"],"picked":"Sentinel+1","floor":25}],"player_experience":1369274,"relics_obtained":[{"floor":7,"key":"Pocketwatch"},{"floor":9,"key":"White Beast Statue"},{"floor":14,"key":"Vajra"},{"floor":24,"key":"Bird Faced Urn"},{"floor":26,"key":"Molten Egg 2"}],"event_choices":[],"is_beta":false,"boss_relics":[{"not_picked":["Black Blood","Busted Crown"],"picked":"Sozu"}],"items_purged_floors":[],"is_endless":false,"potions_floor_spawned":[4,11,12,14,16,18,20,22,24,25],"killed_by":"Slavers","ascension_level":18}}