{"host":"1bzbl1adcbkdzqlf","time":1612651347,"event":{"mods":["BaseMod","Minty Spire (QoL Compilation)","Slay the Relics Exporter"],"gold_per_floor":[112,124,142,157,172,203,203,234,260,97,97,68,91,119,119,226,289,309,330,97,119,138,147,188,188,188],"floor_reached":25,"language":"ENG","playtime":3328,"items_purged":["Strike_B","Reprogram"],"score":296,"play_id":"eaf7e686-30e5-4775-ab18-62839e1de6cd","local_time":"20210206164227","is_ascension_mode":true,"campfire_choices":[{"data":"Coolheaded","floor":7,"key":"SMITH"},{"data":"Genetic Algorithm","floor":11,"key":"SMITH"},{"data":"Rainbow","floor":15,"key":"SMITH"}],"circlet_count":0,"master_deck":["Zap","Dualcast","Ball Lightning","Coolheaded+1","Conserve Battery","BootSequence","Cold Snap","Streamline","Rainbow+1","Genetic Algorithm+1","Self Repair","Hello World","Defragment","Redo","Buffer","Reinforced Body","Sunder","Leap","Stack","Genetic Algorithm","Steam","Hologram+1","Sweeping Beam+1","Capacitor","Beam Cell","Chill","RitualDagger","Fusion"],"relics":["Nuclear Battery","Anchor","Sundial","CeramicFish","Pandora\u0027s Box","Membership Card","Regal Pillow"],"acts_visited":["Exordium","TheCity"],"potions_floor_usage":[6,16,16,16,24,25],"damage_taken":[{"damage":0,"enemies":"Cultist","floor":1,"turns":4},{"damage":2,"enemies":"Jaw Worm","floor":2,"turns":3},{"damage":3,"enemies":"2 Louse","floor":3,"turns":3},{"damage":1,"enemies":"2 Fungi Beasts","floor":4,"turns":3},{"damage":9,"enemies":"Exordium Thugs","floor":5,"turns":5},{"damage":6,"enemies":"3 Sentries","floor":6,"turns":7},{"damage":14,"enemies":"Lagavulin","floor":8,"turns":5},{"damage":0,"enemies":"3 Louse","floor":13,"turns":3},{"damage":4,"enemies":"2 Fungi Beasts","floor":14,"turns":5},{"damage":3,"enemies":"The Guardian","floor":16,"turns":11},{"damage":15,"enemies":"2 Thieves","floor":18,"turns":5},{"damage":0,"enemies":"Chosen","floor":19,"turns":7},{"damage":10,"enemies":"Centurion and Healer","floor":21,"turns":12},{"damage":0,"enemies":"Snake Plant","floor":22,"turns":5},{"damage":33,"enemies":"Book of Stabbing","floor":24,"turns":9},{"damage":50,"enemies":"Masked Bandits","floor":25,"turns":3}],"seed_played":"-6649719627590711392","potions_obtained":[{"floor":1,"key":"Strength Potion"},{"floor":4,"key":"Fire Potion"},{"floor":5,"key":"AttackPotion"},{"floor":13,"key":"SkillPotion"},{"floor":16,"key":"LiquidBronze"},{"floor":21,"key":"Weak Potion"},{"floor":24,"key":"FearPotion"}],"is_trial":false,"path_per_floor":["M","M","M","M","M","E","R","E","T","$","R","$","M","M","R","B",null,"M","M","$","M","M","?","E","?"],"character_chosen":"DEFECT","items_purchased":["Genetic Algorithm","Self Repair","Hello World","Membership Card","Capacitor"],"campfire_rested":0,"item_purchase_floors":[10,10,12,20,20],"current_hp_per_floor":[75,73,70,69,60,54,54,40,40,40,40,40,47,50,50,54,70,62,69,69,66,73,67,41,0,0],"gold":188,"neow_bonus":"BOSS_RELIC","is_daily":false,"chose_seed":false,"campfire_upgraded":3,"win_rate":0.0,"timestamp":1612651347,"path_taken":["M","M","M","?","M","E","R","E","T","$","R","?","?","M","R","BOSS","M","M","$","?","M","?","E","?"],"items_purchased_type":["Card","Card","Card","Relic","Card"],"build_version":"2020-12-22","purchased_purges":2,"victory":false,"max_hp_per_floor":[75,75,75,75,75,75,75,75,75,75,75,75,75,75,75,75,75,75,75,75,75,75,75,75,75,75],"card_choices":[{"not_picked":["Rip and Tear","Undo"],"picked":"Ball Lightning","floor":1},{"not_picked":["Chill","Barrage"],"picked":"Coolheaded","floor":2},{"not_picked":["White Noise","Turbo"],"picked":"Conserve Battery","floor":3},{"not_picked":["Steam","Coolheaded"],"picked":"BootSequence","floor":4},{"not_picked":["Sunder","Reprogram"],"picked":"Cold Snap","floor":5},{"not_picked":["Redo","Rebound"],"picked":"Streamline","floor":6},{"not_picked":["Darkness","Barrage"],"picked":"Rainbow","floor":8},{"not_picked":["Melter","White Noise"],"picked":"Defragment","floor":13},{"not_picked":["Barrage","Streamline"],"picked":"Redo","floor":14},{"not_picked":["Core Surge","All For One"],"picked":"Buffer","floor":16},{"not_picked":["Sweeping Beam","Storm"],"picked":"Hologram+1","floor":18},{"not_picked":["BootSequence","Skim"],"picked":"Sweeping Beam+1","floor":19},{"not_picked":["Steam","Rebound"],"picked":"Beam Cell","floor":21},{"not_picked":["Sweeping Beam","Defragment"],"picked":"Chill","floor":22},{"not_picked":["Melter","Conserve Battery"],"picked":"Fusion","floor":24}],"player_experience":353293,"relics_obtained":[{"floor":6,"key":"Anchor"},{"floor":8,"key":"Sundial"},{"floor":9,"key":"CeramicFish"},{"floor":24,"key":"Regal Pillow"}],"event_choices":[{"damage_healed":0,"gold_gain":0,"player_choice":"Joined the Cult","damage_taken":6,"max_hp_gain":0,"max_hp_loss":0,"event_name":"Nest","floor":23,"gold_loss":0,"cards_obtained":["RitualDagger"]},{"damage_healed":0,"gold_gain":0,"player_choice":"Fought Bandits","damage_taken":0,"max_hp_gain":0,"max_hp_loss":0,"event_name":"Masked Bandits","floor":25,"gold_loss":0}],"is_beta":false,"boss_relics":[{"not_picked":["Snecko Eye","Velvet Choker"],"picked":"Pandora\u0027s Box"}],"items_purged_floors":[10,20],"is_endless":false,"potions_floor_spawned":[1,4,5,13,16,21,24],"killed_by":"Masked Bandits","ascension_level":5}}