{"host":"zksvs3x2ysy9npnz","time":1612579007,"event":{"mods":["Aspiration","BaseMod","Beaked The Cultist","BetterRewards","Clockwork Mod","Colored Map","Conspire","Downfall","Duelist Mod","Halation","Highlight Path","Hubris","Infinite Spire","Jedi Mod","Magitek Elite","Minty Spire (QoL Compilation)","Permanent Neow","Quick Restart","Relic Stats","Shop Mod","StSLib","The Runesmith","The Witch"],"gold_per_floor":[113,113,113,123,30,30,41,41,87,99,127,146,146,164,164,243,243,255,255,266,278,378,378,413,413,439,439,456,491,502,522,522,598,598,608,626,626,67,67,98,98,98,98,125,145,160,160,160,160],"floor_reached":48,"language":"FRA","playtime":3721,"items_purged":["Runesmith:Strike_RS"],"score":1068,"play_id":"1e53ac3f-292f-479e-9c4d-0c2bc0fa0647","local_time":"20210206033647","is_ascension_mode":true,"campfire_choices":[{"data":"conspire:Banana","floor":6.0,"key":"SMITH"},{"data":"Runesmith:Grindstone","floor":8.0,"key":"SMITH"},{"data":"Runesmith:CraftFirestone","floor":15.0,"key":"SMITH"},{"floor":23.0,"key":"REST"},{"floor":25.0,"key":"REST"},{"data":"Runesmith:UnlimitedPower","floor":27.0,"key":"SMITH"},{"floor":32.0,"key":"REST"},{"floor":41.0,"key":"REST"},{"floor":47,"key":"REST"}],"circlet_count":0,"master_deck":["AscendersBane","Runesmith:Strike_RS","Runesmith:Defend_RS","Runesmith:Defend_RS","Runesmith:Defend_RS","Runesmith:Defend_RS","Runesmith:CraftFirestone+1","Runesmith:Fortify","Runesmith:FissionHammer","Runesmith:EarthShield","Runesmith:Prism","Runesmith:Grindstone+1","conspire:Banana+1","Runesmith:CraftProtectio","Runesmith:OneForEveryone","Runesmith:Augment","Runesmith:EarthShield","Runesmith:UnlimitedPower+1","Runesmith:EnergizedChisel","Runesmith:LightningRod","Runesmith:CraftPrismatica","Runesmith:CraftSpiculum","Runesmith:PoweredAnvil","Runesmith:ReplicatingBarrier","Runesmith:ElementalConversion+1","Runesmith:Supernova","Runesmith:CreatorForm","Runesmith:Grindstone+1","Magnetism","Runesmith:LithiumIon","Runesmith:Grindstone","Runesmith:Firewall","Runesmith:CraftVitae","Parasite"],"relics":["Runesmith:BrokenRuby","Akabeko","Mango","jedi:hotpepper","aspiration:FetidBarrel","Mythril_Glove","infinitespire:BottledMercury","Busted Crown","Bag of Preparation","Tintinnabulum","Molten Egg 2","jedi:shrinkray"],"acts_visited":["Exordium","TheCity","TheBeyond"],"potions_floor_usage":[44],"damage_taken":[{"damage":11.0,"enemies":"Cultist","floor":1.0,"turns":4.0},{"damage":2.0,"enemies":"Small Slimes","floor":4.0,"turns":4.0},{"damage":0.0,"enemies":"2 Louse","floor":7.0,"turns":3.0},{"damage":0.0,"enemies":"Looter","floor":10.0,"turns":2.0},{"damage":10.0,"enemies":"3 Sentries","floor":11.0,"turns":7.0},{"damage":5.0,"enemies":"Red Slaver","floor":12.0,"turns":4.0},{"damage":0.0,"enemies":"2 Fungi Beasts","floor":14.0,"turns":4.0},{"damage":20.0,"enemies":"Slime Boss","floor":16.0,"turns":19.0},{"damage":14.0,"enemies":"3 Byrds","floor":18.0,"turns":6.0},{"damage":7.0,"enemies":"Spheric Guardian","floor":20.0,"turns":7.0},{"damage":25.0,"enemies":"Centurion and Healer","floor":21.0,"turns":9.0},{"damage":8.0,"enemies":"Book of Stabbing","floor":24.0,"turns":8.0},{"damage":19.0,"enemies":"Snecko","floor":28.0,"turns":9.0},{"damage":1.0,"enemies":"Nightmare","floor":29.0,"turns":10.0},{"damage":6.0,"enemies":"Shelled Parasite and Fungi","floor":30.0,"turns":8.0},{"damage":0.0,"enemies":"Centurion and Healer","floor":31.0,"turns":10.0},{"damage":15.0,"enemies":"hubris:MusketHawk","floor":33.0,"turns":12.0},{"damage":13.0,"enemies":"3 Darklings","floor":35.0,"turns":7.0},{"damage":7.0,"enemies":"Orb Walker","floor":36.0,"turns":7.0},{"damage":16.0,"enemies":"Giant Head","floor":40.0,"turns":9.0},{"damage":38,"enemies":"Reptomancer","floor":44,"turns":8},{"damage":7,"enemies":"Sphere and 2 Shapes","floor":45,"turns":6},{"damage":7,"enemies":"Writhing Mass","floor":46,"turns":10},{"damage":88,"enemies":"Transient","floor":48,"turns":4}],"seed_played":"-2378503116172289904","potions_obtained":[{"floor":1.0,"key":"Dexterity Potion"},{"floor":10.0,"key":"PowerPotion"},{"floor":16.0,"key":"SkillPotion"},{"floor":20.0,"key":"Strength Potion"},{"floor":28.0,"key":"BlessingOfTheForge"},{"floor":29.0,"key":"SteroidPotion"},{"floor":45,"key":"Dexterity Potion"}],"is_trial":false,"path_per_floor":["M","?","?","M","$","R","M","R","T","M","E","M","?","M","R","B",null,"M","?","M","M","?","R","E","R","T","R","M","NM","M","M","R","B",null,"M","M","?","$","?","E","R","?","T","E","M","M","R","M"],"character_chosen":"RUNESMITH_CLASS","items_purchased":["conspire:Banana","Magnetism","Bag of Preparation","Runesmith:LithiumIon","Runesmith:Grindstone","Runesmith:Firewall"],"campfire_rested":5,"item_purchase_floors":[5,38,38,38,38,38],"current_hp_per_floor":[52,52,52,50,50,50,52,52,52,52,58,55,48,50,50,32,61,48,48,42,18,18,39,32,54,54,54,36,36,31,32,55,41,70,58,52,52,52,52,37,62,63,64,28,23,18,44,0,0],"gold":160,"neow_bonus":"ONE_RANDOM_RARE_CARD","is_daily":false,"chose_seed":false,"campfire_upgraded":4,"win_rate":0.0,"timestamp":1612579007,"path_taken":["M","?","?","M","$","R","?","R","T","M","E","M","?","M","R","BOSS","M","?","?","M","?","R","E","R","T","R","M","NM","M","?","R","BOSS","M","M","?","$","?","E","R","?","T","E","M","M","R","M"],"items_purchased_type":["Card","Card","Relic","Card","Card","Card"],"build_version":"2020-12-22","purchased_purges":1,"victory":false,"max_hp_per_floor":[70,70,70,70,70,70,72,72,72,72,88,90,90,92,92,94,70,71,71,72,73,73,73,74,74,74,74,75,76,77,78,78,79,79,80,81,81,81,81,82,82,82,82,83,84,85,85,85,85],"relic_stats":{"Busted Crown":12,"counters":[24,177],"Bag of Preparation":[10],"obtain_stats":[{"infinitespire:BottledMercury":29,"Runesmith:BrokenRuby":0,"Busted Crown":34,"jedi:hotpepper":17,"aspiration:FetidBarrel":24,"Tintinnabulum":40,"Mango":11,"Molten Egg 2":43,"Bag of Preparation":38,"Mythril_Glove":26,"Akabeko":9,"jedi:shrinkray":44},{"infinitespire:BottledMercury":14,"Runesmith:BrokenRuby":0,"Busted Crown":17,"jedi:hotpepper":8,"aspiration:FetidBarrel":12,"Tintinnabulum":20,"Mango":5,"Molten Egg 2":20,"Bag of Preparation":19,"Mythril_Glove":12,"Akabeko":3,"jedi:shrinkray":21},{"infinitespire:BottledMercury":96,"Runesmith:BrokenRuby":0,"Busted Crown":126,"jedi:hotpepper":47,"aspiration:FetidBarrel":77,"Tintinnabulum":149,"Mango":20,"Molten Egg 2":149,"Bag of Preparation":140,"Mythril_Glove":77,"Akabeko":11,"jedi:shrinkray":157}]},"card_choices":[{"not_picked":["Runesmith:Overpower","Runesmith:NanitesCloud"],"picked":"Runesmith:EarthShield","floor":1.0},{"not_picked":["Runesmith:EnergizedChisel","Runesmith:ChiselStab"],"picked":"Runesmith:Grindstone","floor":4.0},{"not_picked":["Runesmith:FrozenChisel","Runesmith:HammerThrow"],"picked":"Runesmith:CraftProtectio","floor":7.0},{"not_picked":["Runesmith:Terraform","Runesmith:EnergizedChisel"],"picked":"Runesmith:CraftSpiculum","floor":10.0},{"not_picked":["Runesmith:ShiftingStrike","Runesmith:Superposition"],"picked":"Runesmith:OneForEveryone","floor":11.0},{"not_picked":["Runesmith:HeatExchange","Runesmith:GrandSlam"],"picked":"Runesmith:Augment","floor":12.0},{"not_picked":["Runesmith:HeatedChisel","Runesmith:Discharge"],"picked":"Runesmith:EarthShield","floor":14.0},{"not_picked":["Runesmith:MetallurgicalResearch","Runesmith:CraftMedicinae"],"picked":"Runesmith:UnlimitedPower","floor":16.0},{"not_picked":["Runesmith:Empowerment","Runesmith:Malloc"],"picked":"Runesmith:EnergizedChisel","floor":18.0},{"not_picked":["Runesmith:RuneHurl","Runesmith:UnstableHammer"],"picked":"Runesmith:CraftPrismatica","floor":20.0},{"not_picked":["Runesmith:HeatedChisel+1","Runesmith:BackupBattery"],"picked":"Runesmith:CraftSpiculum","floor":21.0},{"not_picked":["Runesmith:Repurpose+1","Runesmith:Superposition","Runesmith:UnstableHammer"],"picked":"SKIP","floor":24.0},{"not_picked":["Runesmith:Grindstone","Runesmith:ChaoticBlast"],"picked":"Runesmith:PoweredAnvil","floor":28.0},{"not_picked":["Runesmith:Superposition","Runesmith:CraftMagma+1"],"picked":"Runesmith:ReplicatingBarrier","floor":29.0},{"not_picked":["Runesmith:Terraform","Runesmith:MakeshiftArmor"],"picked":"Runesmith:ElementalConversion+1","floor":30.0},{"not_picked":["Runesmith:UnstableHammer","Runesmith:HeatedChisel"],"picked":"Runesmith:Supernova","floor":31.0},{"not_picked":["Runesmith:CraftMedicinae","Runesmith:Supernova"],"picked":"Runesmith:CreatorForm","floor":33.0},{"not_picked":["Runesmith:EnergizedChisel"],"picked":"SKIP","floor":35.0},{"not_picked":[],"picked":"Runesmith:Grindstone+1","floor":36.0},{"not_picked":["Runesmith:FieryHammer"],"picked":"SKIP","floor":40.0},{"not_picked":[],"picked":"Runesmith:CraftVitae","floor":44},{"not_picked":["Runesmith:HammerThrow+1"],"picked":"SKIP","floor":45},{"not_picked":["Runesmith:EnergizedChisel+1"],"picked":"SKIP","floor":46}],"player_experience":2123976,"relics_obtained":[{"floor":9.0,"key":"Akabeko"},{"floor":11.0,"key":"Mango"},{"floor":24.0,"key":"aspiration:FetidBarrel"},{"floor":26.0,"key":"Mythril_Glove"},{"floor":29.0,"key":"infinitespire:BottledMercury"},{"floor":40.0,"key":"Tintinnabulum"},{"floor":43,"key":"Molten Egg 2"},{"floor":44,"key":"jedi:shrinkray"}],"event_choices":[{"damage_healed":0.0,"max_hp_gain":0.0,"max_hp_loss":0.0,"gold_gain":0.0,"event_name":"conspire:LoneGhost","player_choice":"Disagree","floor":2.0,"gold_loss":0.0,"damage_taken":0.0},{"damage_healed":0.0,"max_hp_gain":0.0,"max_hp_loss":0.0,"gold_gain":0.0,"cards_transformed":["Runesmith:Strike_RS"],"event_name":"Transmorgrifier","player_choice":"Transformed","floor":3.0,"gold_loss":0.0,"damage_taken":0.0,"cards_obtained":["Runesmith:Prism"]},{"cards_removed":["Runesmith:Strike_RS"],"damage_healed":0.0,"max_hp_gain":0.0,"max_hp_loss":0.0,"gold_gain":0.0,"event_name":"Golden Wing","player_choice":"Card Removal","floor":13.0,"gold_loss":0.0,"damage_taken":7.0},{"damage_healed":0.0,"max_hp_gain":0.0,"max_hp_loss":0.0,"gold_gain":0.0,"event_name":"Match and Keep!","player_choice":"1 cards matched","floor":19.0,"gold_loss":0.0,"damage_taken":0.0,"cards_obtained":["Runesmith:LightningRod"]},{"damage_healed":0.0,"max_hp_gain":0.0,"max_hp_loss":0.0,"gold_gain":100.0,"event_name":"Golden Shrine","player_choice":"Pray","floor":22.0,"gold_loss":0.0,"damage_taken":0.0},{"damage_healed":0.0,"max_hp_gain":0.0,"max_hp_loss":0.0,"gold_gain":0.0,"event_name":"Tomb of Lord Red Mask","player_choice":"Ignored","floor":37.0,"gold_loss":0.0,"damage_taken":0.0},{"cards_removed":["Runesmith:CraftSpiculum"],"damage_healed":0.0,"max_hp_gain":0.0,"max_hp_loss":0.0,"gold_gain":0.0,"event_name":"Falling","player_choice":"Removed Skill","floor":39.0,"gold_loss":0.0,"damage_taken":0.0},{"damage_healed":0,"gold_gain":0,"player_choice":"Ignored","damage_taken":0,"max_hp_gain":0,"max_hp_loss":0,"event_name":"Mysterious Sphere","floor":42,"gold_loss":0}],"is_beta":false,"boss_relics":[{"not_picked":["aspiration:FutureDiary","hubris:TerracottaHorce"],"picked":"jedi:hotpepper"},{"not_picked":["hubris:HollowSoul","hubris:Stopwatch"],"picked":"Busted Crown"}],"items_purged_floors":[38],"is_endless":false,"potions_floor_spawned":[1,10,16,20,28,29,33,35,45],"killed_by":"Transient","ascension_level":13}}