{"host":"1mv6gj0zv8k9e9tz","time":1612625561,"event":{"mods":["AchievementEnabler","BaseMod","Better Third Choice","Colored Map","DeckTracker","Highlight Path","KOR Keyword Fix","Keyboard Shortcuts","Minty Spire (QoL Compilation)","Permanent Neow","Quick Restart","Rare Cards Sparkle","StSLib","SuperFastMode","everything is the same but u backflip on backflip"],"gold_per_floor":[111,130,141,151,151,184,184,199,199,199,210,221,221,235,235,310,310,323,523,543,553,566,566,599,599,622,622,622,635,652,652,652],"floor_reached":31,"language":"KOR","playtime":640,"items_purged":[],"score":642,"play_id":"a8b066e7-6cbe-4179-8ca0-0741c58e052a","local_time":"20210207003241","is_ascension_mode":true,"campfire_choices":[{"data":"Zap","floor":7.0,"key":"SMITH"},{"data":"Dualcast","floor":13.0,"key":"SMITH"},{"floor":15.0,"key":"REST"},{"floor":23.0,"key":"REST"},{"floor":25.0,"key":"REST"},{"data":"White Noise","floor":27.0,"key":"SMITH"}],"circlet_count":0,"master_deck":["AscendersBane","Strike_B","Strike_B","Defend_B","Defend_B","Defend_B","Zap+1","Dualcast+1","White Noise+1","Core Surge","Ball Lightning","Conserve Battery","Melter","FTL","Core Surge","Ball Lightning","Hologram+1","Echo Form","Ball Lightning+1","Coolheaded+1","Stack+1","Conserve Battery+1"],"relics":["Cracked Core","Bag of Marbles","The Courier","Toxic Egg 2","Sozu","Juzu Bracelet","Anchor"],"acts_visited":["Exordium","TheCity"],"potions_floor_usage":[],"damage_taken":[{"damage":0.0,"enemies":"Small Slimes","floor":1.0,"turns":2.0},{"damage":7.0,"enemies":"Jaw Worm","floor":2.0,"turns":2.0},{"damage":0.0,"enemies":"2 Louse","floor":3.0,"turns":1.0},{"damage":0.0,"enemies":"Red Slaver","floor":4.0,"turns":2.0},{"damage":0.0,"enemies":"Gremlin Nob","floor":6.0,"turns":2.0},{"damage":6.0,"enemies":"Exordium Thugs","floor":8.0,"turns":2.0},{"damage":7.0,"enemies":"Exordium Wildlife","floor":11.0,"turns":3.0},{"damage":0.0,"enemies":"Large Slime","floor":12.0,"turns":4.0},{"damage":14.0,"enemies":"Red Slaver","floor":14.0,"turns":2.0},{"damage":0.0,"enemies":"Slime Boss","floor":16.0,"turns":5.0},{"damage":7.0,"enemies":"3 Byrds","floor":18.0,"turns":4.0},{"damage":0.0,"enemies":"Spheric Guardian","floor":20.0,"turns":1.0},{"damage":25.0,"enemies":"Shelled Parasite and Fungi","floor":21.0,"turns":3.0},{"damage":22.0,"enemies":"Cultist and Chosen","floor":22.0,"turns":5.0},{"damage":27.0,"enemies":"Gremlin Leader","floor":24.0,"turns":6.0},{"damage":7,"enemies":"Snecko","floor":29,"turns":4},{"damage":9,"enemies":"Centurion and Healer","floor":30,"turns":4},{"damage":12,"enemies":"Snake Plant","floor":31,"turns":2}],"seed_played":"521693581890469371","potions_obtained":[{"floor":1.0,"key":"AttackPotion"},{"floor":4.0,"key":"AttackPotion"},{"floor":6.0,"key":"Weak Potion"},{"floor":8.0,"key":"Strength Potion"},{"floor":14.0,"key":"Weak Potion"}],"is_trial":false,"path_per_floor":["M","M","M","M","?","E","R","M","T","T","M","M","R","M","R","B",null,"M","?","M","M","M","R","E","R","T","R","T","M","M","M"],"character_chosen":"DEFECT","items_purchased":[],"campfire_rested":3,"item_purchase_floors":[],"current_hp_per_floor":[46,39,39,39,39,39,39,33,33,33,26,26,26,12,33,33,62,55,55,55,30,8,29,2,23,23,23,23,16,7,0,0],"gold":652,"neow_bonus":"TRANSFORM_TWO_CARDS","is_daily":false,"chose_seed":false,"campfire_upgraded":3,"win_rate":0.0,"timestamp":1612625561,"path_taken":["M","M","M","M","?","E","R","M","T","?","M","M","R","M","R","BOSS","M","?","?","M","M","R","E","R","T","R","?","M","M","M"],"items_purchased_type":[],"build_version":"2020-12-22","purchased_purges":0,"victory":false,"max_hp_per_floor":[71,71,71,71,71,71,71,71,71,71,71,71,71,71,71,71,71,71,71,71,71,71,71,71,71,71,71,71,71,71,71,71],"card_choices":[{"not_picked":["Hello World","Chill"],"picked":"Ball Lightning","floor":1.0},{"not_picked":["Compile Driver","Loop"],"picked":"Conserve Battery","floor":2.0},{"not_picked":["Hello World","Barrage"],"picked":"Melter","floor":3.0},{"not_picked":["Compile Driver","Rebound"],"picked":"FTL","floor":4.0},{"not_picked":["Beam Cell","Rebound","Hello World"],"picked":"SKIP","floor":6.0},{"not_picked":["Blizzard","Machine Learning","Undo"],"picked":"SKIP","floor":8.0},{"not_picked":["Blizzard","Machine Learning","Undo"],"picked":"SKIP","floor":8.0},{"not_picked":["Hologram+1","Steam+1"],"picked":"Ball Lightning","floor":11.0},{"not_picked":["Sweeping Beam","Loop","Undo+1"],"picked":"SKIP","floor":12.0},{"not_picked":["Fusion+1","Ball Lightning"],"picked":"Hologram+1","floor":14.0},{"not_picked":["Hyperbeam","Core Surge"],"picked":"Echo Form","floor":16.0},{"not_picked":["Compile Driver","Recycle+1"],"picked":"Ball Lightning+1","floor":18.0},{"not_picked":["Turbo+1","Go for the Eyes"],"picked":"Coolheaded+1","floor":20.0},{"not_picked":["Sunder+1","Genetic Algorithm+1"],"picked":"Stack+1","floor":21.0},{"not_picked":["Heatsinks","Redo+1","Steam+1"],"picked":"SKIP","floor":22.0},{"not_picked":["Streamline","Barrage"],"picked":"Conserve Battery+1","floor":24.0},{"not_picked":["Sunder","Melter","Turbo+1"],"picked":"SKIP","floor":29},{"not_picked":["Sweeping Beam","Steam+1","Conserve Battery+1"],"picked":"SKIP","floor":30}],"player_experience":634416,"relics_obtained":[{"floor":6.0,"key":"Bag of Marbles"},{"floor":9.0,"key":"The Courier"},{"floor":10.0,"key":"Toxic Egg 2"},{"floor":24.0,"key":"Juzu Bracelet"},{"floor":26.0,"key":"Anchor"}],"event_choices":[{"damage_healed":0.0,"max_hp_gain":0.0,"max_hp_loss":0.0,"gold_gain":0.0,"cards_transformed":["Strike_B"],"event_name":"Living Wall","player_choice":"Change","floor":5.0,"gold_loss":0.0,"damage_taken":0.0,"cards_obtained":["Core Surge"]},{"damage_healed":0.0,"max_hp_gain":0.0,"max_hp_loss":0.0,"gold_gain":250.0,"event_name":"The Joust","player_choice":"Bet on Owner","floor":19.0,"gold_loss":50.0,"damage_taken":0.0}],"is_beta":false,"boss_relics":[{"not_picked":["Pandora\u0027s Box","Philosopher\u0027s Stone"],"picked":"Sozu"}],"items_purged_floors":[],"is_endless":false,"potions_floor_spawned":[1,4,6,8,14,20,22,24,30],"killed_by":"Snake Plant","ascension_level":18}}