{"host":"m8o7tt929h4qck9e","time":1612622630,"event":{"mods":["Act Like it!","Aspiration","BaseMod","Better Third Choice","BetterRewards","Card Forge","Colored Powertips","Conspire","Defuse TimeMaze Blight","Friendly Minions","Gensokyo","Halation","Hubris","Infinite Spire","Jedi Mod","KinomotoSakuraMod(????)","Minty Spire (QoL Compilation)","Replay The Spire","Shop Mod","Spicy Shops","StSLib","The Jungle","Transform Curses","??????REMEMod"],"gold_per_floor":[115,115,115,115,129,129,129],"floor_reached":6,"language":"ENG","playtime":3404,"items_purged":["Decay","ClowCardTheSword","ClowCardTheShield","ClowCardTheSword","ClowCardTheShield"],"score":34,"play_id":"1cc67210-6084-4e1f-a4a1-da6fa36af8e8","local_time":"20210206094350","is_ascension_mode":false,"campfire_choices":[],"circlet_count":0,"master_deck":["ClowCardTheSword","ClowCardTheSword","ClowCardTheShield","ClowCardTheShield","SpellCardSeal","SpellCardRelease","ClowCardTheVoice","Gensokyo:DreamlikeParadise","ClowCardTheMove","ClowCardTheMove","Flash of Steel","Thinking Ahead+1","ClowCardTheCreate","ClowCardTheSong"],"relics":["KSMOD_SealedBook","KSMOD_SealedWand","Hammer of Thor","Seething Fire","Anvil of the Gods","REME_ComplimentaryCards","Membership Card","KSMOD_TaoistSuit","KSMOD_TeddyBear","Question Card","KSMOD_TouyasBicycle","halation:Thesaurus","Strange Spoon","Bag of Preparation","jedi:kaleidoscope","Gensokyo:Mercy"],"acts_visited":["Exordium"],"potions_floor_usage":[],"damage_taken":[{"damage":0,"enemies":"Gensokyo:Python","floor":1,"turns":1},{"damage":0,"enemies":"Gensokyo:2_Kodama","floor":5,"turns":1},{"damage":0,"enemies":"Gensokyo:Cirno","floor":6,"turns":3}],"seed_played":"6049090903087044234","potions_obtained":[{"floor":5,"key":"Energy Potion"}],"is_trial":false,"path_per_floor":["M","?","?","?","M","E"],"character_chosen":"KINOMOTOSAKURA","items_purchased":["Membership Card","KSMOD_TaoistSuit","KSMOD_TeddyBear","Question Card","Flash of Steel","jedi:fakemustache","KSMOD_TouyasBicycle","ClowCardTheVoice","halation:Thesaurus","ClowCardTheMove","Bag of Preparation","jedi:kaleidoscope","Flash of Steel","Thinking Ahead"],"campfire_rested":0,"item_purchase_floors":[0,0,0,0,0,0,0,0,0,0,0,0,0,0],"current_hp_per_floor":[68,68,68,68,68,68,68],"gold":129,"neow_bonus":"","is_daily":false,"chose_seed":false,"campfire_upgraded":0,"win_rate":0.0,"timestamp":1612622630,"path_taken":["M","?","?","?","?","E"],"items_purchased_type":["Relic","Relic","Relic","Relic","Card","Relic","Relic","Card","Relic","Card","Relic","Relic","Card","Card"],"build_version":"2020-12-22","purchased_purges":5,"victory":false,"max_hp_per_floor":[70,70,70,70,70,70,70],"card_choices":[{"not_picked":["ClowCardTheMaze","ClowCardTheShot","ClowCardTheMirror","ClowCardTheIllusion"],"picked":"SKIP","floor":1},{"not_picked":["ClowCardTheIllusion","ClowCardTheChange","ClowCardTheMove"],"picked":"ClowCardTheCreate","floor":3},{"not_picked":["ClowCardTheLock","ClowCardTheMist","ClowCardTheCloud"],"picked":"ClowCardTheSong","floor":3},{"not_picked":["ClowCardTheErase","ClowCardTheMaze","ClowCardTheFreeze","ClowCardThePower"],"picked":"SKIP","floor":5}],"player_experience":45341,"relics_obtained":[],"event_choices":[],"is_beta":false,"boss_relics":[],"items_purged_floors":[0,0,0,0,0],"is_endless":false,"potions_floor_spawned":[5],"killed_by":"Gensokyo:Cirno","ascension_level":0}}