{"host":"2q82lssse0ckn8xu","time":1612643433,"event":{"mods":["AchievementEnabler","BaseMod","Colored Map","Colored Powertips","Minty Spire (QoL Compilation)","Permanent Neow","Quick Restart","StSLib","The Saiyan","Unceasing Turn Reminder"],"gold_per_floor":[93,104,119,137,153,153,178,178,178,196,196,101,115,135,135,239,239,250,270,297,297,54,54,81,100,100,134,134,134,169,185,185,280,280,295,310,310,328,341,341,357,357,357,387,387,436,448,467,467,467],"floor_reached":51,"language":"ENG","playtime":4810,"items_purged":[],"score":881,"play_id":"7b6e5c28-c1b0-461b-ad83-e921044431a9","local_time":"20210207020033","is_ascension_mode":true,"campfire_choices":[{"data":"Saiyan:Momentum","floor":6.0,"key":"SMITH"},{"floor":8.0,"key":"REST"},{"data":"Saiyan:Teleport","floor":11.0,"key":"SMITH"},{"data":"Saiyan:KameHameHa","floor":15.0,"key":"SMITH"},{"data":"Saiyan:PlotArmor","floor":23.0,"key":"SMITH"},{"floor":29.0,"key":"REST"},{"floor":32.0,"key":"REST"},{"data":"Saiyan:Flurry","floor":40.0,"key":"SMITH"},{"data":"Saiyan:DrainingStrike","floor":42.0,"key":"SMITH"},{"floor":45.0,"key":"REST"},{"data":"Saiyan:KaioKen","floor":49,"key":"SMITH"}],"circlet_count":0,"master_deck":["Saiyan:SAIYA_Strike","Saiyan:SAIYA_Strike","Saiyan:SAIYA_Strike","Saiyan:SAIYA_Strike","Saiyan:SAIYA_Defend","Saiyan:SAIYA_Defend","Saiyan:SAIYA_Defend","Saiyan:SAIYA_Defend","Saiyan:EnergyBlast","Saiyan:KaioKen+1","Saiyan:RuthlessBlow+1","Saiyan:DrainingStrike+1","Saiyan:PlotArmor+1","Saiyan:Makankosappo","Saiyan:PowerUp","Saiyan:Momentum+1","Saiyan:Teleport+1","Saiyan:DoubleMasenko","Saiyan:KameHameHa+1","Saiyan:TurtleShell","Saiyan:FinalFlash","Saiyan:Flurry+1","Saiyan:MindBoom","Saiyan:Quickening","Saiyan:PowerUp","Saiyan:Fly+1","Saiyan:ExtremeSpeed","Saiyan:SuperSaiyanForm","Saiyan:BackAttack+1","Saiyan:CCCapsule+1","Saiyan:Rekindle+1","Saiyan:KiExplosion+1","Saiyan:SenzuBean+1","Saiyan:DragonRadar+1","Saiyan:Teleport+1","Saiyan:FingerParry+1","Saiyan:PowerUp+1"],"relics":["SaiyanSoul","SaiyanHeart","FossilizedHelix","Mercury Hourglass","Busted Crown","Red Mask","Gremlin Horn","Toxic Egg 2","Bottled Lightning","Lantern","Bottled Flame","SlaversCollar","Omamori","Dream Catcher","Vajra","PreservedInsect","Akabeko","Art of War","Blood Vial","TungstenRod","Smiling Mask"],"acts_visited":["Exordium","TheCity","TheBeyond"],"potions_floor_usage":[50],"damage_taken":[{"damage":0.0,"enemies":"Cultist","floor":1.0,"turns":3.0},{"damage":0.0,"enemies":"2 Louse","floor":2.0,"turns":2.0},{"damage":4.0,"enemies":"Jaw Worm","floor":3.0,"turns":2.0},{"damage":7.0,"enemies":"Gremlin Gang","floor":4.0,"turns":4.0},{"damage":12.0,"enemies":"Blue Slaver","floor":5.0,"turns":4.0},{"damage":4.0,"enemies":"Lagavulin","floor":7.0,"turns":6.0},{"damage":0.0,"enemies":"2 Fungi Beasts","floor":10.0,"turns":2.0},{"damage":0.0,"enemies":"3 Louse","floor":13.0,"turns":2.0},{"damage":1.0,"enemies":"Red Slaver","floor":14.0,"turns":3.0},{"damage":7.0,"enemies":"Slime Boss","floor":16.0,"turns":9.0},{"damage":0.0,"enemies":"2 Thieves","floor":18.0,"turns":3.0},{"damage":0.0,"enemies":"Chosen","floor":19.0,"turns":3.0},{"damage":12.0,"enemies":"Masked Bandits","floor":20.0,"turns":4.0},{"damage":17.0,"enemies":"Gremlin Leader","floor":24.0,"turns":6.0},{"damage":0.0,"enemies":"Snecko","floor":25.0,"turns":4.0},{"damage":6.0,"enemies":"Book of Stabbing","floor":27.0,"turns":6.0},{"damage":13.0,"enemies":"Gremlin Leader","floor":30.0,"turns":5.0},{"damage":5.0,"enemies":"Snake Plant","floor":31.0,"turns":4.0},{"damage":0.0,"enemies":"Automaton","floor":33.0,"turns":8.0},{"damage":1.0,"enemies":"3 Shapes","floor":35.0,"turns":9.0},{"damage":19.0,"enemies":"Orb Walker","floor":36.0,"turns":8.0},{"damage":20.0,"enemies":"Transient","floor":38.0,"turns":5.0},{"damage":4.0,"enemies":"Sphere and 2 Shapes","floor":39.0,"turns":7.0},{"damage":0.0,"enemies":"4 Shapes","floor":41.0,"turns":7.0},{"damage":26.0,"enemies":"Reptomancer","floor":44.0,"turns":5.0},{"damage":0.0,"enemies":"2 Orb Walkers","floor":46.0,"turns":9.0},{"damage":0.0,"enemies":"Writhing Mass","floor":47.0,"turns":5.0},{"damage":0,"enemies":"Spire Growth","floor":48,"turns":6},{"damage":51,"enemies":"Awakened One","floor":50,"turns":14}],"seed_played":"1654958997649032778","potions_obtained":[{"floor":1.0,"key":"EntropicBrew"},{"floor":3.0,"key":"Regen Potion"},{"floor":5.0,"key":"Regen Potion"},{"floor":14.0,"key":"Weak Potion"},{"floor":16.0,"key":"Fire Potion"},{"floor":20.0,"key":"BlessingOfTheForge"},{"floor":27.0,"key":"FairyPotion"},{"floor":33.0,"key":"Explosive Potion"},{"floor":46.0,"key":"FearPotion"},{"floor":48,"key":"Energy Potion"}],"is_trial":false,"path_per_floor":["M","M","M","M","M","R","E","R","T","M","R","$","M","M","R","B",null,"M","M","?","?","$","R","E","M","T","E","?","R","E","M","R","B",null,"M","M","?","M","M","R","M","R","T","E","R","?","M","M","R","B",null],"character_chosen":"SAIYAJIN","items_purchased":["Saiyan:KameHameHa","Saiyan:TurtleShell","Gremlin Horn"],"campfire_rested":4,"item_purchase_floors":[12,12,22],"current_hp_per_floor":[60,61,58,52,42,42,38,57,57,63,63,63,65,65,65,59,70,70,72,60,60,60,60,45,48,48,57,43,67,55,53,78,79,87,86,67,87,67,63,63,63,63,63,39,65,68,73,76,76,29],"gold":467,"neow_bonus":"UPGRADE_CARD","is_daily":false,"chose_seed":false,"campfire_upgraded":7,"win_rate":0.0,"timestamp":1612643433,"path_taken":["M","M","M","M","M","R","E","R","T","M","R","$","M","M","R","BOSS","M","M","?","?","$","R","E","M","T","E","?","R","E","?","R","BOSS","M","?","?","M","M","R","M","R","T","E","R","?","M","M","R","BOSS"],"items_purchased_type":["Card","Card","Relic"],"build_version":"2020-12-22","purchased_purges":0,"victory":true,"max_hp_per_floor":[60,61,62,63,65,65,65,65,65,66,66,66,68,69,69,70,70,70,72,72,72,72,72,74,77,77,77,82,82,83,86,86,87,87,87,87,87,87,87,87,87,87,87,89,89,90,93,94,94,96],"card_choices":[{"not_picked":["Saiyan:Scouter","Saiyan:BigBangAttack"],"picked":"Saiyan:DrainingStrike","floor":1.0},{"not_picked":["Saiyan:Planning","Saiyan:SaiyanHubris"],"picked":"Saiyan:PlotArmor","floor":2.0},{"not_picked":["Saiyan:MeteorDash","Saiyan:Planning"],"picked":"Saiyan:Makankosappo","floor":3.0},{"not_picked":["Saiyan:DragonFist","Saiyan:TurtleShell"],"picked":"Saiyan:PowerUp","floor":4.0},{"not_picked":["Saiyan:UltraInstinct","Saiyan:ExpandingShockwave"],"picked":"Saiyan:Momentum","floor":5.0},{"not_picked":["Saiyan:PowerUp","Saiyan:BackAttack"],"picked":"Saiyan:Teleport","floor":7.0},{"not_picked":["Saiyan:PowerUp","Saiyan:FingerParry"],"picked":"Saiyan:DoubleMasenko","floor":10.0},{"not_picked":["Saiyan:DragonFist","Saiyan:Teleport"],"picked":"Saiyan:FinalFlash","floor":13.0},{"not_picked":["Saiyan:SaiyanHubris","Saiyan:DoubleMasenko"],"picked":"Saiyan:Flurry","floor":14.0},{"not_picked":["Saiyan:SolarFlare","Saiyan:TheBomb"],"picked":"Saiyan:MindBoom","floor":16.0},{"not_picked":[],"picked":"Saiyan:Quickening","floor":18.0},{"not_picked":[],"picked":"Saiyan:PowerUp","floor":19.0},{"not_picked":[],"picked":"Saiyan:Fly+1","floor":20.0},{"not_picked":[],"picked":"Saiyan:SuperSaiyanForm","floor":24.0},{"not_picked":[],"picked":"Saiyan:BackAttack+1","floor":25.0},{"not_picked":[],"picked":"Saiyan:CCCapsule+1","floor":27.0},{"not_picked":[],"picked":"Saiyan:Rekindle+1","floor":30.0},{"not_picked":[],"picked":"Saiyan:KiExplosion+1","floor":31.0},{"not_picked":[],"picked":"Saiyan:SenzuBean+1","floor":33.0},{"not_picked":["Saiyan:AugmentedBlast"],"picked":"SKIP","floor":35.0},{"not_picked":[],"picked":"Saiyan:DragonRadar+1","floor":36.0},{"not_picked":[],"picked":"Saiyan:Teleport+1","floor":38.0},{"not_picked":["Saiyan:DoubleMasenko"],"picked":"SKIP","floor":39.0},{"not_picked":["Saiyan:BigBangAttack"],"picked":"SKIP","floor":41.0},{"not_picked":["Saiyan:Scouter+1"],"picked":"SKIP","floor":44.0},{"not_picked":[],"picked":"Saiyan:FingerParry+1","floor":45.0},{"not_picked":[],"picked":"Saiyan:PowerUp+1","floor":46.0},{"not_picked":["Saiyan:Momentum"],"picked":"SKIP","floor":47.0},{"not_picked":["Saiyan:AugmentedBlast+1"],"picked":"SKIP","floor":48}],"player_experience":666155,"relics_obtained":[{"floor":7.0,"key":"FossilizedHelix"},{"floor":9.0,"key":"Mercury Hourglass"},{"floor":20.0,"key":"Red Mask"},{"floor":24.0,"key":"Toxic Egg 2"},{"floor":26.0,"key":"Bottled Lightning"},{"floor":27.0,"key":"Lantern"},{"floor":30.0,"key":"Bottled Flame"},{"floor":35.0,"key":"Omamori"},{"floor":36.0,"key":"Dream Catcher"},{"floor":38.0,"key":"Vajra"},{"floor":39.0,"key":"PreservedInsect"},{"floor":41.0,"key":"Akabeko"},{"floor":43.0,"key":"Art of War"},{"floor":44.0,"key":"Blood Vial"},{"floor":46.0,"key":"TungstenRod"},{"floor":46.0,"key":"Smiling Mask"}],"event_choices":[{"damage_healed":0.0,"max_hp_gain":0.0,"max_hp_loss":0.0,"gold_gain":0.0,"event_name":"Masked Bandits","player_choice":"Fought Bandits","floor":20.0,"gold_loss":0.0,"damage_taken":0.0},{"damage_healed":0.0,"max_hp_gain":0.0,"max_hp_loss":0.0,"gold_gain":0.0,"event_name":"The Library","player_choice":"Read","floor":21.0,"gold_loss":0.0,"damage_taken":0.0,"cards_obtained":["Saiyan:ExtremeSpeed"]},{"damage_healed":0.0,"max_hp_gain":5.0,"max_hp_loss":0.0,"gold_gain":0.0,"event_name":"Forgotten Altar","player_choice":"Shed Blood","floor":28.0,"gold_loss":0.0,"damage_taken":19.0},{"damage_healed":22.0,"max_hp_gain":0.0,"max_hp_loss":0.0,"gold_gain":0.0,"event_name":"Winding Halls","player_choice":"Writhe","floor":37.0,"gold_loss":0.0,"damage_taken":0.0,"cards_obtained":["Writhe"]},{"damage_healed":0.0,"max_hp_gain":0.0,"max_hp_loss":0.0,"gold_gain":0.0,"event_name":"Mysterious Sphere","player_choice":"Fight","floor":46.0,"gold_loss":0.0,"damage_taken":0.0}],"is_beta":false,"boss_relics":[{"not_picked":["Coffee Dripper","Ectoplasm"],"picked":"Busted Crown"},{"not_picked":["Velvet Choker","Black Star"],"picked":"SlaversCollar"}],"items_purged_floors":[],"is_endless":false,"potions_floor_spawned":[1,3,5,14,16,20,24,25,27,33,35,46,47,48],"ascension_level":1}}