{"host":"zlqt5v02sur1j944","time":1612598133,"event":{"mods":["BaseMod","Highlight Path","Minty Spire (QoL Compilation)","Relic Stats","StSLib"],"gold_per_floor":[117,28,40,57,73,73,107,107,131,131,131,131,166,247,247,247,247],"floor_reached":16,"language":"ENG","playtime":556,"items_purged":[],"score":216,"play_id":"1b33134e-8978-453f-aa54-5354fbe0c76c","local_time":"20210205235533","is_ascension_mode":true,"campfire_choices":[{"data":"Searing Blow","floor":6,"key":"SMITH"},{"data":"Searing Blow+1","floor":8,"key":"SMITH"},{"data":"Searing Blow+2","floor":12,"key":"SMITH"},{"floor":15,"key":"REST"}],"circlet_count":0,"master_deck":["AscendersBane","Strike_R","Strike_R","Strike_R+1","Strike_R+1","Strike_R","Defend_R","Defend_R+1","Defend_R","Defend_R+1","Bash","Twin Strike","Combust","Feel No Pain","Uppercut","Searing Blow+3","Corruption","Reaper","Battle Trance"],"relics":["Burning Blood","War Paint","Strawberry","Golden Idol","Whetstone","InkBottle"],"acts_visited":["Exordium"],"potions_floor_usage":[14,14],"damage_taken":[{"damage":0.0,"enemies":"Cultist","floor":1.0,"turns":3.0},{"damage":4.0,"enemies":"2 Louse","floor":3.0,"turns":3.0},{"damage":2.0,"enemies":"Small Slimes","floor":4.0,"turns":3.0},{"damage":14.0,"enemies":"Blue Slaver","floor":5.0,"turns":4.0},{"damage":27,"enemies":"Lagavulin","floor":7,"turns":7},{"damage":32,"enemies":"Gremlin Nob","floor":13,"turns":4},{"damage":25,"enemies":"Lagavulin Event","floor":14,"turns":5},{"damage":34,"enemies":"The Guardian","floor":16,"turns":9}],"seed_played":"5822394965874570216","potions_obtained":[{"floor":3.0,"key":"Explosive Potion"},{"floor":13,"key":"Strength Potion"}],"is_trial":false,"path_per_floor":["M","$","M","M","M","R","E","R","T","?","?","R","E","?","R","B"],"character_chosen":"IRONCLAD","items_purchased":["Combust"],"campfire_rested":1,"item_purchase_floors":[2],"current_hp_per_floor":[74,74,75,75,67,67,53,53,53,53,53,53,27,8,30,0,0],"gold":247,"neow_bonus":"RANDOM_COMMON_RELIC","is_daily":false,"chose_seed":false,"campfire_upgraded":3,"win_rate":0.0,"timestamp":1612598133,"path_taken":["M","$","M","?","M","R","E","R","T","?","?","R","E","?","R","BOSS"],"items_purchased_type":["Card"],"build_version":"2020-12-22","purchased_purges":0,"victory":false,"max_hp_per_floor":[75,75,75,75,75,75,82,82,82,82,74,74,74,74,74,74,74],"relic_stats":{"counters":[8,38],"Golden Idol":32,"Whetstone":["Strike_R","Strike_R"],"War Paint":["Defend_R","Defend_R"],"obtain_stats":[{"Golden Idol":11,"Strawberry":7,"Whetstone":13,"War Paint":0,"Burning Blood":0,"InkBottle":14},{"Golden Idol":5,"Strawberry":5,"Whetstone":6,"War Paint":0,"Burning Blood":0,"InkBottle":7},{"Golden Idol":20,"Strawberry":20,"Whetstone":24,"War Paint":0,"Burning Blood":0,"InkBottle":29}],"Burning Blood":37,"InkBottle":[2]},"card_choices":[{"not_picked":["Flex","Sword Boomerang"],"picked":"Twin Strike","floor":1.0},{"not_picked":["Cleave","Shrug It Off"],"picked":"Feel No Pain","floor":3.0},{"not_picked":["Flex","Shrug It Off"],"picked":"Uppercut","floor":4.0},{"not_picked":["Burning Pact","Shockwave"],"picked":"Searing Blow","floor":5},{"not_picked":["Hemokinesis","Rupture"],"picked":"Corruption","floor":7},{"not_picked":["Warcry","Twin Strike"],"picked":"Reaper","floor":13},{"not_picked":["Havoc","Uppercut"],"picked":"Battle Trance","floor":14}],"player_experience":1226652,"relics_obtained":[{"floor":7,"key":"Strawberry"},{"floor":13,"key":"Whetstone"},{"floor":14,"key":"InkBottle"}],"event_choices":[{"damage_healed":0,"gold_gain":0,"player_choice":"Ignored","damage_taken":0,"max_hp_gain":0,"max_hp_loss":0,"event_name":"Liars Game","floor":10,"gold_loss":0},{"damage_healed":0,"gold_gain":0,"player_choice":"Lose Max HP","damage_taken":0,"relics_obtained":["Golden Idol"],"max_hp_gain":0,"max_hp_loss":8,"event_name":"Golden Idol","floor":11,"gold_loss":0},{"damage_healed":0,"gold_gain":0,"player_choice":"Searched \u00271\u0027 times","damage_taken":0,"max_hp_gain":0,"max_hp_loss":0,"event_name":"Dead Adventurer","floor":14,"gold_loss":0}],"is_beta":false,"boss_relics":[],"items_purged_floors":[],"is_endless":false,"potions_floor_spawned":[3,13],"killed_by":"The Guardian","ascension_level":20}}