{"host":"l5zfpd2l2htson6l","time":1612655070,"event":{"mods":["AchievementEnabler","BaseMod","Colored Map","Colored Powertips","Minty Spire (QoL Compilation)","Permanent Neow","Quick Restart","Rare Cards Sparkle","Relic Stats","SuperFastMode"],"gold_per_floor":[114,132,207,224,239,265,282,282,308,326,326,65,65,108,108,189,189,207,39,58,81,81,81,81,117,117,158,181,218,270,304,304,304,304],"floor_reached":33,"language":"ENG","playtime":1467,"items_purged":["Strike_R"],"score":755,"play_id":"26e1bf89-b937-4e56-aa01-3a635663eabe","local_time":"20210206154430","is_ascension_mode":true,"campfire_choices":[{"data":"Perfected Strike","floor":8.0,"key":"SMITH"},{"data":"Armaments","floor":13.0,"key":"SMITH"},{"data":"Perfected Strike","floor":15.0,"key":"SMITH"},{"data":"Immolate","floor":23,"key":"SMITH"},{"data":"True Grit","floor":32,"key":"SMITH"}],"circlet_count":0,"master_deck":["AscendersBane","Strike_R+1","Strike_R","Strike_R","Strike_R+1","Defend_R","Defend_R","Defend_R","Defend_R","Bash","Perfected Strike+1","Twin Strike","Feel No Pain","Perfected Strike+1","Immolate+1","Pommel Strike","Armaments+1","Feel No Pain+1","Double Tap","Shrug It Off","Whirlwind","Power Through","True Grit+1","Shrug It Off","Shrug It Off","Shrug It Off"],"relics":["Coffee Dripper","Tiny Chest","Frozen Egg 2","Blood Vial","CeramicFish","Velvet Choker","Lantern","Oddly Smooth Stone","Whetstone","Red Mask","Bag of Marbles","Bag of Preparation","White Beast Statue"],"acts_visited":["Exordium","TheCity"],"potions_floor_usage":[25,25,25,29,33,33],"damage_taken":[{"damage":7.0,"enemies":"Jaw Worm","floor":1.0,"turns":3.0},{"damage":0.0,"enemies":"Cultist","floor":2.0,"turns":2.0},{"damage":0.0,"enemies":"2 Louse","floor":4.0,"turns":2.0},{"damage":0.0,"enemies":"Exordium Wildlife","floor":5.0,"turns":2.0},{"damage":15.0,"enemies":"3 Sentries","floor":6.0,"turns":6.0},{"damage":0.0,"enemies":"Large Slime","floor":7.0,"turns":3.0},{"damage":7.0,"enemies":"Looter","floor":10.0,"turns":3.0},{"damage":0.0,"enemies":"Gremlin Nob","floor":14.0,"turns":2.0},{"damage":10.0,"enemies":"Slime Boss","floor":16.0,"turns":7.0},{"damage":0.0,"enemies":"Spheric Guardian","floor":18.0,"turns":1.0},{"damage":0.0,"enemies":"Chosen","floor":20.0,"turns":2.0},{"damage":14,"enemies":"Snake Plant","floor":21,"turns":2},{"damage":17,"enemies":"Gremlin Leader","floor":25,"turns":6},{"damage":5,"enemies":"Masked Bandits","floor":27,"turns":3},{"damage":4,"enemies":"Snecko","floor":28,"turns":4},{"damage":15,"enemies":"Book of Stabbing","floor":29,"turns":5},{"damage":0,"enemies":"Gremlin Leader","floor":31,"turns":2},{"damage":34,"enemies":"Automaton","floor":33,"turns":8}],"seed_played":"1585040895792003324","potions_obtained":[{"floor":6.0,"key":"Energy Potion"},{"floor":7.0,"key":"Strength Potion"},{"floor":18.0,"key":"DuplicationPotion"},{"floor":21,"key":"EntropicBrew"},{"floor":25,"key":"PowerPotion"},{"floor":29,"key":"SkillPotion"}],"is_trial":false,"path_per_floor":["M","M","?","M","M","E","M","R","T","M","T","$","R","E","R","B",null,"M","$","M","M","T","R","$","E","T","?","M","E","T","E","R","B"],"character_chosen":"IRONCLAD","items_purchased":["Armaments","Blood Vial","Lantern"],"campfire_rested":0,"item_purchase_floors":[12,12,19],"current_hp_per_floor":[61,61,50,50,50,35,35,35,35,28,28,28,28,30,30,22,62,64,64,66,54,54,54,54,39,39,36,34,21,21,23,23,0,0],"gold":304,"neow_bonus":"BOSS_RELIC","is_daily":false,"chose_seed":false,"campfire_upgraded":5,"win_rate":0.0,"timestamp":1612655070,"path_taken":["M","M","?","M","M","E","M","R","T","M","?","$","R","E","R","BOSS","M","$","?","?","?","R","?","E","T","?","?","E","?","E","R","BOSS"],"items_purchased_type":["Card","Relic","Relic"],"build_version":"2020-12-22","purchased_purges":1,"victory":false,"max_hp_per_floor":[75,75,75,75,75,75,75,75,75,75,75,75,75,75,75,75,75,75,75,75,75,75,75,75,75,75,75,75,75,75,75,75,75,75],"relic_stats":{"Blood Vial":22,"counters":[18,63],"CeramicFish":81,"Tiny Chest":2,"Bag of Preparation":[4],"Whetstone":["Strike_R","Strike_R"],"obtain_stats":[{"Lantern":19,"CeramicFish":14,"Velvet Choker":17,"Oddly Smooth Stone":22,"Bag of Preparation":30,"Whetstone":25,"Frozen Egg 2":11,"Burning Blood":0,"White Beast Statue":31,"Blood Vial":12,"Tiny Chest":6,"Coffee Dripper":0,"Red Mask":27,"Bag of Marbles":29},{"Lantern":10,"CeramicFish":8,"Velvet Choker":9,"Oddly Smooth Stone":12,"Bag of Preparation":16,"Whetstone":13,"Frozen Egg 2":7,"Burning Blood":0,"White Beast Statue":17,"Blood Vial":7,"Tiny Chest":5,"Coffee Dripper":0,"Red Mask":14,"Bag of Marbles":16},{"Lantern":31,"CeramicFish":23,"Velvet Choker":30,"Oddly Smooth Stone":35,"Bag of Preparation":53,"Whetstone":41,"Frozen Egg 2":21,"Burning Blood":0,"White Beast Statue":55,"Blood Vial":21,"Tiny Chest":15,"Coffee Dripper":0,"Red Mask":44,"Bag of Marbles":53}]},"card_choices":[{"not_picked":["Armaments","Dual Wield"],"picked":"Perfected Strike","floor":1.0},{"not_picked":["Perfected Strike","Shrug It Off"],"picked":"Twin Strike","floor":2.0},{"not_picked":["Heavy Blade","Sword Boomerang"],"picked":"Feel No Pain","floor":4.0},{"not_picked":["Twin Strike","Iron Wave"],"picked":"Perfected Strike","floor":5.0},{"not_picked":["Shrug It Off","Thunderclap"],"picked":"Immolate","floor":6.0},{"not_picked":["Anger","Havoc"],"picked":"Pommel Strike","floor":7.0},{"not_picked":["Cleave","Perfected Strike","Iron Wave"],"picked":"SKIP","floor":10.0},{"not_picked":["Anger","Bloodletting"],"picked":"Feel No Pain+1","floor":14.0},{"not_picked":["Fiend Fire","Brutality+1"],"picked":"Double Tap","floor":16.0},{"not_picked":["Heavy Blade","Cleave","Second Wind"],"picked":"SKIP","floor":18.0},{"not_picked":["Combust+1","Searing Blow"],"picked":"Shrug It Off","floor":20.0},{"not_picked":["Iron Wave","Heavy Blade"],"picked":"Whirlwind","floor":21},{"not_picked":["Second Wind","Body Slam+1"],"picked":"Power Through","floor":25},{"not_picked":["Rampage","Iron Wave"],"picked":"True Grit","floor":27},{"not_picked":["Flex","Sever Soul"],"picked":"Shrug It Off","floor":28},{"not_picked":["Berserk+1","Dual Wield"],"picked":"Shrug It Off","floor":29},{"not_picked":["Anger","Fire Breathing+1"],"picked":"Shrug It Off","floor":31}],"player_experience":924727,"relics_obtained":[{"floor":6.0,"key":"Tiny Chest"},{"floor":11.0,"key":"Frozen Egg 2"},{"floor":14.0,"key":"CeramicFish"},{"floor":22,"key":"Oddly Smooth Stone"},{"floor":25,"key":"Whetstone"},{"floor":27,"key":"Red Mask"},{"floor":29,"key":"Bag of Marbles"},{"floor":30,"key":"Bag of Preparation"},{"floor":31,"key":"White Beast Statue"}],"event_choices":[{"damage_healed":0.0,"max_hp_gain":0.0,"max_hp_loss":0.0,"gold_gain":75.0,"event_name":"World of Goop","player_choice":"Gather Gold","floor":3.0,"gold_loss":0.0,"damage_taken":11.0},{"damage_healed":0,"gold_gain":0,"player_choice":"Fought Bandits","damage_taken":0,"max_hp_gain":0,"max_hp_loss":0,"event_name":"Masked Bandits","floor":27,"gold_loss":0}],"is_beta":false,"boss_relics":[{"not_picked":["Fusion Hammer","Mark of Pain"],"picked":"Velvet Choker"}],"items_purged_floors":[12],"is_endless":false,"potions_floor_spawned":[6,7,10,18,21,25,29],"killed_by":"Automaton","ascension_level":20}}