{"host":"opg65mucj6ra7dr1","time":1612619594,"event":{"mods":["BaseMod","DeckTracker","Keyboard Shortcuts","Minty Spire (QoL Compilation)","Permanent Neow","Quick Restart","everything is the same but u backflip on backflip"],"gold_per_floor":[116,136,136,27,27,27,52,70,70,70,31,49,59,73,73,170,170,181,35,50,64,64,64,95,18,43,55,55,78,78,96,96,191,191,208,26,36,36,50,83,83,118,197,197,225,225,260,285,297,309,321,333,51,80,80,80],"floor_reached":55,"language":"KOR","playtime":1956,"items_purged":["Strike_B"],"score":1008,"play_id":"749fac4c-f01f-40db-8528-bef5fce60ffc","local_time":"20210206225314","is_ascension_mode":true,"campfire_choices":[{"data":"Self Repair","floor":6.0,"key":"SMITH"},{"data":"Static Discharge","floor":15.0,"key":"SMITH"},{"data":"Buffer","floor":23.0,"key":"SMITH"},{"data":"White Noise","floor":30.0,"key":"SMITH"},{"data":"Storm","floor":32.0,"key":"SMITH"},{"data":"Creative AI","floor":41.0,"key":"SMITH"},{"floor":49.0,"key":"RECALL"},{"data":"Defragment","floor":52.0,"key":"SMITH"}],"circlet_count":0,"master_deck":["Strike_B","Defend_B","Defend_B+1","Defend_B+1","Zap","Dualcast","Sweeping Beam","Self Repair+1","Capacitor","Cold Snap","Static Discharge+1","White Noise+1","Go for the Eyes","Reboot","Buffer+1","Sweeping Beam","Conserve Battery+1","Force Field","Cold Snap+1","Storm+1","Sweeping Beam+1","Thunder Strike+1","Creative AI+1","Consume+1","Defragment+1","Loop+1","Stack","Undo+1","Steam Power+1","Self Repair+1","Force Field+1","Hello World","Parasite","Steam Power","Buffer","Buffer+1","Static Discharge+1"],"relics":["Cracked Core","NeowsBlessing","Blue Candle","Orichalcum","Meat on the Bone","Philosopher\u0027s Stone","War Paint","Molten Egg 2","Strawberry","DataDisk","Sozu","Orrery","Toy Ornithopter","Juzu Bracelet","Akabeko","Boot","White Beast Statue","MawBank","DollysMirror","Nunchaku"],"acts_visited":["Exordium","TheCity","TheBeyond","TheEnding"],"potions_floor_usage":[],"damage_taken":[{"damage":0.0,"enemies":"Cultist","floor":1.0,"turns":1.0},{"damage":0.0,"enemies":"2 Louse","floor":2.0,"turns":1.0},{"damage":0.0,"enemies":"Lagavulin","floor":7.0,"turns":1.0},{"damage":0.0,"enemies":"Small Slimes","floor":8.0,"turns":3.0},{"damage":20.0,"enemies":"Gremlin Gang","floor":12.0,"turns":3.0},{"damage":14.0,"enemies":"Lots of Slimes","floor":13.0,"turns":3.0},{"damage":10.0,"enemies":"Blue Slaver","floor":14.0,"turns":3.0},{"damage":9.0,"enemies":"Hexaghost","floor":16.0,"turns":9.0},{"damage":27.0,"enemies":"2 Thieves","floor":18.0,"turns":3.0},{"damage":9.0,"enemies":"Chosen","floor":20.0,"turns":4.0},{"damage":19.0,"enemies":"Snecko","floor":21.0,"turns":5.0},{"damage":28.0,"enemies":"Slavers","floor":24.0,"turns":3.0},{"damage":25.0,"enemies":"Snake Plant","floor":27.0,"turns":4.0},{"damage":13.0,"enemies":"Centurion and Healer","floor":31.0,"turns":6.0},{"damage":0.0,"enemies":"Champ","floor":33.0,"turns":9.0},{"damage":25.0,"enemies":"3 Darklings","floor":35.0,"turns":4.0},{"damage":0.0,"enemies":"Orb Walker","floor":37.0,"turns":4.0},{"damage":0.0,"enemies":"4 Shapes","floor":39.0,"turns":4.0},{"damage":0.0,"enemies":"Nemesis","floor":40.0,"turns":5.0},{"damage":77.0,"enemies":"Reptomancer","floor":42.0,"turns":5.0},{"damage":19.0,"enemies":"Giant Head","floor":45.0,"turns":8.0},{"damage":33.0,"enemies":"Nemesis","floor":47.0,"turns":6.0},{"damage":0.0,"enemies":"Writhing Mass","floor":48.0,"turns":5.0},{"damage":51.0,"enemies":"Donu and Deca","floor":50.0,"turns":8.0},{"damage":66.0,"enemies":"Shield and Spear","floor":54.0,"turns":5.0},{"damage":62,"enemies":"The Heart","floor":55,"turns":2}],"seed_played":"-8154744754245527084","potions_obtained":[{"floor":1.0,"key":"Fire Potion"},{"floor":7.0,"key":"Fire Potion"},{"floor":12.0,"key":"ColorlessPotion"},{"floor":18.0,"key":"Block Potion"},{"floor":20.0,"key":"FocusPotion"},{"floor":27.0,"key":"FearPotion"},{"floor":33.0,"key":"Energy Potion"}],"is_trial":false,"path_per_floor":["M","M","T","$","?","R","E","M","T","?","$","M","M","M","R","B",null,"M","$","M","M","$","R","E","$","T","M","?","T","R","M","R","B",null,"M","$","M","T","M","E","R","E","T","?","E","T","E","M","R","B",null,"R","$","E","B"],"character_chosen":"DEFECT","items_purchased":["Capacitor","Static Discharge","War Paint","Storm","Defragment","Orrery","Buffer","DollysMirror"],"campfire_rested":0,"item_purchase_floors":[4,11,19,25,36,36,53,53],"current_hp_per_floor":[75,75,75,75,68,68,68,75,75,75,75,65,61,51,51,52,75,58,58,59,50,50,50,34,34,41,38,38,38,38,47,47,57,82,67,67,77,77,77,82,82,42,42,42,55,55,54,74,74,60,82,82,82,38,0,0],"gold":80,"neow_bonus":"THREE_ENEMY_KILL","is_daily":false,"chose_seed":false,"campfire_upgraded":7,"win_rate":0.0,"timestamp":1612619594,"path_taken":["M","M","?","?","?","R","E","M","T","?","$","M","M","M","R","BOSS","M","$","?","M","?","R","E","$","T","M","?","?","R","M","R","BOSS","M","$","?","?","M","E","R","E","T","?","E","?","E","M","R","BOSS","R","$","E","BOSS"],"items_purchased_type":["Card","Card","Relic","Card","Card","Relic","Card","Relic"],"build_version":"2020-12-22","purchased_purges":1,"victory":false,"max_hp_per_floor":[75,75,75,75,75,75,75,75,75,75,75,75,75,75,75,75,75,75,75,75,75,75,75,75,75,82,82,82,82,82,82,82,82,82,82,82,82,82,82,82,82,82,82,82,82,82,82,82,82,82,82,82,82,82,82,82],"card_choices":[{"not_picked":["Melter","Fusion"],"picked":"Sweeping Beam","floor":1.0},{"not_picked":["Recycle","Static Discharge"],"picked":"Self Repair","floor":2.0},{"not_picked":["Stack","Turbo"],"picked":"Cold Snap","floor":7.0},{"not_picked":["Beam Cell","Rip and Tear"],"picked":"Stack","floor":8.0},{"not_picked":["Coolheaded","Turbo"],"picked":"White Noise","floor":12.0},{"not_picked":["Rip and Tear","Turbo"],"picked":"Go for the Eyes","floor":13.0},{"not_picked":["Rip and Tear","Stack"],"picked":"Reboot","floor":14.0},{"not_picked":["Hyperbeam","Seek"],"picked":"Buffer","floor":16.0},{"not_picked":["Barrage","Steam Power"],"picked":"Sweeping Beam","floor":18.0},{"not_picked":["Steam","Glacier"],"picked":"Conserve Battery+1","floor":20.0},{"not_picked":["Redo","Fusion"],"picked":"Force Field","floor":21.0},{"not_picked":["Compile Driver+1","Recycle"],"picked":"Cold Snap+1","floor":24.0},{"not_picked":["Compile Driver+1","Rebound+1"],"picked":"Sweeping Beam+1","floor":27.0},{"not_picked":["Blizzard+1","Ball Lightning+1"],"picked":"Thunder Strike+1","floor":31.0},{"not_picked":["All For One+1","Buffer"],"picked":"Creative AI","floor":33.0},{"not_picked":["Sunder+1","Redo+1"],"picked":"Consume+1","floor":35.0},{"not_picked":["Gash+1","Streamline+1"],"picked":"Loop+1","floor":36.0},{"not_picked":["Skim+1","Sweeping Beam+1"],"picked":"Stack","floor":36.0},{"not_picked":["Sweeping Beam+1","Beam Cell+1"],"picked":"Undo+1","floor":36.0},{"not_picked":["Chaos","Scrape+1"],"picked":"Steam Power+1","floor":37.0},{"not_picked":["Steam","Go for the Eyes+1","Beam Cell+1"],"picked":"SKIP","floor":39.0},{"not_picked":["Lockon+1","Hello World"],"picked":"Self Repair+1","floor":40.0},{"not_picked":["FTL+1","Cold Snap+1"],"picked":"Force Field+1","floor":42.0},{"not_picked":["Steam+1","Undo+1","Melter+1"],"picked":"SKIP","floor":45.0},{"not_picked":["Ball Lightning+1","Chaos"],"picked":"Hello World","floor":47.0},{"not_picked":["Turbo","Compile Driver+1"],"picked":"Steam Power","floor":48.0},{"not_picked":["Glacier","Conserve Battery"],"picked":"Static Discharge+1","floor":54.0}],"player_experience":169513,"relics_obtained":[{"floor":3.0,"key":"Blue Candle"},{"floor":7.0,"key":"Orichalcum"},{"floor":9.0,"key":"Meat on the Bone"},{"floor":24.0,"key":"Molten Egg 2"},{"floor":26.0,"key":"Strawberry"},{"floor":29.0,"key":"DataDisk"},{"floor":38.0,"key":"Toy Ornithopter"},{"floor":40.0,"key":"Juzu Bracelet"},{"floor":42.0,"key":"Akabeko"},{"floor":45.0,"key":"Boot"},{"floor":46.0,"key":"White Beast Statue"},{"floor":47.0,"key":"MawBank"},{"floor":54.0,"key":"Nunchaku"}],"event_choices":[{"cards_removed":["Defend_B"],"damage_healed":0.0,"max_hp_gain":0.0,"max_hp_loss":0.0,"gold_gain":0.0,"event_name":"Golden Wing","player_choice":"Card Removal","floor":5.0,"gold_loss":0.0,"damage_taken":7.0},{"cards_removed":["Stack"],"damage_healed":5.0,"max_hp_gain":0.0,"max_hp_loss":0.0,"gold_gain":0.0,"event_name":"Bonfire Elementals","player_choice":"Offered Common","floor":10.0,"gold_loss":0.0,"damage_taken":0.0},{"cards_removed":["Stack"],"damage_healed":5.0,"max_hp_gain":0.0,"max_hp_loss":0.0,"gold_gain":0.0,"event_name":"Bonfire Elementals","player_choice":"Offered Special","floor":10.0,"gold_loss":0.0,"damage_taken":0.0},{"cards_removed":["Strike_B"],"damage_healed":0.0,"max_hp_gain":0.0,"max_hp_loss":0.0,"gold_gain":0.0,"event_name":"Back to Basics","player_choice":"Elegance","floor":28.0,"gold_loss":0.0,"damage_taken":0.0},{"cards_removed":["Strike_B"],"damage_healed":0.0,"max_hp_gain":0.0,"max_hp_loss":0.0,"gold_gain":0.0,"event_name":"Falling","player_choice":"Removed Attack","floor":44.0,"gold_loss":0.0,"damage_taken":0.0}],"is_beta":false,"boss_relics":[{"not_picked":["Runic Pyramid","Black Star"],"picked":"Philosopher\u0027s Stone"},{"not_picked":["Tiny House","Calling Bell"],"picked":"Sozu"}],"items_purged_floors":[4],"is_endless":false,"potions_floor_spawned":[1,7,12,18,20,27,33,35,39,47,48,54],"killed_by":"The Heart","ascension_level":3}}