{"host":"utqe55yv0jihe4d6","time":1612649983,"event":{"mods":["2.2 Compatiblity","AchievementEnabler","BaseMod","Block Reminder","Colored Map","Colored Powertips","Minty Spire (QoL Compilation)","Quick Restart","Rare Cards Sparkle","Relic Stats","SuperFastMode"],"gold_per_floor":[111,124,49,59,71,71,102,116,139,173,190,234,263,263,263,350,350,378,378,378,406,95,139,139,164,217,217,217,78,78,98,98,98,98],"floor_reached":33,"language":"ENG","playtime":1524,"items_purged":["Pain","Defend_P"],"score":685,"play_id":"55aef011-5262-406c-8bd1-d724dd1398c8","local_time":"20210206171943","is_ascension_mode":true,"campfire_choices":[{"data":"SashWhip","floor":6.0,"key":"SMITH"},{"data":"TalkToTheHand","floor":15.0,"key":"SMITH"},{"data":"Blasphemy","floor":24.0,"key":"SMITH"},{"floor":27.0,"key":"REST"},{"data":"Meditate","floor":32.0,"key":"SMITH"}],"circlet_count":0,"master_deck":["AscendersBane","Strike_P+1","Strike_P+1","Strike_P+1","Strike_P+1","Defend_P+1","Defend_P+1","Defend_P+1","Eruption","Vigilance","FearNoEvil","SashWhip+1","WheelKick","MentalFortress","Meditate+1","LikeWater+1","EmptyFist","Conclude","TalkToTheHand+1","Tantrum","Blasphemy+1","Vengeance","Crescendo","EmptyBody+1","MentalFortress","Protect","SandsOfTime"],"relics":["HolyWater","Lantern","Strawberry","Akabeko","CeramicFish","Whetstone","Torii","Matryoshka","Omamori","Oddly Smooth Stone","Orrery"],"acts_visited":["Exordium","TheCity"],"potions_floor_usage":[],"damage_taken":[{"damage":9.0,"enemies":"2 Louse","floor":1.0,"turns":4.0},{"damage":7.0,"enemies":"Small Slimes","floor":2.0,"turns":3.0},{"damage":0.0,"enemies":"Cultist","floor":4.0,"turns":4.0},{"damage":6.0,"enemies":"Blue Slaver","floor":5.0,"turns":4.0},{"damage":19.0,"enemies":"3 Sentries","floor":7.0,"turns":10.0},{"damage":9.0,"enemies":"Large Slime","floor":8.0,"turns":5.0},{"damage":5.0,"enemies":"Gremlin Nob","floor":10.0,"turns":3.0},{"damage":1.0,"enemies":"Looter","floor":11.0,"turns":4.0},{"damage":0.0,"enemies":"Lagavulin","floor":12.0,"turns":8.0},{"damage":0.0,"enemies":"Red Slaver","floor":13.0,"turns":1.0},{"damage":2.0,"enemies":"The Guardian","floor":16.0,"turns":11.0},{"damage":4.0,"enemies":"2 Thieves","floor":18.0,"turns":2.0},{"damage":13.0,"enemies":"Shell Parasite","floor":21.0,"turns":4.0},{"damage":16.0,"enemies":"Slavers","floor":23.0,"turns":4.0},{"damage":10.0,"enemies":"Book of Stabbing","floor":25.0,"turns":4.0},{"damage":1.0,"enemies":"Snecko","floor":31.0,"turns":4.0},{"damage":59,"enemies":"Champ","floor":33,"turns":11}],"seed_played":"-633122298149028936","potions_obtained":[{"floor":5.0,"key":"Fire Potion"},{"floor":7.0,"key":"EntropicBrew"},{"floor":8.0,"key":"Strength Potion"},{"floor":12.0,"key":"DistilledChaos"},{"floor":13.0,"key":"Strength Potion"},{"floor":31.0,"key":"ColorlessPotion"}],"is_trial":false,"path_per_floor":["M","M","$","M","M","R","E","M","T","E","M","E","M","?","R","B",null,"M","?","?","M","$","E","R","E","T","R","?","$","?","M","R","B"],"character_chosen":"WATCHER","items_purchased":["Fire Potion","Whetstone","Orrery"],"campfire_rested":1,"item_purchase_floors":[22,22,29],"current_hp_per_floor":[64,57,57,57,51,51,32,23,30,25,24,24,24,29,29,27,76,72,72,72,59,59,43,43,33,33,60,60,60,60,59,59,0,0],"gold":98,"neow_bonus":"TWENTY_PERCENT_HP_BONUS","is_daily":false,"chose_seed":false,"campfire_upgraded":4,"win_rate":0.0,"timestamp":1612649983,"path_taken":["M","M","$","M","M","R","E","M","T","E","M","E","M","?","R","BOSS","M","?","?","?","$","E","R","E","T","R","?","$","?","M","R","BOSS"],"items_purchased_type":["Potion","Relic","Relic"],"build_version":"2020-12-22","purchased_purges":2,"victory":false,"max_hp_per_floor":[80,80,80,80,80,80,80,80,87,87,87,87,87,92,92,92,92,92,92,92,92,92,92,92,92,92,92,92,92,92,92,92,92,92],"relic_stats":{"Torii":19,"counters":[17,86],"CeramicFish":81,"Whetstone":["Strike_P","Strike_P"],"obtain_stats":[{"Lantern":7,"Matryoshka":25,"Torii":23,"Strawberry":9,"CeramicFish":12,"HolyWater":17,"Oddly Smooth Stone":26,"Orrery":29,"Omamori":26,"Whetstone":22,"PureWater":0,"Akabeko":10},{"Lantern":5,"Matryoshka":15,"Torii":14,"Strawberry":6,"CeramicFish":9,"HolyWater":11,"Oddly Smooth Stone":15,"Orrery":15,"Omamori":15,"Whetstone":13,"PureWater":0,"Akabeko":7},{"Lantern":25,"Matryoshka":71,"Torii":67,"Strawberry":30,"CeramicFish":45,"HolyWater":57,"Oddly Smooth Stone":71,"Orrery":71,"Omamori":71,"Whetstone":63,"PureWater":0,"Akabeko":33}]},"card_choices":[{"not_picked":["EmptyBody","Swivel"],"picked":"FearNoEvil","floor":1.0},{"not_picked":["PathToVictory","DeceiveReality"],"picked":"SashWhip","floor":2.0},{"not_picked":["JustLucky","Conclude"],"picked":"WheelKick","floor":4.0},{"not_picked":["EmptyMind","Weave"],"picked":"MentalFortress","floor":5.0},{"not_picked":["JustLucky","Collect"],"picked":"Meditate","floor":7.0},{"not_picked":["ClearTheMind","WreathOfFlame"],"picked":"LikeWater","floor":8.0},{"not_picked":["ForeignInfluence","BattleHymn"],"picked":"EmptyFist","floor":10.0},{"not_picked":["CrushJoints","ClearTheMind"],"picked":"Conclude","floor":11.0},{"not_picked":["CrushJoints","WindmillStrike"],"picked":"TalkToTheHand","floor":12.0},{"not_picked":["Fasting2","CrushJoints"],"picked":"Tantrum","floor":13.0},{"not_picked":["Judgement","Omniscience"],"picked":"Blasphemy","floor":16.0},{"not_picked":["Prostrate","FollowUp"],"picked":"Vengeance","floor":18.0},{"not_picked":["WheelKick","Evaluate+1"],"picked":"Crescendo","floor":21.0},{"not_picked":["EmptyMind","Halt"],"picked":"EmptyBody+1","floor":23.0},{"not_picked":["Perseverance","Alpha","SpiritShield"],"picked":"SKIP","floor":25.0},{"not_picked":["SashWhip","Crescendo"],"picked":"MentalFortress","floor":29.0},{"not_picked":["Perseverance","ConjureBlade"],"picked":"Protect","floor":29.0},{"not_picked":["SashWhip+1","EmptyBody"],"picked":"SandsOfTime","floor":29.0},{"not_picked":["Meditate","Consecrate+1","Protect"],"picked":"SKIP","floor":31.0}],"player_experience":3034206,"relics_obtained":[{"floor":7.0,"key":"Lantern"},{"floor":9.0,"key":"Strawberry"},{"floor":10.0,"key":"Akabeko"},{"floor":12.0,"key":"CeramicFish"},{"floor":23.0,"key":"Torii"},{"floor":25.0,"key":"Matryoshka"},{"floor":26.0,"key":"Omamori"},{"floor":26.0,"key":"Oddly Smooth Stone"}],"event_choices":[{"damage_healed":0.0,"max_hp_gain":5.0,"max_hp_loss":0.0,"gold_gain":0.0,"event_name":"Big Fish","player_choice":"Donut","floor":14.0,"gold_loss":0.0,"damage_taken":0.0},{"damage_healed":0.0,"max_hp_gain":0.0,"max_hp_loss":0.0,"gold_gain":0.0,"event_name":"Vampires","player_choice":"Ignored","floor":19.0,"gold_loss":0.0,"damage_taken":0.0},{"damage_healed":0.0,"max_hp_gain":0.0,"max_hp_loss":0.0,"gold_gain":0.0,"event_name":"Upgrade Shrine","player_choice":"Upgraded","floor":20.0,"gold_loss":0.0,"damage_taken":0.0,"cards_upgraded":["LikeWater"]},{"damage_healed":0.0,"max_hp_gain":0.0,"max_hp_loss":0.0,"gold_gain":0.0,"event_name":"The Mausoleum","player_choice":"Ignored","floor":28.0,"gold_loss":0.0,"damage_taken":0.0},{"damage_healed":0.0,"max_hp_gain":0.0,"max_hp_loss":0.0,"gold_gain":0.0,"event_name":"Back to Basics","player_choice":"Simplicity","floor":30.0,"gold_loss":0.0,"damage_taken":0.0,"cards_upgraded":["Strike_P","Strike_P","Defend_P","Defend_P","Defend_P"]}],"is_beta":false,"boss_relics":[{"not_picked":["Velvet Choker","Snecko Eye"],"picked":"HolyWater"}],"items_purged_floors":[3,22],"is_endless":false,"potions_floor_spawned":[5,7,8,12,13,31],"killed_by":"Champ","ascension_level":20}}