{"host":"hf8wn58z41rkrmnq","time":1612597868,"event":{"mods":["BaseMod","Better Third Choice","BetterRewards","Colored Map","Colored Powertips","Infinite Spire","Minty Spire (QoL Compilation)","Quick Restart","Relic Sorter","Relic Stats","Replay The Spire","Spicy Shops","StSLib"],"gold_per_floor":[118,131,142,92,147,147,165,165,165,177,191,191,191,210,210,308,308,326,339,339,339,354,354,354],"floor_reached":23,"language":"ENG","playtime":1412,"items_purged":["Havoc"],"score":204,"play_id":"c6d225dd-d259-4766-bcc3-1c45ecb0ffc8","local_time":"20210206025108","is_ascension_mode":true,"campfire_choices":[{"data":"Inflame","floor":6,"key":"SMITH"},{"data":"Cleave","floor":13,"key":"SMITH"},{"floor":15,"key":"REST"}],"circlet_count":0,"master_deck":["Bash","Inflame+1","Cleave+1","Life Link+1","infinitespire:OneForAll","Whirlwind","Flame Barrier","Rupture+1","Second Wind","Sentinel"],"relics":["Burning Blood","Paper Frog","Frozen Egg 2","Pandora\u0027s Box","Omamori"],"acts_visited":["Exordium","TheCity"],"potions_floor_usage":[16,16],"damage_taken":[{"damage":1,"enemies":"Cultist","floor":1,"turns":3},{"damage":5,"enemies":"Small Slimes","floor":2,"turns":3},{"damage":0,"enemies":"2 Louse","floor":3,"turns":2},{"damage":23,"enemies":"Lots of Slimes","floor":7,"turns":3},{"damage":13,"enemies":"Blue Slaver","floor":10,"turns":3},{"damage":5,"enemies":"2 Fungi Beasts","floor":11,"turns":4},{"damage":1,"enemies":"Lots of Slimes","floor":14,"turns":2},{"damage":20,"enemies":"Fading Forest","floor":16,"turns":11},{"damage":2,"enemies":"Chosen","floor":18,"turns":4},{"damage":30,"enemies":"3 Byrds","floor":19,"turns":5},{"damage":25,"enemies":"Snecko","floor":22,"turns":4},{"damage":49,"enemies":"Gremlin Leader","floor":23,"turns":4}],"seed_played":"7415954730118692054","potions_obtained":[{"floor":11,"key":"BlessingOfTheForge"},{"floor":14,"key":"HeartOfIron"},{"floor":16,"key":"Milkshake"},{"floor":19,"key":"LiquidMemories"},{"floor":22,"key":"Weak Potion"}],"is_trial":false,"path_per_floor":["M","M","M","?","?","R","M","?","T","M","M","T","R","M","R","B",null,"M","M","AVR","?","M","E"],"character_chosen":"IRONCLAD","items_purchased":[],"campfire_rested":1,"item_purchase_floors":[],"current_hp_per_floor":[88,88,88,88,66,66,49,49,49,42,43,43,43,48,74,76,88,88,64,64,64,45,0,0],"gold":354,"neow_bonus":"TEN_PERCENT_HP_BONUS","is_daily":false,"chose_seed":false,"campfire_upgraded":2,"win_rate":0.0,"timestamp":1612597868,"path_taken":["M","M","M","?","?","R","?","?","T","M","M","?","R","M","R","BOSS","M","M","AVR","?","?","E"],"items_purchased_type":[],"build_version":"2020-12-22","purchased_purges":1,"victory":false,"max_hp_per_floor":[88,88,88,88,88,88,88,88,88,88,88,88,88,88,88,88,88,88,88,88,88,88,88,88],"relic_stats":{"counters":[12,48],"Pandora\u0027s Box":["infinitespire:OneForAll","Massacre","Whirlwind","Flame Barrier","Rupture","Havoc","Second Wind"],"obtain_stats":[{"Pandora\u0027s Box":20,"Omamori":20,"Frozen Egg 2":12,"Burning Blood":0,"Paper Frog":9},{"Pandora\u0027s Box":10,"Omamori":10,"Frozen Egg 2":6,"Burning Blood":0,"Paper Frog":4},{"Pandora\u0027s Box":40,"Omamori":40,"Frozen Egg 2":18,"Burning Blood":0,"Paper Frog":11}],"Burning Blood":50},"card_choices":[{"not_picked":["Thunderclap","Sword Boomerang","True Grit"],"picked":"SKIP","floor":1},{"not_picked":["True Grit","Heavy Blade","Headbutt"],"picked":"SKIP","floor":2},{"not_picked":["Wild Strike","True Grit"],"picked":"Inflame","floor":3},{"not_picked":["Evolve","Offering"],"picked":"Cleave","floor":5},{"not_picked":["ReplayTheSpireMod:Corrosion Curse","Twin Strike","Perfected Strike"],"picked":"SKIP","floor":7},{"not_picked":["Perfected Strike","Clash","Armaments"],"picked":"SKIP","floor":10},{"not_picked":["Pommel Strike","Clothesline","Demon Form"],"picked":"SKIP","floor":11},{"not_picked":["Flex","True Grit","Intimidate"],"picked":"SKIP","floor":14},{"not_picked":["Flex+1","Warcry","Perfected Strike"],"picked":"SKIP","floor":18},{"not_picked":["Anger","Flex","Defy Death"],"picked":"SKIP","floor":19},{"not_picked":["Sword Boomerang","Flame Barrier","Clothesline+1"],"picked":"SKIP","floor":22},{"not_picked":["Sword Boomerang","Flame Barrier","Clothesline+1"],"picked":"SKIP","floor":22}],"player_experience":231471,"relics_obtained":[{"floor":9,"key":"Paper Frog"},{"floor":12,"key":"Frozen Egg 2"}],"event_choices":[{"cards_removed":["Strike_R"],"damage_healed":0,"gold_gain":0,"player_choice":"Card Removal","damage_taken":0,"max_hp_gain":0,"max_hp_loss":0,"event_name":"The Cleric","floor":4,"gold_loss":50},{"damage_healed":0,"gold_gain":0,"cards_transformed":["Massacre"],"player_choice":"Transformed","damage_taken":0,"max_hp_gain":0,"max_hp_loss":0,"event_name":"Transmorgrifier","floor":21,"gold_loss":0,"cards_obtained":["Sentinel"]}],"is_beta":false,"boss_relics":[{"not_picked":["Calling Bell","Ectoplasm","Coffee Dripper"]}],"items_purged_floors":[20],"is_endless":false,"potions_floor_spawned":[11,14,16,19,22],"killed_by":"Gremlin Leader","ascension_level":2}}