{"host":"6wwaj9ewa504t2wd","time":1612610132,"event":{"mods":["BaseMod","Downfall","Lobotomy","LobotomyExtend","Minty Spire (QoL Compilation)","MostiFishMod","StSLib","Yakumo Yukari mod"],"gold_per_floor":[119,40,53,104,104,104,104,104,183,183,208,208,218,228,228,325,325,344,344,362,134,134,134,152,152,152,202,202,218,118,118,133,144,144,144,144,170,45,43,43,54,71,71,168,168,183,197,216,216,216,66,83,83,114,126,138,150,174,186,224,251,263,372,384,416,439,461,473,485,497,535,547,585,597,622,634,153,168,168,272,272,282,332,347,360,360,386,386,413,467,467,500,600,600,611,611,611],"floor_reached":51,"language":"ZHS","playtime":4758,"items_purged":["Scorched","DreamingCurrent","NothingThere","SpecialBullet","Decay"],"score":1700,"play_id":"5efcb1b6-de5c-4d29-80bd-a402bcd592ca","local_time":"20210206191532","is_ascension_mode":true,"campfire_choices":[{"floor":15,"key":"REST"}],"circlet_count":0,"master_deck":["QueenOfHatred","BodiesMountain","BigBird","SpecialBullet","SpecialBullet","SpecialBullet","SpecialBullet","SpecialBullet","SpecialBullet","InformationCode","CentralCode","ControlCode","FourthMatchFlame","SpecialBullet","Lamp+2","GreenStem","Justitia","RedEyes","DisciplinaryCode","GreedKing","FourthMatchFlame","SpecialBullet","Lantern","VoidDream","GoldRush+1","SpecialBullet","Pinks","Wellcheers","Harmony","WelfareCode","SpecialBullet","SpecialBullet","RedEyes+1","SoundOfStar+1","Freischutz","ExtractionCode","SpecialBullet","CherryBlossoms","Lamp+1","TT2Protocol","SpecialBullet","Mimicry","CENSORED_ego","SpecialBullet","Laetitia","Gaze","FourthMatchFlame","FourthMatchFlame","Horn","RedEyes+1","Lantern+1","TrainingCode","Mimicry+1","Twilight+1","Variant","SecurityCode","FourthMatchFlame+1","MostiFishMod:ForestofLight+1","BlackArmy","ParadiseLost+1","Laetitia_ego+1","Mimicry+1","SummonCall","BlueStar"],"relics":["CogitoBucket","DaveBox","ExusiaiGun","SynthV:TestCard","HornCleat","LaetitiaHeart","Odd Mushroom","Lamp_r","Sozu","LuminousBracelet","Enchiridion","Civilization","Sundial","Lantern","SynthV:TestCard","BehaviorAdjustment","Meat on the Bone","Centennial Puzzle","SolemnVow_r","ChiXiaoBlade","AtMidnight","SynthV:TestCard","LetterFromLob","MawBank","Molten Egg 2","The Courier","Coffee Dripper","TheSmile_r","SentryEyes","Smiling Mask","War Paint","Dodecahedron","Eternal Feather","RhineFirstAidKit","BionicSphere","InTheNameOfLoveAndHate_r","Bird Faced Urn","MealTicket","Regal Pillow","Bag of Preparation"],"acts_visited":["Exordium","TheCity","TheCity","TheCity","TheBeyond"],"potions_floor_usage":[13,16],"damage_taken":[{"damage":0,"enemies":"Jaw Worm","floor":1,"turns":1},{"damage":0,"enemies":"Small Slimes","floor":3,"turns":1},{"damage":39,"enemies":"The Mushroom Lair","floor":11,"turns":2},{"damage":30,"enemies":"Cultist","floor":13,"turns":2},{"damage":15,"enemies":"Exordium Thugs","floor":14,"turns":4},{"damage":36,"enemies":"Hexaghost","floor":16,"turns":4},{"damage":20,"enemies":"Spheric Guardian","floor":18,"turns":1},{"damage":6,"enemies":"3 Byrds","floor":20,"turns":2},{"damage":0,"enemies":"Snecko","floor":24,"turns":1},{"damage":0,"enemies":"Small Slimes","floor":1,"turns":1},{"damage":0,"enemies":"Jaw Worm","floor":4,"turns":1},{"damage":6,"enemies":"2 Louse","floor":5,"turns":2},{"damage":0,"enemies":"Blue Slaver","floor":11,"turns":1},{"damage":0,"enemies":"Exordium Thugs","floor":13,"turns":1},{"damage":0,"enemies":"Exordium Wildlife","floor":14,"turns":1},{"damage":0,"enemies":"Slime Boss","floor":16,"turns":1},{"damage":0,"enemies":"Chosen","floor":18,"turns":1},{"damage":0,"enemies":"Spheric Guardian","floor":19,"turns":1},{"damage":0,"enemies":"2 Louse","floor":1,"turns":1},{"damage":0,"enemies":"Cultist","floor":5,"turns":1},{"damage":0,"enemies":"3 Sentries","floor":7,"turns":1},{"damage":0,"enemies":"Jaw Worm","floor":11,"turns":1},{"damage":0,"enemies":"Lagavulin","floor":13,"turns":2},{"damage":5,"enemies":"Gremlin Gang","floor":14,"turns":2},{"damage":0,"enemies":"Slime Boss","floor":16,"turns":1},{"damage":0,"enemies":"Spheric Guardian","floor":18,"turns":1},{"damage":6,"enemies":"2 Thieves","floor":19,"turns":2},{"damage":0,"enemies":"Snake Plant","floor":20,"turns":1},{"damage":0,"enemies":"Gremlin Leader","floor":24,"turns":1},{"damage":0,"enemies":"Snecko","floor":28,"turns":1},{"damage":0,"enemies":"Centurion and Healer","floor":31,"turns":1},{"damage":0,"enemies":"Automaton","floor":33,"turns":2},{"damage":0,"enemies":"Orb Walker","floor":35,"turns":1},{"damage":0,"enemies":"Mind Bloom Boss Battle","floor":36,"turns":1},{"damage":0,"enemies":"3 Shapes","floor":37,"turns":2},{"damage":0,"enemies":"3 Darklings","floor":38,"turns":2},{"damage":0,"enemies":"Reptomancer","floor":40,"turns":1},{"damage":0,"enemies":"Nemesis","floor":42,"turns":1},{"damage":0,"enemies":"Reptomancer","floor":45,"turns":1},{"damage":0,"enemies":"Spire Growth","floor":48,"turns":1},{"damage":10,"enemies":"Time Eater","floor":50,"turns":2},{"damage":8,"enemies":"Malkuth","floor":51,"turns":2},{"damage":0,"enemies":"Netzach","floor":51,"turns":1},{"damage":17,"enemies":"Chesed","floor":51,"turns":2},{"damage":22,"enemies":"Hokma","floor":51,"turns":2},{"damage":0,"enemies":"Angela","floor":51,"turns":2}],"seed_played":"3877811888570742469","potions_obtained":[{"floor":3,"key":"Fruit Juice"},{"floor":13,"key":"SteroidPotion"},{"floor":14,"key":"champ:CounterPotion"}],"is_trial":false,"path_per_floor":["M","$","M","?","?","R","$","R","T","E","?","R","M","M","R","B",null,"M","?","M","$","?","R","M","R","T","T","R","?","M","$","?","M","M","R","T","R","T","$","M","R","M","M","R","B",null,"M","M","?","M","?","?","$","M","R","E","R","T","R","M","R","E","M","R","B",null,"M","M","M","?","$","R","E","R","T","?","M","?","$","M","R","B",null,"M","?","M","M","?","E","R","E","T","R","E","?","R","M","R","B",null],"character_chosen":"Angela","items_purchased":["GreenStem","Civilization","MostiFishMod:ForestofLight+1","Dodecahedron","Eternal Feather"],"campfire_rested":1,"item_purchase_floors":[2,21,30,30,30],"current_hp_per_floor":[70,70,70,70,70,70,70,70,70,70,31,31,18,15,37,25,75,70,54,69,69,69,69,91,91,91,91,91,94,94,94,98,102,102,102,102,102,102,107,107,116,121,121,130,130,139,148,153,153,146,146,151,151,156,156,156,156,161,161,166,168,168,179,183,188,191,202,202,202,202,207,207,207,207,216,216,216,221,221,230,230,235,240,245,250,250,255,255,264,264,264,269,269,269,274,274,275],"gold":611,"neow_bonus":"THREE_CARDS","is_daily":false,"chose_seed":false,"campfire_upgraded":0,"win_rate":0.0,"timestamp":1612610132,"path_taken":["M","$","M","?","?","R","$","R","T","E","?","R","M","M","R","BOSS","M","?","M","$","?","R","?","R","T","?","R","?","M","$","?","M","M","R","?","R","T","$","M","R","M","M","R","BOSS","M","M","?","M","?","?","?","?","R","E","R","T","R","M","R","E","M","R","BOSS","M","M","M","?","?","R","E","R","T","?","M","?","$","?","R","BOSS","M","?","M","M","?","E","R","E","T","R","E","?","R","M","R","BOSS"],"items_purchased_type":["Card","Relic","Card","Relic","Relic"],"build_version":"2020-12-22","purchased_purges":5,"victory":true,"max_hp_per_floor":[70,70,70,70,70,70,70,70,70,70,70,70,75,75,75,75,75,90,90,90,90,90,90,91,91,91,91,91,94,94,94,98,102,102,102,102,102,102,107,107,116,121,121,130,130,139,148,153,153,153,153,158,158,163,163,163,163,168,168,173,178,178,183,183,188,197,202,202,202,202,207,207,207,207,216,216,216,221,221,230,230,235,240,245,250,250,255,255,264,264,264,269,269,269,274,274,279],"card_choices":[{"not_picked":["MagicBullet","Lantern"],"picked":"FourthMatchFlame","floor":0},{"not_picked":["BeautyBeast","OSAHOGD"],"picked":"Scorched","floor":1},{"not_picked":["Horn"],"picked":"Lamp","floor":1},{"not_picked":["WallGazer","Bloodbath"],"picked":"BigBird","floor":3},{"not_picked":["RapturousDream","Soda","Horn"],"picked":"Justitia","floor":3},{"not_picked":["SingingMachine","CrumblingArmor"],"picked":"DreamingCurrent","floor":11},{"not_picked":["Noise","Horn","CherryBlossom"],"picked":"RedEyes","floor":11},{"not_picked":["HappyTeddy","SpiderBud"],"picked":"GreedKing","floor":13},{"not_picked":["Beak","CUTE","CherryBlossom"],"picked":"FourthMatchFlame","floor":13},{"not_picked":["Penitence","RapturousDream","Hornet"],"picked":"Lantern","floor":14},{"not_picked":["OSAHOGD","Woodsman"],"picked":"VoidDream","floor":16},{"not_picked":["Adoration","TheSmile","DaCapo"],"picked":"GoldRush","floor":16},{"not_picked":["BlackSwan","Woodsman"],"picked":"NothingThere","floor":18},{"not_picked":["Gaze","BearPaw","Lantern"],"picked":"Pinks","floor":18},{"not_picked":["OldLady","SpiderBud"],"picked":"Wellcheers","floor":20},{"not_picked":["MagicBullet","Tough+1","CrimsonScar"],"picked":"Harmony","floor":20},{"not_picked":["CUTE","RapturousDream","Wingbeat","Soda"],"picked":"SKIP","floor":24},{"not_picked":["Soda","SomewhereSpear","Penitence"],"picked":"RedEyes","floor":1},{"not_picked":["Noise","GreenStem","Gaze","SwordSharpenedByTears","Loneliness"],"picked":"SoundOfStar","floor":4},{"not_picked":["Scorched","PunishingBird"],"picked":"Freischutz","floor":5},{"not_picked":["BlackSwan_ego","Tough","TodaysExpression","Ecstasy","Regret_ego","Loneliness"],"picked":"SKIP","floor":5},{"not_picked":["SpiderBud","Scorched"],"picked":"CherryBlossoms","floor":11},{"not_picked":["Logging","Harvest","Galaxy","CrimsonScar","ScreamingWedge","RapturousDream"],"picked":"Lamp","floor":11},{"not_picked":["Woodsman","Rudolta"],"picked":"Funeral","floor":13},{"not_picked":["RapturousDream","Noise","Beak","Loneliness","FrostShard","Wingbeat","Galaxy"],"picked":"SKIP","floor":13},{"not_picked":["Gaze","Regret_ego","Tough","BloodyDesire","CrimsonScar","Noise","CherryBlossom"],"picked":"SKIP","floor":14},{"not_picked":["FieryBird","BeautyBeast"],"picked":"BodiesMountain","floor":16},{"not_picked":["DaCapo","GoldRush","Pinks","CENSORED_ego","SoundOfStar","ParadiseLost"],"picked":"Mimicry","floor":16},{"not_picked":["QueenBee","GalaxyChild"],"picked":"SnowQueen","floor":18},{"not_picked":["Penitence","Discord","CUTE","Wingbeat","FrostShard","RedEyes"],"picked":"CENSORED_ego","floor":18},{"not_picked":["DespairKnight","GalaxyChild"],"picked":"Laetitia","floor":19},{"not_picked":["Tough","CherryBlossom","SwordSharpenedByTears","BearPaw+1","Penitence","RapturousDream+1"],"picked":"Gaze","floor":19},{"not_picked":["Noise","Loneliness","SomewhereSpear","CherryBlossom","Beak","Wingbeat"],"picked":"FourthMatchFlame","floor":1},{"not_picked":["InTheNameOfLoveAndHate","CUTE","Loneliness","Reverberation","WristCuter","CherryBlossom","SoundOfStar","Regret_ego"],"picked":"FourthMatchFlame","floor":5},{"not_picked":["FairyFestival","RedShoes","UniverseFragment"],"picked":"Singing Bowl","floor":7},{"not_picked":["Hornet","InTheNameOfLoveAndHate","GrinderMk4","SwordSharpenedByTears","FeatherOfHonor","Justitia","RapturousDream","SomewhereSpear"],"picked":"Horn","floor":7},{"not_picked":["Murderer","PunishingBird","DespairKnight"],"picked":"Singing Bowl","floor":11},{"not_picked":["Reverberation+1","Galaxy+1","CUTE+1","WristCuter+1","Loneliness+1","Penitence+1","Horn+1","Lantern+1"],"picked":"RedEyes+1","floor":11},{"not_picked":["MeatLantern","WallGazer","ShyLook"],"picked":"Singing Bowl","floor":13},{"not_picked":["RapturousDream+1","Loneliness+1","Amita+1","CherryBlossom+1","WristCuter+1","Soda+1","TodaysExpression+1","Wingbeat+1"],"picked":"Lantern+1","floor":13},{"not_picked":["FairyFestival","WallGazer","MHz"],"picked":"Singing Bowl","floor":14},{"not_picked":["WristCuter+1","Lantern+1","SomewhereSpear+1","CUTE+1","RedEyes+1","Noise+1","TodaysExpression+1","CherryBlossom+1","Loneliness+1"],"picked":"SKIP","floor":14},{"not_picked":["UniverseFragment","Mercenary","Bloodbath"],"picked":"Singing Bowl","floor":16},{"not_picked":["ParadiseLost+1","CENSORED_ego+1","Justitia+1","TheSmile+1","Adoration+1","SoundOfStar+1","GoldRush+1","Pinks+1"],"picked":"Mimicry+1","floor":16},{"not_picked":["MeatLantern","SpiderBud","OSAHOGD"],"picked":"Singing Bowl","floor":18},{"not_picked":["Regret_ego+1","TodaysExpression+1","Harvest+1","MagicBullet+1","Horn+1","Logging+1","FrostShard+1","Noise+1"],"picked":"Twilight+1","floor":18},{"not_picked":["UniverseFragment","PunishingBird"],"picked":"Variant","floor":19},{"not_picked":["Beak+1","InTheNameOfLoveAndHate+1","Tough+1","WristCuter+1","Spore+1","CENSORED_ego+1","BlueScar+1","Noise+1"],"picked":"FourthMatchFlame+1","floor":19},{"not_picked":["RedShoes","FieryBird","HappyTeddy"],"picked":"Singing Bowl","floor":20},{"not_picked":["Lantern+1","WristCuter+1","GrinderMk4+1","Penitence+1","Hypocrisy+1","SomewhereSpear+1","CherryBlossom+1","Harvest+1","Christmas+1"],"picked":"SKIP","floor":20},{"not_picked":["Woodsman","Murderer","ShyLook"],"picked":"Singing Bowl","floor":24},{"not_picked":["ScreamingWedge+1","Loneliness+1","SomewhereSpear+1","TodaysExpression+1","Regret_ego+1","Amita+1","Horn+1","Hypocrisy+1"],"picked":"FourthMatchFlame+1","floor":24},{"not_picked":["LongBird","BlackSwan"],"picked":"QueenOfHatred","floor":28},{"not_picked":["Beak+1","SoundOfStar+1","InTheNameOfLoveAndHate+1","Lantern+1","Horn+1","FrostShard+1","TodaysExpression+1","Wingbeat+1","Penitence+1"],"picked":"SKIP","floor":28},{"not_picked":["UniverseFragment","MeatLantern","HappyTeddy"],"picked":"Singing Bowl","floor":31},{"not_picked":["Beak+1","Regret_ego+1","FrostShard+1","Loneliness+1","CherryBlossom+1","Noise+1","CUTE+1","SwordSharpenedByTears+1","WristCuter+1"],"picked":"SKIP","floor":31},{"not_picked":["Scarecrow","HappyTeddy"],"picked":"BlackArmy","floor":33},{"not_picked":["SoundOfStar+1","Mimicry+1","TheSmile+1","Twilight+1","CENSORED_ego+1","Justitia+1","Pinks+1","Adoration+1"],"picked":"ParadiseLost+1","floor":33},{"not_picked":["MeltingLove","FairyFestival","HappyTeddy"],"picked":"Singing Bowl","floor":35},{"not_picked":["TodaysExpression+1","CENSORED_ego+1","Logging+1","Loneliness+1","Lamp+1","BlackSwan_ego+1","WristCuter+1","Wingbeat+1","Harmony+1"],"picked":"SKIP","floor":35},{"not_picked":["SpiderBud","RedShoes","QueenBee"],"picked":"Singing Bowl","floor":36},{"not_picked":["CherryBlossom+1","Tough+1","GrinderMk4+1","Hypocrisy+1","CUTE+1","Loneliness+1","Beak+1","Lantern+1"],"picked":"Laetitia_ego+1","floor":36},{"not_picked":["Penitence+1","Harmony+1","Amita+1","Tough+1","SwordSharpenedByTears+1","TodaysExpression+1","SolemnVow+1","Noise+1"],"picked":"Mimicry+1","floor":37},{"not_picked":["Penitence+1","Moonlight+1","Lantern+1","Loneliness+1","FrostShard+1","InTheNameOfLoveAndHate+1","Hornet+1","Horn+1","Justitia+1"],"picked":"SKIP","floor":37},{"not_picked":["SnowQueen","WallGazer","LittleHelper"],"picked":"Singing Bowl","floor":38},{"not_picked":["Noise+1","Horn+1","SomewhereSpear+1","Soda+1","InTheNameOfLoveAndHate+1","ScreamingWedge+1","Harmony+1","Harvest+1","GrinderMk4+1"],"picked":"SKIP","floor":38},{"not_picked":["RedEyes+1","WristCuter+1","Tough+1","Horn+1","Lamp+1","Heaven+1","Beak+1","GrinderMk4+1","Regret_ego+1"],"picked":"SKIP","floor":40},{"not_picked":["HeroicMonk","LaLuna","Mercenary"],"picked":"Singing Bowl","floor":42},{"not_picked":["Woodsman","GalaxyChild"],"picked":"BlueStar","floor":42},{"not_picked":["CrimsonScar+1","SoundOfStar+1","SomewhereSpear+1","WristCuter+1","Galaxy+1","Beak+1","FeatherOfHonor+1","Tough+1","Lantern+1"],"picked":"SKIP","floor":42},{"not_picked":["FairyFestival","Funeral","Alriune"],"picked":"Singing Bowl","floor":45},{"not_picked":["WristCuter+1","Lamp+1","Heaven+1","Lantern+1","Noise+1","Diffraction+1","Tough+1","TheSmile+1","Soda+1"],"picked":"SKIP","floor":45},{"not_picked":["BlackSwan","MeltingLove","SnowQueen"],"picked":"Singing Bowl","floor":48},{"not_picked":["Pleasure+1","Tough+1","Horn+1","ScreamingWedge+1","Moonlight+1","Regret_ego+1","RedEyes+1","Wingbeat+1","CherryBlossom+1"],"picked":"SKIP","floor":48}],"player_experience":251027,"relics_obtained":[{"floor":1,"key":"SynthV:TestCard"},{"floor":1,"key":"LetterFromLob"},{"floor":9,"key":"HornCleat"},{"floor":11,"key":"Odd Mushroom"},{"floor":19,"key":"Enchiridion"},{"floor":26,"key":"Sundial"},{"floor":27,"key":"Lantern"},{"floor":1,"key":"SynthV:TestCard"},{"floor":1,"key":"LetterFromLob"},{"floor":7,"key":"Meat on the Bone"},{"floor":9,"key":"Centennial Puzzle"},{"floor":18,"key":"AtMidnight"},{"floor":1,"key":"SynthV:TestCard"},{"floor":1,"key":"LetterFromLob"},{"floor":7,"key":"MawBank"},{"floor":9,"key":"Molten Egg 2"},{"floor":13,"key":"The Courier"},{"floor":24,"key":"Smiling Mask"},{"floor":26,"key":"War Paint"},{"floor":36,"key":"BionicSphere"},{"floor":40,"key":"Bird Faced Urn"},{"floor":42,"key":"MealTicket"},{"floor":43,"key":"Regal Pillow"},{"floor":45,"key":"Bag of Preparation"}],"event_choices":[{"damage_healed":0,"gold_gain":51,"player_choice":"Gained Gold","damage_taken":0,"max_hp_gain":0,"max_hp_loss":0,"event_name":"Golden Wing","floor":4,"gold_loss":0},{"damage_healed":0,"gold_gain":0,"player_choice":"Fought Mushrooms","damage_taken":0,"max_hp_gain":0,"max_hp_loss":0,"event_name":"Mushrooms","floor":11,"gold_loss":0},{"damage_healed":0,"gold_gain":0,"player_choice":"Obtained Book","damage_taken":16,"max_hp_gain":0,"max_hp_loss":0,"event_name":"Cursed Tome","floor":19,"gold_loss":0},{"damage_healed":0,"gold_gain":0,"player_choice":"Upgraded","damage_taken":0,"max_hp_gain":0,"max_hp_loss":0,"event_name":"Upgrade Shrine","floor":22,"gold_loss":0,"cards_upgraded":["GoldRush"]},{"damage_healed":0,"gold_gain":0,"player_choice":"Ignored","damage_taken":0,"max_hp_gain":0,"max_hp_loss":0,"event_name":"Golden Idol","floor":3,"gold_loss":0},{"damage_healed":0,"gold_gain":0,"player_choice":"Fought Bandits","damage_taken":0,"max_hp_gain":0,"max_hp_loss":0,"event_name":"Masked Bandits","floor":20,"gold_loss":0},{"cards_removed":["Funeral"],"damage_healed":0,"gold_gain":0,"player_choice":"Forget","damage_taken":0,"max_hp_gain":0,"max_hp_loss":0,"event_name":"Living Wall","floor":2,"gold_loss":0},{"cards_removed":["SnowQueen"],"damage_healed":0,"gold_gain":0,"player_choice":"Card Removal","damage_taken":7,"max_hp_gain":0,"max_hp_loss":0,"event_name":"Golden Wing","floor":3,"gold_loss":0},{"damage_healed":0,"gold_gain":0,"player_choice":"Gave Potion","damage_taken":0,"relics_obtained":["SentryEyes"],"max_hp_gain":0,"max_hp_loss":0,"event_name":"WeMeetAgain","floor":21,"gold_loss":0},{"damage_healed":0,"gold_gain":0,"player_choice":"Smashed Altar","damage_taken":0,"max_hp_gain":0,"max_hp_loss":0,"event_name":"Forgotten Altar","floor":29,"gold_loss":0,"cards_obtained":["Decay"]},{"damage_healed":0,"gold_gain":0,"player_choice":"Fight","damage_taken":0,"max_hp_gain":0,"max_hp_loss":0,"event_name":"MindBloom","floor":36,"gold_loss":0},{"cards_removed":["FourthMatchFlame"],"damage_healed":0,"gold_gain":0,"player_choice":"Removed Attack","damage_taken":0,"max_hp_gain":0,"max_hp_loss":0,"event_name":"Falling","floor":39,"gold_loss":0},{"damage_healed":0,"gold_gain":100,"player_choice":"Pray","damage_taken":0,"max_hp_gain":0,"max_hp_loss":0,"event_name":"Golden Shrine","floor":46,"gold_loss":0}],"is_beta":false,"boss_relics":[{"not_picked":["Velvet Choker","GreenFoldingFan"],"picked":"Sozu"},{"not_picked":["SlaversCollar","Philosopher\u0027s Stone"],"picked":"ChiXiaoBlade"},{"not_picked":["Runic Dome","BloodWine"],"picked":"Coffee Dripper"},{"not_picked":["Empty Cage","OneHitWonderSystem"],"picked":"RhineFirstAidKit"}],"items_purged_floors":[21,2,10,4,30],"is_endless":false,"potions_floor_spawned":[3,13,14,24,4,11,14,19,1,13,14,18,19,31,36,38,40,45],"ascension_level":2}}