{"host":"mijx6czmnk03eucy","time":1612650531,"event":{"mods":["Aspiration","BaseMod","Better Altar","Better Skull","Better Third Choice","Better-Laid Plans","BetterRewards","Bossed Relics","Challenge The Spire","Colored Map","Colored Powertips","Conspire","Curses Come First","Debug Mod","Disable Question Mark Monsters","Displayed Cursed Tome","Energized Spire","Evolution","Force Act Four","Fox Events","GifTheSpireLib","Googly Eyes","Hermit","Highlight Path","Hubris","Infinite Spire","Jedi Mod","JesterMod","Mimic Mod","Minty Spire (QoL Compilation)","Quick Restart","Rare Cards Sparkle","Relic Filter","Relic Stats","Reliquary","Replay The Spire","SacredBarkPlus","Spicy Shops","Spire Arcade","StS++","StSLib","Stuff the Spire","The Blue Laboratory","The Jungle","Uncapped","Wandering Minibosses","Wide Potions"],"gold_per_floor":[109,109,109,109,120,120,154,154,154,154,14,14,31,59,59,173,173,209,45,77,99,99,99],"floor_reached":22,"language":"ENG","playtime":1280,"items_purged":[],"score":209,"play_id":"036e5051-b2b6-43df-96b3-009c6acafd40","local_time":"20210206222851","is_ascension_mode":false,"campfire_choices":[{"data":"hermit:Dive","floor":6,"key":"SMITH"},{"data":"hermit:Brawl","floor":8,"key":"SMITH"},{"data":"hermit:Snapshot","floor":10,"key":"SMITH"},{"data":"hermit:Scavenge","floor":15,"key":"SMITH"}],"circlet_count":0,"master_deck":["hermit:Strike_Hermit","hermit:Strike_Hermit","hermit:Strike_Hermit","hermit:Defend_Hermit","hermit:Defend_Hermit","hermit:Defend_Hermit","hermit:Snapshot+1","hermit:Covet","hermit:Ricochet+1","hermit:Dive+1","hermit:Brawl+1","hermit:Scavenge+1","hermit:Reprieve","hermit:Headshot","Clumsy","hermit:Ricochet","hermit:Quickdraw","hermit:CalledShot"],"relics":["hermit:Momento","EVO:Axolotl","NeowsBlessing","infinitespire:Eraser","reliquary:Stiletto","CeramicFish","energizedSpire:RedRose","aspiration:SeaSaltIceCream","aspiration:Nostalgia","Burning Blood"],"acts_visited":["Exordium","TheCity"],"potions_floor_usage":[14],"damage_taken":[{"damage":0,"enemies":"Small Slimes","floor":1,"turns":1},{"damage":0,"enemies":"2 Louse","floor":5,"turns":1},{"damage":0,"enemies":"Lagavulin","floor":7,"turns":1},{"damage":2,"enemies":"Cultist","floor":13,"turns":4},{"damage":5,"enemies":"3 Louse","floor":14,"turns":6},{"damage":36,"enemies":"Hexaghost","floor":16,"turns":9},{"damage":37,"enemies":"3 Byrds","floor":18,"turns":6},{"damage":9,"enemies":"Spheric Guardian","floor":20,"turns":5},{"damage":32,"enemies":"Snecko","floor":21,"turns":6},{"damage":30,"enemies":"Shelled Parasite and Fungi","floor":22,"turns":2}],"seed_played":"-8067297965058791100","potions_obtained":[{"floor":13,"key":"Weak Potion"},{"floor":20,"key":"blueLaboratory:PhilterOfMotion"},{"floor":21,"key":"Weak Potion"}],"is_trial":false,"path_per_floor":["M","?","?","?","M","R","E","R","T","R","?","$","M","M","R","B",null,"M","$","M","M","M"],"character_chosen":"HERMIT","items_purchased":["aspiration:SeaSaltIceCream","hermit:Ricochet"],"campfire_rested":0,"item_purchase_floors":[19,19],"current_hp_per_floor":[75,75,75,75,75,75,75,75,75,75,75,75,73,68,68,32,75,42,42,39,17,0,0],"gold":99,"neow_bonus":"THREE_ENEMY_KILL","is_daily":false,"chose_seed":false,"campfire_upgraded":4,"win_rate":0.0,"timestamp":1612650531,"path_taken":["M","?","?","?","M","R","E","R","T","R","?","$","?","M","R","BOSS","M","$","?","M","M"],"items_purchased_type":["Relic","Card"],"build_version":"2020-12-22","purchased_purges":0,"victory":false,"max_hp_per_floor":[75,75,75,75,75,75,75,75,75,75,75,75,75,75,75,75,75,75,75,75,75,75,75],"relic_stats":{"counters":[10,41],"CeramicFish":63,"obtain_stats":[{"energizedSpire:RedRose":17,"NeowsBlessing":0,"aspiration:Nostalgia":19,"CeramicFish":11,"reliquary:Stiletto":9,"EVO:Axolotl":0,"aspiration:SeaSaltIceCream":19,"infinitespire:Eraser":7,"hermit:Momento":0,"Burning Blood":19},{"energizedSpire:RedRose":6,"NeowsBlessing":0,"aspiration:Nostalgia":7,"CeramicFish":3,"reliquary:Stiletto":3,"EVO:Axolotl":0,"aspiration:SeaSaltIceCream":7,"infinitespire:Eraser":3,"hermit:Momento":0,"Burning Blood":7},{"energizedSpire:RedRose":22,"NeowsBlessing":0,"aspiration:Nostalgia":28,"CeramicFish":3,"reliquary:Stiletto":3,"EVO:Axolotl":0,"aspiration:SeaSaltIceCream":28,"infinitespire:Eraser":3,"hermit:Momento":0,"Burning Blood":28}],"Burning Blood":12},"card_choices":[{"not_picked":["hermit:Snipe","hermit:TrackingShot"],"picked":"hermit:Ricochet","floor":1},{"not_picked":["hermit:CalledShot","hermit:Roulette"],"picked":"hermit:Dive","floor":5},{"not_picked":["hermit:BodyArmor","hermit:ShadowCloak"],"picked":"hermit:Brawl","floor":7},{"not_picked":["hermit:Roulette","hermit:Misfire","hermit:Shortfuse"],"picked":"SKIP","floor":13},{"not_picked":["hermit:Maintenance","hermit:Ricochet"],"picked":"hermit:Scavenge","floor":14},{"not_picked":["hermit:Magnum","hermit:BlackWind"],"picked":"hermit:Reprieve","floor":16},{"not_picked":["hermit:Malice","hermit:Snipe"],"picked":"hermit:Headshot","floor":18},{"not_picked":["hermit:TrackingShot","hermit:ItchyTrigger"],"picked":"hermit:Quickdraw","floor":20},{"not_picked":["hermit:Shortfuse","hermit:BodyArmor"],"picked":"hermit:CalledShot","floor":21}],"player_experience":753642,"relics_obtained":[{"floor":7,"key":"infinitespire:Eraser"},{"floor":9,"key":"reliquary:Stiletto"}],"event_choices":[{"damage_healed":0,"gold_gain":0,"player_choice":"Forge","damage_taken":0,"max_hp_gain":0,"max_hp_loss":0,"event_name":"Accursed Blacksmith","floor":3,"gold_loss":0,"cards_upgraded":["hermit:Ricochet"]},{"damage_healed":0,"gold_gain":0,"player_choice":"Paid Gold","damage_taken":0,"relics_obtained":["CeramicFish"],"max_hp_gain":0,"max_hp_loss":0,"event_name":"WeMeetAgain","floor":11,"gold_loss":140}],"is_beta":false,"boss_relics":[{"not_picked":["hubris:GrandSneckoEye","SacredBark"],"picked":"energizedSpire:RedRose"}],"items_purged_floors":[],"is_endless":false,"potions_floor_spawned":[13,20,21],"killed_by":"Shelled Parasite and Fungi","ascension_level":0}}