{"host":"4mtkxmludbi9f02d","time":1612570208,"event":{"mods":["BaseMod","Minty Spire (QoL Compilation)","StSLib"],"gold_per_floor":[119,185,197,197,213,240,240,89,89,124,124,138,138,151,151,253,253,267,267,183,230,230,265,277,289,326,384,423,450,462,501,513,624,636,697,761,773,773],"floor_reached":37,"language":"ENG","playtime":2078,"items_purged":[],"score":462,"play_id":"61665448-588d-4f74-b0da-d0180470505f","local_time":"20210205201008","is_ascension_mode":true,"campfire_choices":[{"data":"MasterReality","floor":7,"key":"SMITH"},{"floor":11,"key":"REST"},{"data":"Wish","floor":15,"key":"SMITH"},{"floor":24,"key":"REST"},{"floor":30,"key":"REST"},{"floor":32,"key":"REST"}],"circlet_count":0,"master_deck":["Eruption","Vigilance","Perseverance","PathToVictory","Vengeance","WindmillStrike","ConjureBlade","Wallop","FlurryOfBlows","Halt","ReachHeaven","MasterReality+1","Wireheading","Wish+1","Prostrate","Dramatic Entrance","Necronomicurse","Fasting2","EmptyFist","TalkToTheHand","ClearTheMind+1"],"relics":["Pandora\u0027s Box","White Beast Statue","Bag of Marbles","Sundial","Regal Pillow","Busted Crown","Necronomicon","MawBank","Boot","Tiny Chest","SlaversCollar","TungstenRod"],"acts_visited":["Exordium","TheCity","TheBeyond"],"potions_floor_usage":[16,16,23,23,28,29,29,29,33,35,37,37],"damage_taken":[{"damage":1,"enemies":"Cultist","floor":1,"turns":3},{"damage":3,"enemies":"Jaw Worm","floor":3,"turns":4},{"damage":13,"enemies":"Small Slimes","floor":5,"turns":3},{"damage":0,"enemies":"Lagavulin","floor":6,"turns":4},{"damage":16,"enemies":"3 Sentries","floor":10,"turns":6},{"damage":0,"enemies":"Exordium Wildlife","floor":12,"turns":3},{"damage":1,"enemies":"Exordium Thugs","floor":14,"turns":4},{"damage":28,"enemies":"Hexaghost","floor":16,"turns":7},{"damage":12,"enemies":"2 Thieves","floor":18,"turns":3},{"damage":7,"enemies":"Chosen","floor":21,"turns":4},{"damage":25,"enemies":"Book of Stabbing","floor":23,"turns":7},{"damage":40,"enemies":"Shelled Parasite and Fungi","floor":27,"turns":5},{"damage":15,"enemies":"Gremlin Leader","floor":28,"turns":6},{"damage":12,"enemies":"Centurion and Healer","floor":29,"turns":3},{"damage":45,"enemies":"Collector","floor":33,"turns":9},{"damage":10,"enemies":"3 Shapes","floor":35,"turns":6},{"damage":65,"enemies":"2 Orb Walkers","floor":36,"turns":5},{"damage":9,"enemies":"Orb Walker","floor":37,"turns":1}],"seed_played":"-8295558239983263885","potions_obtained":[{"floor":1,"key":"Ambrosia"},{"floor":6,"key":"PowerPotion"},{"floor":10,"key":"SteroidPotion"},{"floor":16,"key":"PowerPotion"},{"floor":18,"key":"BottledMiracle"},{"floor":23,"key":"ColorlessPotion"},{"floor":27,"key":"FearPotion"},{"floor":28,"key":"Ancient Potion"},{"floor":29,"key":"StancePotion"},{"floor":33,"key":"SpeedPotion"},{"floor":35,"key":"Fruit Juice"},{"floor":36,"key":"PowerPotion"}],"is_trial":false,"path_per_floor":["M","?","M","?","M","E","R","$","T","E","R","M","?","M","R","B",null,"M","?","$","M","?","E","R","?","T","M","E","M","R","T","R","B",null,"M","?","M"],"character_chosen":"WATCHER","items_purchased":["Bag of Marbles","Dramatic Entrance"],"campfire_rested":4,"item_purchase_floors":[8,20],"current_hp_per_floor":[71,71,68,68,55,55,55,55,55,39,72,72,72,71,71,43,72,60,60,60,53,37,12,48,72,72,32,17,5,41,41,72,27,72,67,2,0,0],"gold":773,"neow_bonus":"BOSS_RELIC","is_daily":false,"chose_seed":false,"campfire_upgraded":2,"win_rate":0.0,"timestamp":1612570208,"path_taken":["M","?","M","?","?","E","R","?","T","E","R","M","?","M","R","BOSS","M","?","$","M","?","E","R","?","T","?","E","M","R","?","R","BOSS","M","?","M"],"items_purchased_type":["Relic","Card"],"build_version":"2020-12-22","purchased_purges":0,"victory":false,"max_hp_per_floor":[72,72,72,72,72,72,72,72,72,72,72,72,72,72,72,72,72,72,72,72,72,72,72,72,72,72,72,72,72,72,72,72,72,72,77,77,77,77],"card_choices":[{"not_picked":["Wallop","FollowUp"],"picked":"Halt","floor":1},{"not_picked":["LikeWater","BowlingBash","Protect"],"picked":"SKIP","floor":3},{"not_picked":["SandsOfTime","CrushJoints"],"picked":"ReachHeaven","floor":5},{"not_picked":["Worship","FlurryOfBlows"],"picked":"MasterReality","floor":6},{"not_picked":["Consecrate","FlyingSleeves"],"picked":"Wireheading","floor":10},{"not_picked":["FlyingSleeves","SashWhip"],"picked":"Wish","floor":12},{"not_picked":["FlurryOfBlows","Tantrum","Evaluate"],"picked":"SKIP","floor":14},{"not_picked":[],"picked":"Prostrate","floor":18},{"not_picked":["EmptyFist"],"picked":"SKIP","floor":21},{"not_picked":[],"picked":"Fasting2","floor":23},{"not_picked":[],"picked":"EmptyFist","floor":27},{"not_picked":["CrushJoints"],"picked":"SKIP","floor":28},{"not_picked":[],"picked":"TalkToTheHand","floor":29},{"not_picked":[],"picked":"ClearTheMind+1","floor":35}],"player_experience":260936,"relics_obtained":[{"floor":6,"key":"White Beast Statue"},{"floor":9,"key":"Sundial"},{"floor":10,"key":"Regal Pillow"},{"floor":22,"key":"Necronomicon"},{"floor":23,"key":"MawBank"},{"floor":26,"key":"Boot"},{"floor":28,"key":"Tiny Chest"},{"floor":36,"key":"TungstenRod"}],"event_choices":[{"damage_healed":0,"gold_gain":66,"player_choice":"Gained Gold","damage_taken":0,"max_hp_gain":0,"max_hp_loss":0,"event_name":"Golden Wing","floor":2,"gold_loss":0},{"cards_removed":["Conclude"],"damage_healed":0,"gold_gain":0,"player_choice":"Card Removal","damage_taken":0,"max_hp_gain":0,"max_hp_loss":0,"event_name":"Wheel of Change","floor":4,"gold_loss":0},{"damage_healed":0,"gold_gain":0,"player_choice":"Bought 0 Potions","damage_taken":0,"max_hp_gain":0,"max_hp_loss":0,"event_name":"The Woman in Blue","floor":13,"gold_loss":0},{"damage_healed":0,"gold_gain":0,"player_choice":"Ignored","damage_taken":0,"max_hp_gain":0,"max_hp_loss":0,"event_name":"Vampires","floor":19,"gold_loss":0},{"damage_healed":0,"gold_gain":0,"player_choice":"Obtained Book","damage_taken":16,"max_hp_gain":0,"max_hp_loss":0,"event_name":"Cursed Tome","floor":22,"gold_loss":0},{"damage_healed":24,"gold_gain":0,"player_choice":"Heal","damage_taken":0,"max_hp_gain":0,"max_hp_loss":0,"event_name":"The Library","floor":25,"gold_loss":0},{"damage_healed":0,"gold_gain":0,"player_choice":"Fight","damage_taken":0,"max_hp_gain":0,"max_hp_loss":0,"event_name":"Mysterious Sphere","floor":36,"gold_loss":0}],"is_beta":false,"boss_relics":[{"not_picked":["Ectoplasm","Sozu"],"picked":"Busted Crown"},{"not_picked":["Runic Pyramid","Runic Dome"],"picked":"SlaversCollar"}],"items_purged_floors":[],"is_endless":false,"potions_floor_spawned":[1,6,10,12,14,16,18,21,23,27,28,29,33,35,36],"killed_by":"Orb Walker","ascension_level":1}}