{"host":"lktusdb9orijgc6z","time":1612572399,"event":{"mods":["BaseMod","Bestiary","Colored Map","Colored Powertips","Minty Spire (QoL Compilation)","Permanent Neow","Quick Restart","Relic Stats","StSLib","everything is the same but u backflip on backflip","slay the spire mod where everything is the same but ironclad has a cowboy hat"],"gold_per_floor":[115,115,128,138,149,149,149,180,180,196,40,73,93,110,110,184,184,194,211,231,249,31,65,65,95,95,95,95,113,146,160,160,232,232,250,270,270,286,303,303,333,333,379,379,404,24,59,73,73,73,73],"floor_reached":50,"language":"ENG","playtime":1868,"items_purged":["Strike_R"],"score":1395,"play_id":"72e9a115-a49d-4dae-b943-b858b03058cb","local_time":"20210206014639","is_ascension_mode":true,"campfire_choices":[{"data":"Corruption","floor":6.0,"key":"SMITH"},{"data":"1","floor":15.0,"key":"LIFT"},{"data":"2","floor":24.0,"key":"LIFT"},{"data":"3","floor":27.0,"key":"LIFT"},{"data":"Inflame","floor":28.0,"key":"SMITH"},{"data":"Strike_R","floor":32.0,"key":"PURGE"},{"data":"Demon Form","floor":40.0,"key":"SMITH"},{"data":"Shockwave","floor":42.0,"key":"SMITH"},{"floor":49.0,"key":"RECALL"}],"circlet_count":0,"master_deck":["AscendersBane","Strike_R","Strike_R","Defend_R","Defend_R","Defend_R+1","Bash","Limit Break","Sword Boomerang","Corruption+1","Iron Wave","Perfected Strike","Pommel Strike","Inflame+1","Sword Boomerang","Shrug It Off","Cleave","Perfected Strike","Exhume","CurseOfTheBell","Perfected Strike","Shrug It Off+1","Inflame+1","Spot Weakness","Bloodletting","Bloodletting+1","Immolate","Shockwave+1","Demon Form+1","Shrug It Off","Seeing Red+1","Pommel Strike+1","Thunderclap","Reaper","Pummel","Metallicize+1","Havoc+1"],"relics":["Burning Blood","Bird Faced Urn","Peace Pipe","Girya","Lee\u0027s Waffle","Centennial Puzzle","Calling Bell","Boot","Meat on the Bone","WingedGreaves","ClockworkSouvenir","War Paint","Darkstone Periapt","Self Forming Clay","Question Card","Coffee Dripper","Incense Burner","OrangePellets","Pear"],"acts_visited":["Exordium","TheCity","TheBeyond"],"potions_floor_usage":[50],"damage_taken":[{"damage":23.0,"enemies":"Small Slimes","floor":1.0,"turns":5.0},{"damage":11.0,"enemies":"Cultist","floor":3.0,"turns":4.0},{"damage":1.0,"enemies":"2 Louse","floor":4.0,"turns":4.0},{"damage":11.0,"enemies":"2 Fungi Beasts","floor":5.0,"turns":4.0},{"damage":31.0,"enemies":"Gremlin Nob","floor":8.0,"turns":5.0},{"damage":35.0,"enemies":"Lots of Slimes","floor":10.0,"turns":5.0},{"damage":30.0,"enemies":"3 Sentries","floor":12.0,"turns":6.0},{"damage":0.0,"enemies":"Large Slime","floor":13.0,"turns":5.0},{"damage":3.0,"enemies":"Blue Slaver","floor":14.0,"turns":4.0},{"damage":47.0,"enemies":"Hexaghost","floor":16.0,"turns":7.0},{"damage":22.0,"enemies":"Spheric Guardian","floor":18.0,"turns":4.0},{"damage":47.0,"enemies":"3 Byrds","floor":19.0,"turns":6.0},{"damage":19.0,"enemies":"Snake Plant","floor":20.0,"turns":3.0},{"damage":10.0,"enemies":"Snecko","floor":21.0,"turns":3.0},{"damage":20.0,"enemies":"Gremlin Leader","floor":23.0,"turns":4.0},{"damage":51.0,"enemies":"Slavers","floor":25.0,"turns":4.0},{"damage":21.0,"enemies":"Shelled Parasite and Fungi","floor":29.0,"turns":5.0},{"damage":3.0,"enemies":"Gremlin Leader","floor":30.0,"turns":4.0},{"damage":19.0,"enemies":"Snake Plant","floor":31.0,"turns":4.0},{"damage":26.0,"enemies":"Champ","floor":33.0,"turns":7.0},{"damage":4.0,"enemies":"3 Shapes","floor":35.0,"turns":7.0},{"damage":9.0,"enemies":"Orb Walker","floor":36.0,"turns":3.0},{"damage":25.0,"enemies":"Writhing Mass","floor":38.0,"turns":5.0},{"damage":35.0,"enemies":"Jaw Worm Horde","floor":39.0,"turns":4.0},{"damage":39.0,"enemies":"Reptomancer","floor":41.0,"turns":4.0},{"damage":36.0,"enemies":"Giant Head","floor":45.0,"turns":6.0},{"damage":3.0,"enemies":"Reptomancer","floor":47.0,"turns":3.0},{"damage":25.0,"enemies":"4 Shapes","floor":48.0,"turns":6.0},{"damage":132,"enemies":"Donu and Deca","floor":50,"turns":6}],"seed_played":"-628699287116871925","potions_obtained":[{"floor":1.0,"key":"ElixirPotion"},{"floor":8.0,"key":"BloodPotion"},{"floor":12.0,"key":"CultistPotion"},{"floor":14.0,"key":"FearPotion"},{"floor":19.0,"key":"Ancient Potion"},{"floor":21.0,"key":"SteroidPotion"},{"floor":29.0,"key":"Energy Potion"},{"floor":30.0,"key":"Regen Potion"},{"floor":31.0,"key":"SneckoOil"},{"floor":39.0,"key":"DuplicationPotion"},{"floor":47.0,"key":"Explosive Potion"},{"floor":48.0,"key":"SteroidPotion"}],"is_trial":false,"path_per_floor":["M","?","M","M","M","R","?","E","T","M","$","E","M","M","R","B",null,"M","M","M","M","$","E","R","E","T","R","R","M","E","M","R","B",null,"M","M","?","M","M","R","E","R","T","?","E","$","E","M","R","B"],"character_chosen":"IRONCLAD","items_purchased":["Lee\u0027s Waffle","ClockworkSouvenir","Reaper","Pummel","OrangePellets"],"campfire_rested":0,"item_purchase_floors":[11,22,46,46,46],"current_hp_per_floor":[51,51,46,51,46,46,46,23,23,13,82,60,70,77,77,40,72,60,35,36,48,48,52,52,25,25,25,25,28,49,54,54,52,75,82,82,82,69,48,48,33,33,33,33,23,23,50,79,79,0,0],"gold":73,"neow_bonus":"ONE_RANDOM_RARE_CARD","is_daily":false,"chose_seed":false,"campfire_upgraded":4,"win_rate":0.0,"timestamp":1612572399,"path_taken":["M","?","M","M","M","R","?","E","T","M","$","E","M","M","R","BOSS","M","M","?","M","$","E","R","E","T","R","R","?","E","M","R","BOSS","M","M","?","M","M","R","E","R","T","?","E","$","E","?","R","BOSS"],"items_purchased_type":["Relic","Relic","Card","Card","Relic"],"build_version":"2020-12-22","purchased_purges":1,"victory":false,"max_hp_per_floor":[75,75,75,75,75,75,75,75,75,75,82,82,82,82,82,82,82,82,82,82,82,82,82,82,82,82,82,82,82,82,82,82,82,82,82,82,82,82,82,82,82,82,82,82,82,82,92,92,92,92,92],"relic_stats":{"Darkstone Periapt":0,"Lee\u0027s Waffle":69,"counters":[29,137],"Self Forming Clay":[132],"War Paint":["Defend_R","Shrug It Off"],"Boot":[22],"Question Card":11,"Burning Blood":166,"Peace Pipe":2,"OrangePellets":[0],"Centennial Puzzle":[63],"Bird Faced Urn":[126],"obtain_stats":[{"Darkstone Periapt":25,"Girya":9,"Lee\u0027s Waffle":11,"Pear":47,"Self Forming Clay":26,"Incense Burner":41,"War Paint":23,"Boot":17,"Question Card":30,"Burning Blood":0,"ClockworkSouvenir":22,"Peace Pipe":8,"Calling Bell":17,"OrangePellets":46,"Centennial Puzzle":12,"Bird Faced Urn":7,"WingedGreaves":17,"Coffee Dripper":34,"Meat on the Bone":17},{"Darkstone Periapt":16,"Girya":5,"Lee\u0027s Waffle":6,"Pear":27,"Self Forming Clay":16,"Incense Burner":25,"War Paint":15,"Boot":10,"Question Card":18,"Burning Blood":0,"ClockworkSouvenir":14,"Peace Pipe":5,"Calling Bell":10,"OrangePellets":26,"Centennial Puzzle":7,"Bird Faced Urn":4,"WingedGreaves":10,"Coffee Dripper":20,"Meat on the Bone":10},{"Darkstone Periapt":73,"Girya":22,"Lee\u0027s Waffle":27,"Pear":125,"Self Forming Clay":73,"Incense Burner":116,"War Paint":69,"Boot":49,"Question Card":82,"Burning Blood":0,"ClockworkSouvenir":65,"Peace Pipe":22,"Calling Bell":49,"OrangePellets":122,"Centennial Puzzle":33,"Bird Faced Urn":17,"WingedGreaves":49,"Coffee Dripper":93,"Meat on the Bone":49}],"Meat on the Bone":132},"card_choices":[{"not_picked":["Flame Barrier","True Grit"],"picked":"Sword Boomerang","floor":1.0},{"not_picked":["True Grit","Havoc"],"picked":"Iron Wave","floor":3.0},{"not_picked":["True Grit","Twin Strike"],"picked":"Perfected Strike","floor":4.0},{"not_picked":["Armaments","Reckless Charge"],"picked":"Pommel Strike","floor":5.0},{"not_picked":["Evolve","Metallicize"],"picked":"Inflame","floor":8.0},{"not_picked":["Body Slam","Combust"],"picked":"Sword Boomerang","floor":10.0},{"not_picked":["Headbutt","Sentinel"],"picked":"Shrug It Off","floor":12.0},{"not_picked":["Body Slam","Warcry"],"picked":"Cleave","floor":13.0},{"not_picked":["Clash","Anger"],"picked":"Perfected Strike","floor":14.0},{"not_picked":["Brutality","Limit Break"],"picked":"Exhume","floor":16.0},{"not_picked":["Cleave","Thunderclap"],"picked":"Perfected Strike","floor":18.0},{"not_picked":["Juggernaut","Wild Strike"],"picked":"Shrug It Off","floor":19.0},{"not_picked":["Headbutt","Whirlwind"],"picked":"Inflame+1","floor":20.0},{"not_picked":["Sword Boomerang","Heavy Blade"],"picked":"Spot Weakness","floor":21.0},{"not_picked":["Sever Soul","Reckless Charge"],"picked":"Bloodletting","floor":23.0},{"not_picked":["Fire Breathing","Heavy Blade"],"picked":"Bloodletting+1","floor":25.0},{"not_picked":["True Grit","Rupture","Burning Pact"],"picked":"SKIP","floor":29.0},{"not_picked":["True Grit","Rupture","Burning Pact"],"picked":"SKIP","floor":29.0},{"not_picked":["Pommel Strike","Carnage"],"picked":"Immolate","floor":30.0},{"not_picked":["Rage","Ghostly Armor","Blood for Blood"],"picked":"Shockwave","floor":31.0},{"not_picked":["Corruption","Exhume","Double Tap"],"picked":"Demon Form","floor":33.0},{"not_picked":["Burning Pact","True Grit","Pommel Strike"],"picked":"Shrug It Off","floor":35.0},{"not_picked":["Anger","Headbutt","Clash+1"],"picked":"Seeing Red+1","floor":36.0},{"not_picked":["Reckless Charge+1","True Grit","Rupture","Fire Breathing+1"],"picked":"SKIP","floor":38.0},{"not_picked":["Wild Strike","Body Slam","Searing Blow","Rampage"],"picked":"SKIP","floor":39.0},{"not_picked":["Flex+1","Armaments","Searing Blow"],"picked":"Pommel Strike+1","floor":41.0},{"not_picked":["Body Slam+1","Burning Pact+1","Havoc"],"picked":"Thunderclap","floor":45.0},{"not_picked":["Anger","Blood for Blood","Inflame"],"picked":"Metallicize+1","floor":47.0},{"not_picked":["Perfected Strike+1","Barricade","Intimidate"],"picked":"Havoc+1","floor":48.0}],"player_experience":769807,"relics_obtained":[{"floor":8.0,"key":"Peace Pipe"},{"floor":9.0,"key":"Girya"},{"floor":12.0,"key":"Centennial Puzzle"},{"floor":17.0,"key":"Boot"},{"floor":17.0,"key":"Meat on the Bone"},{"floor":17.0,"key":"WingedGreaves"},{"floor":23.0,"key":"War Paint"},{"floor":25.0,"key":"Darkstone Periapt"},{"floor":26.0,"key":"Self Forming Clay"},{"floor":30.0,"key":"Question Card"},{"floor":41.0,"key":"Incense Burner"},{"floor":47.0,"key":"Pear"}],"event_choices":[{"damage_healed":0.0,"max_hp_gain":0.0,"max_hp_loss":0.0,"gold_gain":0.0,"cards_transformed":["Strike_R"],"event_name":"Living Wall","player_choice":"Change","floor":2.0,"gold_loss":0.0,"damage_taken":0.0,"cards_obtained":["Corruption"]},{"damage_healed":0.0,"max_hp_gain":0.0,"max_hp_loss":0.0,"gold_gain":0.0,"event_name":"WeMeetAgain","player_choice":"Gave Potion","floor":7.0,"gold_loss":0.0,"damage_taken":0.0,"relics_obtained":["Bird Faced Urn"]},{"cards_removed":["Defend_R"],"damage_healed":0.0,"max_hp_gain":0.0,"max_hp_loss":0.0,"gold_gain":0.0,"event_name":"Falling","player_choice":"Removed Skill","floor":37.0,"gold_loss":0.0,"damage_taken":0.0},{"damage_healed":0.0,"max_hp_gain":0.0,"max_hp_loss":0.0,"gold_gain":0.0,"event_name":"The Woman in Blue","player_choice":"Bought 0 Potions","floor":44.0,"gold_loss":0.0,"damage_taken":0.0}],"is_beta":false,"boss_relics":[{"not_picked":["Mark of Pain","Ectoplasm"],"picked":"Calling Bell"},{"not_picked":["SlaversCollar","Velvet Choker"],"picked":"Coffee Dripper"}],"items_purged_floors":[22],"is_endless":false,"potions_floor_spawned":[1,8,12,14,19,21,29,30,31,39,41,47,48],"killed_by":"Donu and Deca","ascension_level":14}}