{"host":"z609fbm6pkeriks8","time":1612612317,"event":{"mods":["AchievementEnabler","BaseMod","Colored Map","Colored Powertips","Downfall","Highlight Path","Marisa£®ÏF”Í°°ƒß¿Ì…≥£©","Minty Spire (QoL Compilation)","StSLib","The Cursed","The Servant 0.9.4"],"gold_per_floor":[119,44,59,73,34,34,60,77,77,27,56,56,88,104,104,209,209,221,43,61,77,77,111,122,122,149,179,191,214,78,78,78,183,183,195,246,263,263,283,316,37,37,119,119,151,169,19,38,38,38],"floor_reached":51,"language":"ZHS","playtime":3273,"items_purged":["Strike_R","Defend_R","Strike_R","Strike_R"],"score":809,"play_id":"3abedc00-d959-44e3-aa91-601287895cc6","local_time":"20210206195157","is_ascension_mode":true,"campfire_choices":[{"data":"Armaments","floor":6,"key":"SMITH"},{"data":"Rage","floor":12,"key":"SMITH"},{"data":"Demon Form","floor":15,"key":"SMITH"},{"floor":25,"key":"REST"},{"data":"Shrug It Off","floor":32,"key":"SMITH"},{"data":"Second Wind","floor":42,"key":"SMITH"},{"data":"Juggernaut","floor":44,"key":"SMITH"},{"floor":49,"key":"REST"}],"circlet_count":0,"master_deck":["Strike_R","Strike_R+1","Defend_R","Defend_R","Bash","Demon Form+1","Spot Weakness","Rampage+1","Armaments+1","Rage+1","Reaper","Shrug It Off+1","Flex","Flex","Juggernaut+1","Heavy Blade","Pummel","Feel No Pain+1","Second Wind+1","Brutality+1","Dual Wield+1","Flame Barrier+1","Burning Pact+1"],"relics":["Burning Blood","HornCleat","Darkstone Periapt","Shuriken","FossilizedHelix","Philosopher\u0027s Stone","Self Forming Clay","MawBank","Nilry\u0027s Codex","Lee\u0027s Waffle","Runic Cube","CatCart","Molten Egg 2","Whetstone","Kunai","Dream Catcher"],"acts_visited":["Exordium","TheCity","TheBeyond"],"potions_floor_usage":[11,11,11,27,39,45,48],"damage_taken":[{"damage":6,"enemies":"Cultist","floor":1,"turns":4},{"damage":1,"enemies":"Jaw Worm","floor":3,"turns":4},{"damage":5,"enemies":"Small Slimes","floor":4,"turns":3},{"damage":26,"enemies":"3 Sentries","floor":7,"turns":7},{"damage":14,"enemies":"2 Fungi Beasts","floor":8,"turns":4},{"damage":3,"enemies":"Gremlin Nob","floor":11,"turns":3},{"damage":18,"enemies":"Lagavulin","floor":13,"turns":7},{"damage":0,"enemies":"Large Slime","floor":14,"turns":5},{"damage":53,"enemies":"Hexaghost","floor":16,"turns":10},{"damage":11,"enemies":"Spheric Guardian","floor":18,"turns":4},{"damage":19,"enemies":"2 Thieves","floor":20,"turns":4},{"damage":27,"enemies":"Shelled Parasite and Fungi","floor":21,"turns":4},{"damage":47,"enemies":"Gremlin Leader","floor":23,"turns":6},{"damage":18,"enemies":"Snake Plant","floor":24,"turns":4},{"damage":21,"enemies":"Cultist and Chosen","floor":27,"turns":6},{"damage":0,"enemies":"Snecko","floor":29,"turns":4},{"damage":102,"enemies":"Automaton","floor":33,"turns":12},{"damage":32,"enemies":"3 Darklings","floor":35,"turns":5},{"damage":15,"enemies":"Orin","floor":36,"turns":6},{"damage":34,"enemies":"3 Shapes","floor":37,"turns":4},{"damage":20,"enemies":"Transient","floor":39,"turns":5},{"damage":21,"enemies":"Giant Head","floor":40,"turns":6},{"damage":62,"enemies":"Nemesis","floor":45,"turns":7},{"damage":54,"enemies":"Maw","floor":46,"turns":9},{"damage":26,"enemies":"Sphere and 2 Shapes","floor":48,"turns":5},{"damage":64,"enemies":"Donu and Deca","floor":50,"turns":9}],"seed_played":"-5590768332050866003","potions_obtained":[{"floor":1,"key":"Slimebound:ThreeZeroPotion"},{"floor":3,"key":"Fire Potion"},{"floor":4,"key":"ElixirPotion"},{"floor":7,"key":"PowerPotion"},{"floor":21,"key":"Energy Potion"},{"floor":29,"key":"Strength Potion"},{"floor":33,"key":"BloodPotion"},{"floor":36,"key":"Fire Potion"},{"floor":39,"key":"FearPotion"},{"floor":45,"key":"Fire Potion"},{"floor":46,"key":"Energy Potion"},{"floor":48,"key":"ColorlessPotion"}],"is_trial":false,"path_per_floor":["M","$","M","M","$","R","E","M","T","?","E","R","E","M","R","B",null,"M","$","M","M","?","E","M","R","T","M","?","M","$","?","R","B",null,"M","?","M","?","M","E","$","R","T","R","E","M","$","M","R","B",null],"character_chosen":"IRONCLAD","items_purchased":["Rage","Pummel","Lee\u0027s Waffle","Whetstone"],"campfire_rested":2,"item_purchase_floors":[5,19,30,41],"current_hp_per_floor":[80,80,80,80,80,80,60,62,62,62,65,65,67,80,80,33,80,75,75,76,66,51,10,7,32,32,35,19,25,92,92,92,15,92,66,71,64,64,74,80,80,80,80,80,69,66,66,46,73,75],"gold":38,"neow_bonus":"ONE_RANDOM_RARE_CARD","is_daily":false,"chose_seed":false,"campfire_upgraded":6,"win_rate":0.0,"timestamp":1612612317,"path_taken":["M","$","M","?","$","R","E","M","T","?","E","R","E","M","R","BOSS","M","$","M","M","?","E","M","R","T","M","?","M","$","?","R","BOSS","M","?","M","?","M","E","$","R","T","R","E","?","$","M","R","BOSS"],"items_purchased_type":["Card","Card","Relic","Relic"],"build_version":"2020-12-22","purchased_purges":4,"victory":true,"max_hp_per_floor":[80,80,80,80,80,80,80,80,80,80,80,80,80,80,80,80,80,80,80,80,80,85,85,85,85,85,85,85,85,92,92,92,92,92,92,92,92,92,92,92,92,92,92,92,92,92,92,92,92,92],"card_choices":[{"not_picked":["Disarm","Headbutt"],"picked":"Spot Weakness","floor":1},{"not_picked":["Body Slam","Pommel Strike"],"picked":"Rampage","floor":3},{"not_picked":["Clash","Body Slam"],"picked":"Armaments","floor":4},{"not_picked":["Perfected Strike","Thunderclap"],"picked":"Reaper","floor":7},{"not_picked":["Seeing Red","Metallicize"],"picked":"Shrug It Off","floor":8},{"not_picked":["Cleave","Bludgeon"],"picked":"Flex","floor":11},{"not_picked":["Perfected Strike","Cleave","Corruption"],"picked":"SKIP","floor":13},{"not_picked":["Headbutt","Body Slam"],"picked":"Flex","floor":14},{"not_picked":["Exhume","Feed"],"picked":"Juggernaut","floor":16},{"not_picked":["Thunderclap","Dropkick"],"picked":"Heavy Blade","floor":18},{"not_picked":["Clash","Iron Wave","Pommel Strike"],"picked":"SKIP","floor":20},{"not_picked":["Carnage","Pommel Strike","Perfected Strike"],"picked":"SKIP","floor":21},{"not_picked":["Thunderclap+1","Body Slam","Flex"],"picked":"SKIP","floor":23},{"not_picked":["Twin Strike","Perfected Strike"],"picked":"Feel No Pain+1","floor":24},{"not_picked":["Ghostly Armor","Dark Embrace"],"picked":"Second Wind","floor":27},{"not_picked":["Shrug It Off","Pummel","Iron Wave"],"picked":"SKIP","floor":29},{"not_picked":["Berserk","Offering"],"picked":"Brutality","floor":33},{"not_picked":["Twin Strike","Flex+1","True Grit+1"],"picked":"SKIP","floor":35},{"not_picked":["Havoc+1","Reckless Charge"],"picked":"Dual Wield+1","floor":36},{"not_picked":["Intimidate","Sword Boomerang"],"picked":"Flame Barrier+1","floor":37},{"not_picked":["Searing Blow","Uppercut+1","Spot Weakness"],"picked":"SKIP","floor":39},{"not_picked":["Thunderclap+1","Blood for Blood+1","Feed+1"],"picked":"SKIP","floor":40},{"not_picked":["Rupture","Flame Barrier"],"picked":"Burning Pact+1","floor":45},{"not_picked":["Heavy Blade+1","Metallicize","Armaments"],"picked":"SKIP","floor":46},{"not_picked":["Dropkick+1","Armaments","Shrug It Off+1"],"picked":"SKIP","floor":48}],"player_experience":39522,"relics_obtained":[{"floor":7,"key":"HornCleat"},{"floor":9,"key":"Darkstone Periapt"},{"floor":11,"key":"Shuriken"},{"floor":13,"key":"FossilizedHelix"},{"floor":23,"key":"Self Forming Clay"},{"floor":26,"key":"MawBank"},{"floor":28,"key":"Nilry\u0027s Codex"},{"floor":36,"key":"CatCart"},{"floor":40,"key":"Molten Egg 2"},{"floor":43,"key":"Kunai"},{"floor":45,"key":"Dream Catcher"}],"event_choices":[{"cards_removed":["Defend_R"],"damage_healed":0,"gold_gain":0,"player_choice":"Card Removal","damage_taken":0,"max_hp_gain":0,"max_hp_loss":0,"event_name":"The Cleric","floor":10,"gold_loss":50},{"damage_healed":0,"gold_gain":0,"player_choice":"Shed Blood","damage_taken":20,"max_hp_gain":5,"max_hp_loss":0,"event_name":"Forgotten Altar","floor":22,"gold_loss":0},{"damage_healed":0,"gold_gain":0,"player_choice":"Obtained Book","damage_taken":16,"max_hp_gain":0,"max_hp_loss":0,"event_name":"Cursed Tome","floor":28,"gold_loss":0},{"damage_healed":0,"gold_gain":0,"player_choice":"Fight","damage_taken":0,"max_hp_gain":0,"max_hp_loss":0,"event_name":"OrinTheCat","floor":36,"gold_loss":0},{"damage_healed":0,"gold_gain":0,"player_choice":"Upgraded","damage_taken":0,"max_hp_gain":0,"max_hp_loss":0,"event_name":"Upgrade Shrine","floor":38,"gold_loss":0,"cards_upgraded":["Brutality"]}],"is_beta":false,"boss_relics":[{"not_picked":["Busted Crown","Runic Dome"],"picked":"Philosopher\u0027s Stone"},{"not_picked":["Fusion Hammer","SacredBark"],"picked":"Runic Cube"}],"items_purged_floors":[2,19,41,47],"is_endless":false,"potions_floor_spawned":[1,3,4,7,21,29,33,36,39,45,46,48],"ascension_level":1}}