{"host":"4eao2pkwlmv012cz","time":1612628281,"event":{"mods":["BaseMod","Colored Powertips","Minty Spire (QoL Compilation)","Permanent Neow","Quick Restart","Random Character Button","StSLib"],"gold_per_floor":[112,127,127,147,158,190,190,222,270,270,282,293,313,347,347,347,347],"floor_reached":16,"language":"ENG","playtime":466,"items_purged":[],"score":248,"play_id":"73b6527b-63f8-4545-b9e9-83ca3d539c1a","local_time":"20210206111801","is_ascension_mode":true,"campfire_choices":[{"floor":7,"key":"REST"},{"data":"Armaments","floor":10,"key":"SMITH"},{"data":"Spot Weakness","floor":15,"key":"SMITH"}],"circlet_count":0,"master_deck":["AscendersBane","Strike_R","Strike_R","Strike_R","Strike_R","Strike_R","Defend_R","Defend_R","Defend_R","Defend_R","Bash","Immolate","Twin Strike","Clothesline","Fiend Fire","Cleave","Armaments+1","Shockwave","Offering","Juggernaut","Flex","Flame Barrier","Spot Weakness+1"],"relics":["Burning Blood","Ornamental Fan","Eternal Feather","Happy Flower","Regal Pillow"],"acts_visited":["Exordium"],"potions_floor_usage":[5,8,14,14],"damage_taken":[{"damage":5,"enemies":"Small Slimes","floor":1,"turns":3},{"damage":0,"enemies":"Cultist","floor":2,"turns":2},{"damage":9,"enemies":"Jaw Worm","floor":4,"turns":2},{"damage":26,"enemies":"Exordium Thugs","floor":5,"turns":3},{"damage":20,"enemies":"3 Sentries","floor":6,"turns":4},{"damage":14,"enemies":"Gremlin Nob","floor":8,"turns":3},{"damage":7,"enemies":"2 Fungi Beasts","floor":11,"turns":3},{"damage":17,"enemies":"Lots of Slimes","floor":12,"turns":3},{"damage":6,"enemies":"Looter","floor":13,"turns":2},{"damage":16,"enemies":"3 Sentries","floor":14,"turns":4},{"damage":44,"enemies":"The Guardian","floor":16,"turns":5}],"seed_played":"-7783863941180085657","potions_obtained":[{"floor":1,"key":"AttackPotion"},{"floor":6,"key":"Swift Potion"},{"floor":12,"key":"Energy Potion"},{"floor":13,"key":"Dexterity Potion"}],"is_trial":false,"path_per_floor":["M","M","?","M","M","E","R","E","T","R","M","M","M","E","R","B"],"character_chosen":"IRONCLAD","items_purchased":[],"campfire_rested":1,"item_purchase_floors":[],"current_hp_per_floor":[68,68,68,65,45,31,51,43,43,55,54,43,43,33,45,1,1],"gold":347,"neow_bonus":"THREE_RARE_CARDS","is_daily":false,"chose_seed":false,"campfire_upgraded":2,"win_rate":0.0,"timestamp":1612628281,"path_taken":["M","M","?","M","M","E","R","E","T","R","M","M","M","E","R","BOSS"],"items_purchased_type":[],"build_version":"2020-12-22","purchased_purges":0,"victory":false,"max_hp_per_floor":[68,68,68,68,68,68,68,68,68,68,68,68,68,68,68,68,68],"card_choices":[{"not_picked":["Feed","Limit Break"],"picked":"Immolate","floor":0},{"not_picked":["Bloodletting","Headbutt"],"picked":"Twin Strike","floor":1},{"not_picked":["Twin Strike","Cleave"],"picked":"Clothesline","floor":2},{"not_picked":["Rampage","Sword Boomerang"],"picked":"Armaments","floor":4},{"not_picked":["Carnage","Flex"],"picked":"Shockwave","floor":5},{"not_picked":["Seeing Red","Thunderclap"],"picked":"Offering","floor":6},{"not_picked":["Heavy Blade","Twin Strike"],"picked":"Juggernaut","floor":8},{"not_picked":["Clothesline","Reckless Charge"],"picked":"Flex","floor":11},{"not_picked":["Sword Boomerang","Rage"],"picked":"Flame Barrier","floor":13},{"not_picked":["True Grit","Entrench"],"picked":"Spot Weakness","floor":14}],"player_experience":2892593,"relics_obtained":[{"floor":6,"key":"Ornamental Fan"},{"floor":8,"key":"Eternal Feather"},{"floor":9,"key":"Happy Flower"},{"floor":14,"key":"Regal Pillow"}],"event_choices":[{"damage_healed":0,"gold_gain":0,"player_choice":"2 cards matched","damage_taken":0,"max_hp_gain":0,"max_hp_loss":0,"event_name":"Match and Keep!","floor":3,"gold_loss":0,"cards_obtained":["Fiend Fire","Cleave"]}],"is_beta":false,"boss_relics":[],"items_purged_floors":[],"is_endless":false,"potions_floor_spawned":[1,6,12,13],"killed_by":"The Guardian","ascension_level":20}}