{"host":"uoshhb7sfln10kpy","time":1612635659,"event":{"mods":["BaseMod","Bestiary","BetterRewards","Curses Come First","Downfall","Marisa£®ÏF”Í°°ƒß¿Ì…≥£©","Minty Spire (QoL Compilation)","Remilia£®¿Ÿ√◊¿Ú—«£©","Replay The Spire","Say the Spire","Shop Mod","StSLib","The Alterego","The Bladedancer","The Bug Knight","The Mystic","UnlockEverythingMod"],"gold_per_floor":[99,115,131,149,164,74,101,101,126,576,476,494,494,494,507,605,605,605,620,470,34,34,63,63,95,95,115,115,0,27,61,73,176,176,76,87,9,25,125,143,143,154,173,173,227,245,245,277,293,293],"floor_reached":51,"language":"ZHS","playtime":2706,"items_purged":["downfall:Icky","downfall:Icky"],"score":762,"play_id":"be5271de-a950-4419-a33f-b2bf636b715a","local_time":"20210207022059","is_ascension_mode":false,"campfire_choices":[{"floor":1,"key":"RECALL"},{"floor":11,"key":"REST"},{"data":"bronze:ClassDefault","floor":13,"key":"SMITH"},{"floor":18,"key":"DIG"},{"floor":28,"key":"REST"},{"floor":35,"key":"REST"},{"floor":47,"key":"REST"}],"circlet_count":0,"master_deck":["bronze:Strike","bronze:Strike","bronze:Strike","bronze:Strike","bronze:Defend","bronze:Defend","bronze:Defend","bronze:Defend","bronze:Replicate+1","bronze:Goto","bronze:Optimize","bronze:Flail","bronze:OilSpill","bronze:DigitalCarnage","bronze:ClassDefault+1","bronze:Repair","bronze:FineTuning","downfall:Icky","bronze:Allocate","bronze:Virus","bronze:CloningBeam","Ghostly","bronze:ForLoop","bronze:Repulsor","Crow Ritual","ReplayTheSpireMod:Uncanny Aura","Enlightenment","downfall:Haunted","downfall:Haunted","bronze:Return","bronze:Branch","bronze:Turbo","bronze:Repulsor","bronze:NullPointer","bronze:Mutator","expansioncontent:StudyTheSpire","bronze:Turbo","bronze:FineTuning+1","bronze:ItsAFeature","bronze:Turbo","bronze:BronzeOrb","bronze:OilSpill+1","bronze:CutThrough","expansioncontent:AwakenDeath","bronze:BronzeOrb","bronze:AlphaBuild","bronze:Frontload+1","bronze:GetLatest+1","bronze:WhirlingStrike"],"relics":["bronze:BronzeCore","Orichalcum","Toy Ornithopter","downfall:HeartBlessingRed","bronze:MakeshiftBattery","bronze:ProtectiveGoggles","ReplayTheSpireMod:ShopPack","ReplayTheSpireMod:TigerMarble","Du-Vu Doll","Dream Catcher","Mirror","Ornamental Fan","Omamori","Kintsugi","downfall:HeartBlessingGreen","Potion Belt","Darkstone Periapt","Centennial Puzzle","Regal Pillow"],"acts_visited":["Exordium","TheCity","TheBeyond"],"potions_floor_usage":[9,16,16,21,31,33,33,33,39,39,40,40,43,43,46,48,49,50,50],"damage_taken":[{"damage":10,"enemies":"Small Slimes","floor":2,"turns":3},{"damage":11,"enemies":"2 Louse","floor":3,"turns":3},{"damage":3,"enemies":"Jaw Worm","floor":4,"turns":3},{"damage":12,"enemies":"Large Slime","floor":5,"turns":4},{"damage":5,"enemies":"downfall:FleeingMerchant","floor":6,"turns":4},{"damage":4,"enemies":"Gremlin Nob","floor":9,"turns":3},{"damage":11,"enemies":"Exordium Wildlife","floor":12,"turns":4},{"damage":5,"enemies":"3 Louse","floor":15,"turns":3},{"damage":50,"enemies":"DF_ARCHETYPE_STREAMLINE","floor":16,"turns":8},{"damage":22,"enemies":"3 Byrds","floor":19,"turns":8},{"damage":6,"enemies":"downfall:FleeingMerchant","floor":21,"turns":4},{"damage":13,"enemies":"HollowMod:Nosk","floor":23,"turns":5},{"damage":25,"enemies":"Book of Stabbing","floor":25,"turns":5},{"damage":0,"enemies":"Chosen","floor":26,"turns":1},{"damage":14,"enemies":"Shelled Parasite and Fungi","floor":27,"turns":2},{"damage":8,"enemies":"downfall:FleeingMerchant","floor":29,"turns":4},{"damage":0,"enemies":"downfall:FleeingMerchant","floor":30,"turns":1},{"damage":10,"enemies":"HollowMod:Nosk","floor":31,"turns":5},{"damage":0,"enemies":"Chosen and Byrds","floor":32,"turns":3},{"damage":48,"enemies":"WA_ARCHETYPE_CALM","floor":33,"turns":9},{"damage":30,"enemies":"3 Darklings","floor":36,"turns":6},{"damage":33,"enemies":"3 Shapes","floor":38,"turns":3},{"damage":13,"enemies":"downfall:LadyInBlue","floor":39,"turns":10},{"damage":13,"enemies":"Sphere and 2 Shapes","floor":40,"turns":6},{"damage":4,"enemies":"Jaw Worm Horde","floor":42,"turns":3},{"damage":13,"enemies":"Writhing Mass","floor":43,"turns":5},{"damage":44,"enemies":"Transient","floor":46,"turns":5},{"damage":62,"enemies":"Reptomancer","floor":48,"turns":7},{"damage":14,"enemies":"Maw","floor":49,"turns":7},{"damage":42,"enemies":"IC_BLOCK_ARCHETYPE","floor":50,"turns":11}],"seed_played":"-1955895356865791816","potions_obtained":[{"floor":2,"key":"Swift Potion"},{"floor":3,"key":"Milkshake"},{"floor":5,"key":"EssenceOfSteel"},{"floor":16,"key":"SteroidPotion"},{"floor":31,"key":"Weak Potion"},{"floor":32,"key":"Elixir"},{"floor":33,"key":"Ancient Potion"},{"floor":36,"key":"LiquidBronze"},{"floor":38,"key":"Slimebound:ThreeZeroPotion"},{"floor":39,"key":"Elixir"},{"floor":39,"key":"LifebloodPotion"},{"floor":39,"key":"LifebloodPotion"},{"floor":42,"key":"Flashbang"},{"floor":45,"key":"SkillPotion"},{"floor":45,"key":"Block Potion"},{"floor":48,"key":"Block Potion"},{"floor":49,"key":"Energy Potion"}],"is_trial":false,"path_per_floor":["R","M","M","M","M","$","T","?","E","?","R","M","R","?","M","B",null,"R","M","?","$","?","E","T","E","M","M","R","$","$","E","M","B",null,"R","M","$","M","?","M","T","M","M","?","?","M","R","E","M","B",null],"character_chosen":"THE_AUTOMATON","items_purchased":["bronze:Repair","bronze:Repulsor","ReplayTheSpireMod:ShopPack","ReplayTheSpireMod:TigerMarble","expansioncontent:StudyTheSpire","Swift Potion","AttackPotion","AttackPotion","bronze:ItsAFeature"],"campfire_rested":4,"item_purchase_floors":[6,21,21,21,30,30,30,30,37],"current_hp_per_floor":[77,67,56,53,41,36,36,36,32,32,55,44,44,44,47,14,77,77,55,55,61,61,55,55,37,37,23,46,38,38,40,47,21,77,77,47,47,21,27,31,31,27,32,32,2,27,50,20,18,20],"gold":293,"neow_bonus":"TEN_PERCENT_HP_BONUS","is_daily":false,"chose_seed":false,"campfire_upgraded":1,"win_rate":0.0,"timestamp":1612635659,"path_taken":["R","M","M","M","M","$","T","?","E","?","R","M","R","?","M","BOSS","R","M","?","$","?","E","T","E","M","M","R","?","$","E","M","BOSS","R","M","$","M","?","?","T","M","?","?","?","M","R","E","M","BOSS"],"items_purchased_type":["Card","Card","Relic","Relic","Card","Potion","Potion","Potion","Card"],"build_version":"2020-12-22","purchased_purges":2,"victory":true,"max_hp_per_floor":[77,77,77,77,77,77,77,77,77,77,77,77,77,77,77,77,77,77,77,77,77,77,77,77,77,77,77,77,77,77,77,77,77,77,77,77,77,77,77,77,77,77,77,77,77,77,77,77,77,77],"card_choices":[{"not_picked":["bronze:Frontload","bronze:ForLoop"],"picked":"bronze:Optimize","floor":2},{"not_picked":["bronze:ChosenStrike","bronze:Branch"],"picked":"bronze:Flail","floor":3},{"not_picked":["bronze:Overheat","bronze:CutThrough"],"picked":"bronze:OilSpill","floor":4},{"not_picked":["bronze:Allocate","bronze:Boost"],"picked":"bronze:DigitalCarnage","floor":5},{"not_picked":["bronze:WildBeam","bronze:DarkDash"],"picked":"bronze:ClassDefault","floor":6},{"not_picked":["bronze:MaxOutput","bronze:Turbo"],"picked":"bronze:FineTuning","floor":9},{"not_picked":["bronze:Fortify","bronze:BuggyMess"],"picked":"bronze:Allocate","floor":12},{"not_picked":["bronze:BitShift","bronze:Frontload","bronze:ClassDefault"],"picked":"SKIP","floor":15},{"not_picked":["bronze:RecursiveStrike","bronze:ShipIt"],"picked":"bronze:Virus","floor":16},{"not_picked":["bronze:OilSpill","bronze:Overheat"],"picked":"bronze:CloningBeam","floor":19},{"not_picked":["bronze:Break","bronze:Overload+1"],"picked":"bronze:ForLoop","floor":21},{"not_picked":["ReplayTheSpireMod:Necrogeddon","Violence"],"picked":"Crow Ritual","floor":21},{"not_picked":["Secret Technique","Enlightenment"],"picked":"ReplayTheSpireMod:Uncanny Aura","floor":21},{"not_picked":["Madness","Purity"],"picked":"Enlightenment","floor":21},{"not_picked":["bronze:WhirlingStrike","bronze:DelayedSlice"],"picked":"bronze:Return","floor":23},{"not_picked":["bronze:BitShift","bronze:OilSpill"],"picked":"bronze:Branch","floor":25},{"not_picked":["bronze:ThunderWave","bronze:DigitalCarnage"],"picked":"bronze:Turbo","floor":26},{"not_picked":["bronze:Boost","bronze:DelayedSlice"],"picked":"bronze:Repulsor","floor":27},{"not_picked":["bronze:BitShift","bronze:Backtrace"],"picked":"bronze:NullPointer","floor":28},{"not_picked":["bronze:DarkDash","bronze:Boost"],"picked":"bronze:Mutator","floor":29},{"not_picked":["bronze:Invalidate","bronze:BuggyMess"],"picked":"bronze:DelayedSlice+1","floor":30},{"not_picked":["bronze:Backtrace","bronze:Allocate+1"],"picked":"bronze:Turbo","floor":31},{"not_picked":["bronze:ChosenStrike","bronze:BuggyMess"],"picked":"bronze:WhirlingStrike+1","floor":32},{"not_picked":["bronze:Allocate","bronze:BuggyMess"],"picked":"bronze:FineTuning+1","floor":35},{"not_picked":["bronze:WhirlingStrike","bronze:Overheat","bronze:BugBarrage+1"],"picked":"SKIP","floor":36},{"not_picked":["bronze:BugBarrage","bronze:Break","bronze:Return+1"],"picked":"SKIP","floor":38},{"not_picked":["bronze:DelayedSlice","bronze:Branch+1"],"picked":"bronze:Turbo","floor":39},{"not_picked":["bronze:Invalidate","bronze:DarkDash"],"picked":"bronze:BronzeOrb","floor":40},{"not_picked":["bronze:DelayedGuard","bronze:Iterate+1"],"picked":"bronze:OilSpill+1","floor":42},{"not_picked":["bronze:Frontload","bronze:Shell"],"picked":"bronze:CutThrough","floor":43},{"not_picked":["expansioncontent:GuardianWhirl","Replay:SS_fish_1"],"picked":"expansioncontent:AwakenDeath","floor":44},{"not_picked":["bronze:Invalidate","bronze:WhirlingStrike"],"picked":"bronze:BronzeOrb","floor":45},{"not_picked":["bronze:OilSpill","bronze:Overheat"],"picked":"bronze:AlphaBuild","floor":46},{"not_picked":["bronze:Flail","bronze:BitShift+1"],"picked":"bronze:Frontload+1","floor":47},{"not_picked":["bronze:BitShift","bronze:ClassDefault+1"],"picked":"bronze:GetLatest+1","floor":48},{"not_picked":["bronze:Overheat+1","bronze:NullPointer+1"],"picked":"bronze:WhirlingStrike","floor":49}],"player_experience":18541,"relics_obtained":[{"floor":7,"key":"Orichalcum"},{"floor":9,"key":"Toy Ornithopter"},{"floor":18,"key":"bronze:ProtectiveGoggles"},{"floor":23,"key":"Dream Catcher"},{"floor":24,"key":"Mirror"},{"floor":25,"key":"Ornamental Fan"},{"floor":31,"key":"Omamori"},{"floor":39,"key":"Potion Belt"},{"floor":41,"key":"Darkstone Periapt"},{"floor":45,"key":"Centennial Puzzle"},{"floor":48,"key":"Regal Pillow"}],"event_choices":[],"is_beta":false,"boss_relics":[{"not_picked":["Black Star","Empty Cage"],"picked":"bronze:MakeshiftBattery"},{"not_picked":["SacredBark","Snecko Eye"],"picked":"Kintsugi"}],"items_purged_floors":[21,29],"is_endless":false,"potions_floor_spawned":[2,3,5,16,31,32,33,36,38,42,48,49],"ascension_level":0}}