{"host":"zj59u6rib3fz4c79","time":1612578712,"event":{"mods":["AchievementEnabler","BaseMod","Bestiary","Colored Map","Colored Powertips","Highlight Path","Minty Spire (QoL Compilation)","StSLib"],"gold_per_floor":[115,115,115,134,149,175,193,193,193,193,228,245,245,257,257,257,257],"floor_reached":16,"language":"ENG","playtime":1280,"items_purged":[],"score":118,"play_id":"b1c7a184-83c3-48ce-b1a1-28ec6ff2f28f","local_time":"20210205203152","is_ascension_mode":true,"campfire_choices":[{"floor":10,"key":"REST"},{"floor":15,"key":"REST"}],"circlet_count":0,"master_deck":["Strike_B","Strike_B","Strike_B","Strike_B","Defend_B","Defend_B","Defend_B","Defend_B","Zap","Hologram+1","Multi-Cast","Compile Driver","Chill+1"],"relics":["Cracked Core","Bag of Preparation","Strawberry","HornCleat","Ornamental Fan"],"acts_visited":["Exordium"],"potions_floor_usage":[6,6,7,8,11],"damage_taken":[{"damage":6,"enemies":"Jaw Worm","floor":1,"turns":2},{"damage":1,"enemies":"2 Louse","floor":4,"turns":2},{"damage":6,"enemies":"Cultist","floor":5,"turns":3},{"damage":27,"enemies":"Lagavulin","floor":6,"turns":7},{"damage":7,"enemies":"3 Louse","floor":7,"turns":3},{"damage":0,"enemies":"The Mushroom Lair","floor":8,"turns":1},{"damage":20,"enemies":"Gremlin Nob","floor":11,"turns":4},{"damage":0,"enemies":"Large Slime","floor":12,"turns":5},{"damage":0,"enemies":"Lots of Slimes","floor":14,"turns":4},{"damage":65,"enemies":"The Guardian","floor":16,"turns":15}],"seed_played":"7296159357390261590","potions_obtained":[{"floor":5,"key":"EntropicBrew"},{"floor":6,"key":"LiquidMemories"},{"floor":12,"key":"Strength Potion"}],"is_trial":false,"path_per_floor":["M","?","?","M","M","E","M","?","T","R","E","M","?","M","R","B"],"character_chosen":"DEFECT","items_purchased":[],"campfire_rested":2,"item_purchase_floors":[],"current_hp_per_floor":[69,69,69,68,62,42,35,35,35,59,39,39,39,39,63,0,0],"gold":257,"neow_bonus":"RANDOM_COMMON_RELIC","is_daily":false,"chose_seed":false,"campfire_upgraded":0,"win_rate":0.0,"timestamp":1612578712,"path_taken":["M","?","?","M","M","E","?","?","T","R","E","M","?","?","R","BOSS"],"items_purchased_type":[],"build_version":"2020-12-22","purchased_purges":0,"victory":false,"max_hp_per_floor":[75,75,75,75,75,82,82,82,82,82,82,82,82,82,82,82,82],"card_choices":[{"not_picked":["Streamline","BootSequence"],"picked":"Hologram","floor":1},{"not_picked":["Ball Lightning","Sweeping Beam","Consume"],"picked":"SKIP","floor":4},{"not_picked":["Loop","Hologram","Chaos"],"picked":"SKIP","floor":5},{"not_picked":["Ball Lightning","BootSequence","Conserve Battery"],"picked":"SKIP","floor":6},{"not_picked":["Biased Cognition","Glacier"],"picked":"Compile Driver","floor":7},{"not_picked":["Turbo","Core Surge"],"picked":"Chill","floor":11},{"not_picked":["Hologram","Compile Driver","Coolheaded"],"picked":"SKIP","floor":12},{"not_picked":["Compile Driver","Storm","Leap"],"picked":"SKIP","floor":14}],"player_experience":77298,"relics_obtained":[{"floor":6,"key":"Strawberry"},{"floor":9,"key":"HornCleat"},{"floor":11,"key":"Ornamental Fan"}],"event_choices":[{"damage_healed":0,"gold_gain":0,"player_choice":"Grow","damage_taken":0,"max_hp_gain":0,"max_hp_loss":0,"event_name":"Living Wall","floor":2,"gold_loss":0,"cards_upgraded":["Hologram"]},{"damage_healed":0,"gold_gain":0,"cards_transformed":["Dualcast"],"player_choice":"Transformed","damage_taken":0,"max_hp_gain":0,"max_hp_loss":0,"event_name":"Transmorgrifier","floor":3,"gold_loss":0,"cards_obtained":["Multi-Cast"]},{"damage_healed":0,"gold_gain":0,"player_choice":"Fought Mushrooms","damage_taken":0,"max_hp_gain":0,"max_hp_loss":0,"event_name":"Mushrooms","floor":8,"gold_loss":0},{"damage_healed":0,"gold_gain":0,"player_choice":"Forge","damage_taken":0,"max_hp_gain":0,"max_hp_loss":0,"event_name":"Accursed Blacksmith","floor":13,"gold_loss":0,"cards_upgraded":["Chill"]}],"is_beta":false,"boss_relics":[],"items_purged_floors":[],"is_endless":false,"potions_floor_spawned":[5,6,8,12],"killed_by":"The Guardian","ascension_level":1}}