{"host":"zlqt5v02sur1j944","time":1612598894,"event":{"mods":["BaseMod","Highlight Path","Minty Spire (QoL Compilation)","Relic Stats","StSLib"],"gold_per_floor":[166,185,204,204,14,14,48,68,68,68,81,94,129,147,147,147,147],"floor_reached":16,"language":"ENG","playtime":750,"items_purged":["Strike_R"],"score":228,"play_id":"2d7bb8ec-3818-423e-923c-31d3f74f6cfd","local_time":"20210206000814","is_ascension_mode":true,"campfire_choices":[{"data":"Whirlwind","floor":6,"key":"SMITH"},{"data":"Fiend Fire","floor":10,"key":"SMITH"},{"data":"Disarm","floor":15,"key":"SMITH"}],"circlet_count":0,"master_deck":["AscendersBane","Strike_R","Strike_R","Strike_R","Strike_R","Defend_R","Defend_R+1","Defend_R","Defend_R","Bash","Headbutt","Whirlwind+1","Burning Pact","Fiend Fire+1","Dark Embrace","Disarm+1","Shockwave","Shrug It Off","Uppercut+1","Shrug It Off","Feel No Pain"],"relics":["Tiny House","Matryoshka","Molten Egg 2","Art of War","Question Card","MealTicket"],"acts_visited":["Exordium"],"potions_floor_usage":[7,7,8,16],"damage_taken":[{"damage":0,"enemies":"Cultist","floor":1,"turns":3},{"damage":7,"enemies":"Jaw Worm","floor":2,"turns":3},{"damage":0,"enemies":"Small Slimes","floor":3,"turns":2},{"damage":27,"enemies":"Gremlin Nob","floor":7,"turns":4},{"damage":0,"enemies":"Looter","floor":8,"turns":2},{"damage":1,"enemies":"2 Fungi Beasts","floor":11,"turns":3},{"damage":17,"enemies":"Exordium Thugs","floor":12,"turns":3},{"damage":13,"enemies":"Lagavulin","floor":13,"turns":5},{"damage":0,"enemies":"Lots of Slimes","floor":14,"turns":1},{"damage":23,"enemies":"The Guardian","floor":16,"turns":7}],"seed_played":"-7029847049178345633","potions_obtained":[{"floor":0,"key":"SmokeBomb"},{"floor":1,"key":"SteroidPotion"},{"floor":3,"key":"Weak Potion"},{"floor":7,"key":"DistilledChaos"},{"floor":14,"key":"ColorlessPotion"}],"is_trial":false,"path_per_floor":["M","M","M","?","$","R","E","M","T","R","M","M","E","M","R","B"],"character_chosen":"IRONCLAD","items_purchased":["Dark Embrace","Disarm"],"campfire_rested":0,"item_purchase_floors":[5,5],"current_hp_per_floor":[73,66,66,66,66,66,39,39,39,39,38,21,8,8,8,0,0],"gold":147,"neow_bonus":"BOSS_RELIC","is_daily":false,"chose_seed":false,"campfire_upgraded":3,"win_rate":0.0,"timestamp":1612598894,"path_taken":["M","M","?","?","$","R","E","?","T","R","M","M","E","M","R","BOSS"],"items_purchased_type":["Card","Card"],"build_version":"2020-12-22","purchased_purges":1,"victory":false,"max_hp_per_floor":[80,80,80,80,80,80,80,80,80,80,80,80,80,80,80,80,80],"relic_stats":{"counters":[10,33],"MealTicket":0,"Art of War":[4],"Question Card":4,"obtain_stats":[{"Tiny House":0,"Matryoshka":4,"Molten Egg 2":7,"MealTicket":13,"Art of War":9,"Question Card":9,"Burning Blood":0},{"Tiny House":0,"Matryoshka":3,"Molten Egg 2":4,"MealTicket":8,"Art of War":5,"Question Card":5,"Burning Blood":0},{"Tiny House":0,"Matryoshka":8,"Molten Egg 2":12,"MealTicket":25,"Art of War":14,"Question Card":14,"Burning Blood":0}]},"card_choices":[{"not_picked":["Ghostly Armor","Heavy Blade"],"picked":"Headbutt","floor":0},{"not_picked":["Seeing Red","Havoc"],"picked":"Whirlwind","floor":1},{"not_picked":["Flex","Headbutt"],"picked":"Burning Pact","floor":2},{"not_picked":["Cleave","Warcry"],"picked":"Fiend Fire","floor":3},{"not_picked":["Second Wind","Evolve"],"picked":"Shockwave","floor":7},{"not_picked":["Clothesline+1","Armaments"],"picked":"Shrug It Off","floor":8},{"not_picked":["Body Slam+1","Perfected Strike+1","Heavy Blade+1"],"picked":"Uppercut+1","floor":11},{"not_picked":["Heavy Blade+1","Body Slam+1","Wild Strike+1","Juggernaut"],"picked":"SKIP","floor":12},{"not_picked":["Searing Blow+1","Flex","Pummel+1"],"picked":"Shrug It Off","floor":13},{"not_picked":["Dual Wield","Metallicize","Headbutt+1"],"picked":"Feel No Pain","floor":14}],"player_experience":1227208,"relics_obtained":[{"floor":4,"key":"Matryoshka"},{"floor":7,"key":"Molten Egg 2"},{"floor":9,"key":"Art of War"},{"floor":9,"key":"Question Card"},{"floor":13,"key":"MealTicket"}],"event_choices":[{"damage_healed":0,"gold_gain":0,"player_choice":"Relic","damage_taken":0,"max_hp_gain":0,"max_hp_loss":0,"event_name":"Wheel of Change","floor":4,"gold_loss":0}],"is_beta":false,"boss_relics":[],"items_purged_floors":[5],"is_endless":false,"potions_floor_spawned":[1,3,7,14],"killed_by":"The Guardian","ascension_level":20}}