{"host":"q0qnzbgdx8oqogg9","time":1612587697,"event":{"mods":["BaseMod","Minty Spire (QoL Compilation)","StSLib"],"gold_per_floor":[210,222,239,55,55,55,90,90,142,160,173,194,194,18,18,18,18],"floor_reached":16,"language":"ENG","playtime":523,"items_purged":["Strike_B","Strike_B"],"score":153,"play_id":"31a20a8b-4804-45fd-befc-403adb85f300","local_time":"20210206000137","is_ascension_mode":true,"campfire_choices":[{"data":"Zap","floor":6.0,"key":"SMITH"},{"floor":13,"key":"REST"},{"floor":15,"key":"REST"}],"circlet_count":0,"master_deck":["AscendersBane","Strike_B","Strike_B","Defend_B","Defend_B","Defend_B","Defend_B","Zap+1","Dualcast","White Noise","Doom and Gloom","Compile Driver","Reinforced Body","Rip and Tear","Storm","Defragment","Coolheaded"],"relics":["Cracked Core","Golden Idol","Smiling Mask","CultistMask","Boot"],"acts_visited":["Exordium"],"potions_floor_usage":[10,11],"damage_taken":[{"damage":13.0,"enemies":"Small Slimes","floor":1.0,"turns":3.0},{"damage":6.0,"enemies":"Cultist","floor":2.0,"turns":4.0},{"damage":2.0,"enemies":"Jaw Worm","floor":3.0,"turns":4.0},{"damage":20.0,"enemies":"3 Sentries","floor":7.0,"turns":5.0},{"damage":2,"enemies":"Large Slime","floor":10,"turns":4},{"damage":0,"enemies":"3 Louse","floor":11,"turns":1},{"damage":3,"enemies":"Blue Slaver","floor":12,"turns":3},{"damage":52,"enemies":"Hexaghost","floor":16,"turns":9}],"seed_played":"2476701899181563349","potions_obtained":[{"floor":1.0,"key":"PowerPotion"},{"floor":3.0,"key":"ColorlessPotion"},{"floor":7.0,"key":"DuplicationPotion"},{"floor":11,"key":"GamblersBrew"},{"floor":12,"key":"SpeedPotion"}],"is_trial":false,"path_per_floor":["M","M","M","$","?","R","E","?","T","M","M","M","R","$","R","B"],"character_chosen":"DEFECT","items_purchased":["Reinforced Body","Rip and Tear","Defragment","Coolheaded"],"campfire_rested":2,"item_purchase_floors":[4,4,14,14],"current_hp_per_floor":[55,49,47,47,29,29,9,9,9,7,7,4,26,26,48,0,0],"gold":18,"neow_bonus":"HUNDRED_GOLD","is_daily":false,"chose_seed":false,"campfire_upgraded":1,"win_rate":0.0,"timestamp":1612587697,"path_taken":["M","M","M","$","?","R","E","?","T","M","?","M","R","?","R","BOSS"],"items_purchased_type":["Card","Card","Card","Card"],"build_version":"2020-12-22","purchased_purges":2,"victory":false,"max_hp_per_floor":[75,75,75,75,75,75,75,75,75,75,75,75,75,75,75,75,75],"card_choices":[{"not_picked":["Force Field","Auto Shields"],"picked":"White Noise","floor":1.0},{"not_picked":["Blizzard","Static Discharge"],"picked":"Doom and Gloom","floor":2.0},{"not_picked":["Fusion","Turbo"],"picked":"Compile Driver","floor":3.0},{"not_picked":["Go for the Eyes","Barrage","Tempest"],"picked":"SKIP","floor":7.0},{"not_picked":["Streamline","Redo","Beam Cell"],"picked":"SKIP","floor":10},{"not_picked":["Static Discharge","Barrage","Turbo"],"picked":"SKIP","floor":11},{"not_picked":["Aggregate","Fission"],"picked":"Storm","floor":12}],"player_experience":334626,"relics_obtained":[{"floor":7.0,"key":"Smiling Mask"},{"floor":9.0,"key":"Boot"}],"event_choices":[{"damage_healed":0.0,"max_hp_gain":0.0,"max_hp_loss":0.0,"gold_gain":0.0,"event_name":"Golden Idol","player_choice":"Take Damage","floor":5.0,"gold_loss":0.0,"damage_taken":18.0,"relics_obtained":["Golden Idol"]},{"damage_healed":0.0,"max_hp_gain":0.0,"max_hp_loss":0.0,"gold_gain":0.0,"event_name":"FaceTrader","player_choice":"Trade","floor":8.0,"gold_loss":0.0,"damage_taken":0.0,"relics_obtained":["CultistMask"]}],"is_beta":false,"boss_relics":[],"items_purged_floors":[4,14],"is_endless":false,"potions_floor_spawned":[1,3,7,11,12],"killed_by":"Hexaghost","ascension_level":10}}