{"host":"rdkn868dy8jmb7gs","time":1612602426,"event":{"mods":["Act Like it!","Arknights","BaseMod","BetterRewards","Colored Map","Colored Powertips","Custom Start","Decade(Õı–°√˜)","DeckTracker","Gensokyo","Marisa£®ÏF”Í°°ƒß¿Ì…≥£©","Minty Spire (QoL Compilation)","Reimu£®≤©¿ˆ¡È√Œ£©","Remilia£®¿Ÿ√◊¿Ú—«£©","Replay The Spire","Spicy Shops","StSLib","The Servant 0.9.4","Youmu£®ªÍ∆«—˝√Œ£©","[IsaacMod]“‘»ˆº‚À˛","ÛÙª÷∏ƒœ"],"gold_per_floor":[114,13,32,32,4,4,31,31,31,63,80,102,130,137,137,257,257,291,11,58,382,434,490,490,736,736,736,795,795,795,813,135,251,251,289,316,340,340,340,354,264,264,292,292,345,377,377,426,450,462,462,511,511],"floor_reached":52,"language":"ZHS","playtime":4288,"items_purged":["Decade_Attack","Decade_Attack"],"score":1054,"play_id":"3741ae9c-0649-4465-9d61-c29c696a2781","local_time":"20210206170706","is_ascension_mode":true,"campfire_choices":[{"data":"KamenRideKuuga","floor":6.0,"key":"SMITH"},{"data":"PrometheusPower","floor":15.0,"key":"SMITH"},{"data":"FormRide","floor":24.0,"key":"SMITH"},{"data":"RideBooker_Skill_1","floor":27.0,"key":"SMITH"},{"data":"UnarmedAttack1","floor":29.0,"key":"SMITH"},{"data":"RideBooker","floor":42.0,"key":"SMITH"},{"data":"DecadeViolentEmotion","floor":44.0,"key":"SMITH"},{"floor":51,"key":"RECALL"}],"circlet_count":0,"master_deck":["KamenRide","Decade_SpecialSkill","Decade_Defend","Decade_Defend","Decade_Defend","Blade_Metal+1","Blade_Beat","FormRide+1","PrometheusPower+1","UnarmedAttack7","UnarmedAttack1+1","KamenRideKuuga+1","Kiva_Swallow","UnarmedAttack8","Blade_Beat","DenO_Sword+1","Kuuga_Rising+1","DenO_Climax+1","UnarmedAttack3","UnarmedAttack6","Blade_Metal+1","UnarmedAttack1+1","RideBooker_Skill_1+1","RideBooker+1","DragShield","ScarletDream+1","KamenRideHibiki","UnarmedAttack3","DenO_Climax","KamenRideDecade","Gensokyo:CustomPotion","DecadeViolentEmotion+1","Gensokyo:BrilliantDragonBullet","Kiva_Swallow","RideBooker_Skill_2"],"relics":["Decadriver","TOEIDeficitBill","HushsDoor","SteamSale","Mango","BargainBundle","UnicornStump","Replay:Bottled Steam","Replay:Accelerometer","SalivaCoin","Strawberry","Du-Vu Doll","Sozu","Guide Book","BookOfRevelations","InkBottle","CaptainsWheel","Mirror","War Paint","ClockworkSouvenir","Medical Kit","Peace Pipe","Divine Protection","Empty Cage","Replay:Wax Seal","ReplayFunnel","Replay:Rubber Ducky","Toy Ornithopter"],"acts_visited":["Exordium","Gensokyo:Gensokyo","Gensokyo:Gensokyoer"],"potions_floor_usage":[],"damage_taken":[{"damage":8.0,"enemies":"Gensokyo:Gryphon","floor":1.0,"turns":4.0},{"damage":0.0,"enemies":"Gensokyo:3_Fairies","floor":3.0,"turns":3.0},{"damage":7.0,"enemies":"Gensokyo:Mamizou","floor":7.0,"turns":7.0},{"damage":12.0,"enemies":"Gensokyo:Aya","floor":10.0,"turns":5.0},{"damage":0.0,"enemies":"Gensokyo:Python","floor":11.0,"turns":3.0},{"damage":8.0,"enemies":"Gensokyo:VengefulSpirit","floor":12.0,"turns":3.0},{"damage":0.0,"enemies":"Gensokyo:Mamizou","floor":13.0,"turns":6.0},{"damage":11.0,"enemies":"Gensokyo:Kokoro","floor":16.0,"turns":8.0},{"damage":13.0,"enemies":"Gensokyo:CosmicMonolith","floor":18.0,"turns":3.0},{"damage":18.0,"enemies":"Gensokyo:Chomper","floor":20.0,"turns":5.0},{"damage":15.0,"enemies":"Gensokyo:Swordslinger","floor":21.0,"turns":3.0},{"damage":17.0,"enemies":"Gensokyo:Wraith","floor":22.0,"turns":4.0},{"damage":20.0,"enemies":"Gensokyo:Tenshi","floor":23.0,"turns":6.0},{"damage":17.0,"enemies":"Gensokyo:Koishi","floor":25.0,"turns":4.0},{"damage":5.0,"enemies":"Gensokyo:Tenshi","floor":28.0,"turns":4.0},{"damage":16.0,"enemies":"Gensokyo:Slime_Group","floor":31.0,"turns":5.0},{"damage":17.0,"enemies":"Gensokyo:Eiki","floor":33.0,"turns":7.0},{"damage":14.0,"enemies":"Gensokyo:3_Bats","floor":35.0,"turns":4.0},{"damage":1.0,"enemies":"Gensokyo:AncientGuardian","floor":37.0,"turns":6.0},{"damage":0.0,"enemies":"Gensokyo:3_Boulders","floor":40.0,"turns":2.0},{"damage":0.0,"enemies":"Gensokyo:Kasen","floor":43.0,"turns":5.0},{"damage":0.0,"enemies":"Gensokyo:Marisa","floor":46.0,"turns":6.0},{"damage":0.0,"enemies":"Gensokyo:Kasen","floor":48.0,"turns":6.0},{"damage":0.0,"enemies":"Gensokyo:4_Bats","floor":49.0,"turns":3.0},{"damage":0,"enemies":"Gensokyo:Sharpion","floor":50,"turns":4},{"damage":51,"enemies":"Gensokyo:Shinki","floor":52,"turns":11}],"seed_played":"70675885955910046","potions_obtained":[{"floor":1.0,"key":"Elixir"},{"floor":10.0,"key":"GamblersBrew"},{"floor":16.0,"key":"Block Potion"}],"is_trial":false,"path_per_floor":["M","$","M","T","?","R","E","?","T","E","M","M","E","?","R","B",null,"M","COS","M","M","M","E","R","E","T","R","E","R","?","M","R","B",null,"M","T","M","PTL","PTL","M","?","R","E","R","T","E","?","E","M","M","R","B"],"character_chosen":"Decade","items_purchased":["BargainBundle","Explosive Potion","Dexterity Potion","KamenRideFaiz","FormRide","PrometheusPower","UnarmedAttack7","UnarmedAttack1","War Paint","ClockworkSouvenir","Medical Kit","Peace Pipe","Divine Protection","KamenRideHibiki","UnarmedAttack3","FormRide","Blade_Beat","UnarmedAttack1"],"campfire_rested":0,"item_purchase_floors":[2,2,2,2,2,2,2,2,32,32,32,32,32,32,32,32,32,32],"current_hp_per_floor":[70,70,70,70,84,84,78,46,46,53,62,64,86,68,68,72,91,84,84,82,77,75,80,80,75,75,75,91,91,91,80,80,91,91,91,91,91,91,91,91,91,91,91,91,91,91,91,91,91,91,91,67,67],"gold":511,"neow_bonus":"RANDOM_EVENT","is_daily":false,"chose_seed":false,"campfire_upgraded":7,"win_rate":0.0,"timestamp":1612602426,"path_taken":["M","?","M","?","?","R","E","?","T","E","M","?","E","?","R","BOSS","M","COS","M","M","M","E","R","E","T","R","E","R","?","M","R","BOSS","M","?","?","PTL","PTL","M","?","R","E","R","T","E","?","E","M","M","R","BOSS"],"items_purchased_type":["Relic","Potion","Potion","Card","Card","Card","Card","Card","Relic","Relic","Relic","Relic","Relic","Card","Card","Card","Card","Card"],"build_version":"2020-12-22","purchased_purges":2,"victory":false,"max_hp_per_floor":[84,84,84,84,84,84,84,84,84,84,84,84,91,91,91,91,91,91,91,91,91,91,91,91,91,91,91,91,91,91,91,91,91,91,91,91,91,91,91,91,91,91,91,91,91,91,91,91,91,91,91,91,91],"card_choices":[{"not_picked":["Decade_Dash1","FormRideDragon"],"picked":"Blade_Metal","floor":1.0},{"not_picked":["RideBooker","MirrorWorld"],"picked":"Blade_Beat","floor":1.0},{"not_picked":["AutoVajin","Kiva_Bats"],"picked":"KamenRideKuuga","floor":3.0},{"not_picked":["UnarmedAttack7","DragClaw"],"picked":"Kiva_Swallow","floor":7.0},{"not_picked":["DenO_Sword","KamenRideRyuki"],"picked":"UnarmedAttack8","floor":7.0},{"not_picked":["DenO_Ax","UnarmedAttack1"],"picked":"Blade_Beat","floor":10.0},{"not_picked":["KamenRideKabuto","UnarmedAttack4"],"picked":"DenO_Sword","floor":11.0},{"not_picked":["Kabuto_ClockUp","Kiva_Eat"],"picked":"Kuuga_Rising","floor":16.0},{"not_picked":["UnarmedAttack9","Kiva_Eat"],"picked":"DenO_Climax","floor":16.0},{"not_picked":["DenO_Sword","DenO_Ax"],"picked":"UnarmedAttack3","floor":18.0},{"not_picked":["FormRideTitan","Hibiki_Attack1"],"picked":"UnarmedAttack6","floor":20.0},{"not_picked":["KamenRideKuuga+1","Blade_Mach+1"],"picked":"Blade_Metal+1","floor":20.0},{"not_picked":["Decade_Dash2+1","DenO_Climax"],"picked":"UnarmedAttack1+1","floor":23.0},{"not_picked":["Hibiki_FEVER","UnarmedAttack5"],"picked":"RideBooker_Skill_1","floor":25.0},{"not_picked":["FormRideGaruru","FormRideBasshaa+1"],"picked":"RideBooker","floor":28.0},{"not_picked":["DenO_Rod","UnarmedAttack9"],"picked":"DragShield","floor":28.0},{"not_picked":["Hibiki_FEVER","UnarmedAttack9"],"picked":"DenO_Climax","floor":33.0},{"not_picked":["UnarmedAttack3","Hibiki_Attack2"],"picked":"KamenRideDecade","floor":35.0},{"not_picked":["Decade_Dash1+1","FormRide+1"],"picked":"DecadeViolentEmotion","floor":43.0},{"not_picked":["Gensokyo:SalamanderShield","Gensokyo:NewMoon"],"picked":"Gensokyo:BrilliantDragonBullet","floor":47.0},{"not_picked":["Blade_Slash","Kabuto_ClockUp"],"picked":"Kiva_Swallow","floor":48.0},{"not_picked":["PhotonAcceleration","UnarmedAttack7+1"],"picked":"RideBooker_Skill_2","floor":49.0}],"player_experience":441287,"relics_obtained":[{"floor":4.0,"key":"UnicornStump"},{"floor":7.0,"key":"Replay:Bottled Steam"},{"floor":9.0,"key":"Replay:Accelerometer"},{"floor":10.0,"key":"SalivaCoin"},{"floor":13.0,"key":"Strawberry"},{"floor":25.0,"key":"InkBottle"},{"floor":26.0,"key":"CaptainsWheel"},{"floor":28.0,"key":"Mirror"},{"floor":43.0,"key":"Replay:Wax Seal"},{"floor":45.0,"key":"ReplayFunnel"},{"floor":46.0,"key":"Replay:Rubber Ducky"},{"floor":48.0,"key":"Toy Ornithopter"}],"event_choices":[],"is_beta":false,"boss_relics":[{"not_picked":["Coffee Dripper","Replay:Grab Bag"],"picked":"Sozu"},{"not_picked":[]},{"not_picked":["Abe\u0027s Treasure","ReplayTheSpireMod:DimensionalGlitch"],"picked":"Empty Cage"},{"not_picked":[]}],"items_purged_floors":[2,32],"is_endless":false,"potions_floor_spawned":[1,10,16,20,21,31,35,40,48,49],"killed_by":"Gensokyo:Shinki","ascension_level":1}}