{"host":"7ap89n2sm7vm35bt","time":1612622279,"event":{"mods":["AchievementEnabler","Aspiration","BaseMod","Minty Spire (QoL Compilation)","StSLib","[IsaacMod]ÒÔÈö¼âËþ"],"gold_per_floor":[114,127,127,52,52,52,72,92,168,187,187,187,87,106,106,106,106],"floor_reached":16,"language":"ZHS","playtime":490,"items_purged":["Strike_R","Strike_R"],"score":92,"play_id":"a9b5e1eb-19c0-4b68-8310-aec8a294d667","local_time":"20210206223759","is_ascension_mode":false,"campfire_choices":[{"data":"Bash","floor":6.0,"key":"SMITH"},{"data":"True Grit","floor":15,"key":"SMITH"}],"circlet_count":0,"master_deck":["Strike_R","Strike_R","Defend_R","Defend_R","Defend_R","Defend_R","Bash+1","Wild Strike","True Grit+1","Thunderclap"],"relics":["Burning Blood","HushsDoor","YumHeart","aspiration:BabyByrd","aspiration:FrozenJewel","Blue Candle","WingedGreaves"],"acts_visited":["Exordium"],"potions_floor_usage":[16],"damage_taken":[{"damage":11.0,"enemies":"Small Slimes","floor":1.0,"turns":4.0},{"damage":8.0,"enemies":"Cultist","floor":2.0,"turns":5.0},{"damage":0.0,"enemies":"2 Louse","floor":7.0,"turns":3.0},{"damage":9.0,"enemies":"2 Fungi Beasts","floor":8.0,"turns":3.0},{"damage":4.0,"enemies":"Exordium Thugs","floor":10.0,"turns":5.0},{"damage":0.0,"enemies":"Blue Slaver","floor":14.0,"turns":3.0},{"damage":94,"enemies":"Hexaghost","floor":16,"turns":14}],"seed_played":"6401116133163206083","potions_obtained":[{"floor":1.0,"key":"SneckoOil"},{"floor":8.0,"key":"Swift Potion"}],"is_trial":false,"path_per_floor":["M","M","?","$","?","R","M","M","T","M","T","?","$","M","R","B"],"character_chosen":"IRONCLAD","items_purchased":[],"campfire_rested":0,"item_purchase_floors":[],"current_hp_per_floor":[83,81,81,81,81,81,87,84,84,86,86,61,61,67,67,0,0],"gold":106,"neow_bonus":"TEN_PERCENT_HP_BONUS","is_daily":false,"chose_seed":false,"campfire_upgraded":2,"win_rate":0.0,"timestamp":1612622279,"path_taken":["M","M","?","$","?","R","M","M","T","M","?","?","$","?","R","BOSS"],"items_purchased_type":[],"build_version":"2020-12-22","purchased_purges":2,"victory":false,"max_hp_per_floor":[88,88,88,88,88,88,88,88,88,88,88,88,88,88,88,88,88],"card_choices":[{"not_picked":["Battle Trance","Anger","Uppercut"],"picked":"SKIP","floor":1.0},{"not_picked":["Heavy Blade","Demon Form"],"picked":"Wild Strike","floor":2.0},{"not_picked":["Havoc","Body Slam"],"picked":"True Grit","floor":7.0},{"not_picked":["Infernal Blade","Perfected Strike","Shockwave"],"picked":"SKIP","floor":8.0},{"not_picked":["Headbutt","Anger"],"picked":"Thunderclap","floor":10.0},{"not_picked":["Anger","Sword Boomerang","Pommel Strike"],"picked":"SKIP","floor":14.0}],"player_experience":255124,"relics_obtained":[{"floor":9.0,"key":"aspiration:FrozenJewel"},{"floor":11.0,"key":"Blue Candle"}],"event_choices":[{"cards_removed":["Strike_R"],"damage_healed":0.0,"max_hp_gain":0.0,"max_hp_loss":0.0,"gold_gain":0.0,"event_name":"Purifier","player_choice":"Purged","floor":3.0,"gold_loss":0.0,"damage_taken":0.0},{"damage_healed":0.0,"max_hp_gain":0.0,"max_hp_loss":0.0,"gold_gain":0.0,"event_name":"Scrap Ooze","player_choice":"Success","floor":12.0,"gold_loss":0.0,"damage_taken":25.0,"relics_obtained":["WingedGreaves"]}],"is_beta":false,"boss_relics":[],"items_purged_floors":[4,13],"is_endless":false,"potions_floor_spawned":[1,8],"killed_by":"Hexaghost","ascension_level":0}}