{"host":"7gewg82ormp6yt4e","time":1612621754,"event":{"mods":["BaseMod","Block Reminder","Colored Map","DeckTracker","Highlight Path","Minty Spire (QoL Compilation)","Relic Stats","StSLib","ojb\u0027s Info Mod"],"gold_per_floor":[113,113,123,123,142,168,185,215,261,277,304,304,304,334,334,405,405,418,437,387,407,63,63,95,95,120,35,60,60,60,94,94,172,172,189,464,464,120,120,132,172,184,250,294,134,134,165,180,180,180,180,180,180,16,45,45],"floor_reached":57,"language":"JPN","playtime":5244,"items_purged":["Strike_P"],"score":3415,"play_id":"fd12a03e-37d4-4e95-90ae-86c390246ba7","local_time":"20210206232913","is_ascension_mode":true,"campfire_choices":[{"data":"WaveOfTheHand","floor":12.0,"key":"SMITH"},{"data":"Wallop","floor":15.0,"key":"SMITH"},{"data":"SpiritShield","floor":23.0,"key":"SMITH"},{"data":"CrushJoints","floor":25.0,"key":"SMITH"},{"data":"SandsOfTime","floor":32.0,"key":"SMITH"},{"floor":40.0,"key":"RECALL"},{"data":"Vigilance","floor":46.0,"key":"SMITH"},{"data":"Wireheading","floor":49.0,"key":"SMITH"},{"data":"Tantrum","floor":53.0,"key":"SMITH"}],"circlet_count":0,"master_deck":["AscendersBane","Strike_P+1","Defend_P","Defend_P","Eruption+1","Vigilance+1","BowlingBash","CarveReality","CrushJoints+1","Sanctity","InnerPeace","WaveOfTheHand+1","EmptyMind","EmptyMind","Wallop+1","SpiritShield+1","Swivel","BattleHymn","DeceiveReality","Wireheading+1","SpiritShield+1","SandsOfTime+1","Vault","ThirdEye","SpiritShield+1","Tantrum+1","WheelKick","Swivel+1","TalkToTheHand"],"relics":["Coffee Dripper","Potion Belt","Gremlin Horn","Bag of Marbles","Omamori","PreservedInsect","Snecko Eye","Oddly Smooth Stone","Bag of Preparation","Whetstone","Orichalcum","Juzu Bracelet","Blood Vial","Calling Bell","Happy Flower","White Beast Statue","FossilizedHelix","Toy Ornithopter","DollysMirror","MawBank","Ancient Tea Set","Singing Bowl","ClockworkSouvenir","Art of War","Orrery","Bronze Scales"],"acts_visited":["Exordium","TheCity","TheBeyond","TheEnding"],"potions_floor_usage":[56,56,56,56,56,56,56,56,56,56,56],"damage_taken":[{"damage":1.0,"enemies":"Cultist","floor":1.0,"turns":4.0},{"damage":0.0,"enemies":"Jaw Worm","floor":3.0,"turns":2.0},{"damage":0.0,"enemies":"2 Louse","floor":5.0,"turns":2.0},{"damage":1.0,"enemies":"3 Sentries","floor":6.0,"turns":4.0},{"damage":5.0,"enemies":"Lots of Slimes","floor":7.0,"turns":4.0},{"damage":7.0,"enemies":"Lagavulin","floor":8.0,"turns":6.0},{"damage":0.0,"enemies":"Exordium Thugs","floor":10.0,"turns":1.0},{"damage":12.0,"enemies":"3 Sentries","floor":11.0,"turns":7.0},{"damage":16.0,"enemies":"Lagavulin","floor":14.0,"turns":7.0},{"damage":0.0,"enemies":"Slime Boss","floor":16.0,"turns":6.0},{"damage":1.0,"enemies":"2 Thieves","floor":18.0,"turns":4.0},{"damage":0.0,"enemies":"Chosen","floor":19.0,"turns":4.0},{"damage":16.0,"enemies":"Shelled Parasite and Fungi","floor":21.0,"turns":5.0},{"damage":3.0,"enemies":"Slavers","floor":24.0,"turns":3.0},{"damage":0.0,"enemies":"Book of Stabbing","floor":28.0,"turns":4.0},{"damage":0.0,"enemies":"Gremlin Leader","floor":31.0,"turns":4.0},{"damage":0.0,"enemies":"Collector","floor":33.0,"turns":7.0},{"damage":0.0,"enemies":"3 Darklings","floor":35.0,"turns":3.0},{"damage":12.0,"enemies":"Reptomancer","floor":41.0,"turns":10.0},{"damage":7.0,"enemies":"Nemesis","floor":44.0,"turns":5.0},{"damage":0.0,"enemies":"Reptomancer","floor":47.0,"turns":5.0},{"damage":0.0,"enemies":"Orb Walker","floor":48.0,"turns":2.0},{"damage":0.0,"enemies":"Donu and Deca","floor":50.0,"turns":8.0},{"damage":16.0,"enemies":"Time Eater","floor":51.0,"turns":16.0},{"damage":0,"enemies":"Shield and Spear","floor":55,"turns":5},{"damage":1,"enemies":"The Heart","floor":56,"turns":13}],"seed_played":"-275766477269857669","potions_obtained":[{"floor":3.0,"key":"SteroidPotion"},{"floor":5.0,"key":"Explosive Potion"},{"floor":6.0,"key":"PowerPotion"},{"floor":7.0,"key":"SkillPotion"},{"floor":14.0,"key":"PowerPotion"},{"floor":18.0,"key":"Fire Potion"},{"floor":31.0,"key":"SpeedPotion"},{"floor":33.0,"key":"Fruit Juice"},{"floor":35.0,"key":"PowerPotion"},{"floor":41.0,"key":"EntropicBrew"},{"floor":44.0,"key":"Block Potion"},{"floor":48.0,"key":"EntropicBrew"}],"is_trial":false,"path_per_floor":["M","?","M","?","M","E","M","E","T","M","E","R","?","E","R","B",null,"M","M","?","M","$","R","E","R","T","?","E","?","?","E","R","B",null,"M","?","?","$","?","R","E","?","T","E","$","R","E","M","R","B","B",null,"R","$","E","B",null],"character_chosen":"WATCHER","items_purchased":["Oddly Smooth Stone","BlessingOfTheForge","Weak Potion","Toy Ornithopter","DollysMirror","ClockworkSouvenir","Orrery"],"campfire_rested":0,"item_purchase_floors":[22,22,22,38,38,45,54],"current_hp_per_floor":[60,60,60,60,60,59,54,47,47,47,35,35,35,19,19,19,56,55,55,55,39,39,39,36,36,36,36,36,36,36,36,36,38,61,68,68,68,68,68,68,58,58,58,53,53,53,57,59,59,61,47,65,65,73,77,81],"gold":45,"neow_bonus":"BOSS_RELIC","is_daily":false,"chose_seed":false,"campfire_upgraded":8,"win_rate":0.0,"timestamp":1612621753,"path_taken":["M","?","M","?","M","E","M","E","T","?","E","R","?","E","R","BOSS","M","M","?","?","$","R","E","R","T","?","E","?","?","E","R","BOSS","M","?","?","?","?","R","E","?","T","E","$","R","E","M","R","BOSS","BOSS","R","$","E","BOSS"],"items_purchased_type":["Relic","Potion","Potion","Relic","Relic","Relic","Relic"],"build_version":"2020-12-22","purchased_purges":1,"victory":true,"max_hp_per_floor":[68,68,68,68,68,68,68,68,68,68,68,68,68,68,68,68,68,68,68,68,68,68,68,68,68,68,68,68,68,68,68,68,68,68,73,73,73,73,73,73,73,69,69,69,69,69,71,71,71,71,71,71,71,79,81,81],"relic_stats":{"Gremlin Horn":[27,27],"Happy Flower":[22],"Singing Bowl":12,"counters":[26,141],"PreservedInsect":382,"Bag of Preparation":[24],"Juzu Bracelet":3,"Whetstone":["Eruption","Strike_P"],"Orichalcum":[30],"MawBank":72,"Blood Vial":20,"Bronze Scales":[147],"Snecko Eye":[197,202,186,200],"Art of War":[11],"obtain_stats":[{"Gremlin Horn":8,"Singing Bowl":44,"Bag of Preparation":24,"Juzu Bracelet":28,"Whetstone":26,"Ancient Tea Set":41,"ClockworkSouvenir":45,"Blood Vial":31,"DollysMirror":38,"Potion Belt":6,"Happy Flower":34,"Oddly Smooth Stone":22,"PreservedInsect":14,"Omamori":11,"Orichalcum":27,"MawBank":39,"White Beast Statue":34,"Calling Bell":34,"Bronze Scales":55,"Snecko Eye":17,"Orrery":54,"Coffee Dripper":0,"Bag of Marbles":9,"Art of War":47,"PureWater":0,"FossilizedHelix":34,"Toy Ornithopter":38},{"Gremlin Horn":6,"Singing Bowl":20,"Bag of Preparation":14,"Juzu Bracelet":15,"Whetstone":14,"Ancient Tea Set":19,"ClockworkSouvenir":20,"Blood Vial":16,"DollysMirror":18,"Potion Belt":4,"Happy Flower":17,"Oddly Smooth Stone":13,"PreservedInsect":9,"Omamori":8,"Orichalcum":14,"MawBank":18,"White Beast Statue":17,"Calling Bell":17,"Bronze Scales":25,"Snecko Eye":10,"Orrery":24,"Coffee Dripper":0,"Bag of Marbles":6,"Art of War":21,"PureWater":0,"FossilizedHelix":17,"Toy Ornithopter":18},{"Gremlin Horn":22,"Singing Bowl":92,"Bag of Preparation":59,"Juzu Bracelet":63,"Whetstone":59,"Ancient Tea Set":87,"ClockworkSouvenir":92,"Blood Vial":67,"DollysMirror":77,"Potion Belt":12,"Happy Flower":74,"Oddly Smooth Stone":56,"PreservedInsect":37,"Omamori":30,"Orichalcum":59,"MawBank":77,"White Beast Statue":74,"Calling Bell":74,"Bronze Scales":128,"Snecko Eye":43,"Orrery":123,"Coffee Dripper":0,"Bag of Marbles":22,"Art of War":97,"PureWater":0,"FossilizedHelix":74,"Toy Ornithopter":77}],"Toy Ornithopter":3},"card_choices":[{"not_picked":["FollowUp","CutThroughFate"],"picked":"BowlingBash","floor":1.0},{"not_picked":["Vengeance","Study"],"picked":"CrushJoints","floor":3.0},{"not_picked":["Evaluate","Fasting2"],"picked":"Sanctity","floor":5.0},{"not_picked":["JustLucky","CrushJoints"],"picked":"InnerPeace","floor":6.0},{"not_picked":["EmptyFist","Conclude"],"picked":"WaveOfTheHand","floor":7.0},{"not_picked":["Conclude","Protect"],"picked":"EmptyMind","floor":8.0},{"not_picked":["FlyingSleeves","Prostrate"],"picked":"EmptyMind","floor":10.0},{"not_picked":["Sanctity","LessonLearned"],"picked":"Wallop","floor":11.0},{"not_picked":["Perseverance","CrushJoints","Worship"],"picked":"SKIP","floor":14.0},{"not_picked":["Establishment","Devotion"],"picked":"SpiritShield","floor":16.0},{"not_picked":["SashWhip","WreathOfFlame+1"],"picked":"Swivel","floor":18.0},{"not_picked":["CrushJoints","FollowUp+1"],"picked":"BattleHymn","floor":19.0},{"not_picked":["JustLucky","BowlingBash","Consecrate"],"picked":"SKIP","floor":21.0},{"not_picked":["Pray","SashWhip","BowlingBash"],"picked":"SKIP","floor":24.0},{"not_picked":["Protect","FollowUp"],"picked":"DeceiveReality","floor":28.0},{"not_picked":["FollowUp","FlyingSleeves"],"picked":"SandsOfTime","floor":31.0},{"not_picked":["Brilliance","LessonLearned"],"picked":"Vault","floor":33.0},{"not_picked":["Meditate","Perseverance"],"picked":"ThirdEye","floor":35.0},{"not_picked":["Protect+1","Weave"],"picked":"Tantrum","floor":41.0},{"not_picked":["Indignation","CarveReality"],"picked":"WheelKick","floor":44.0},{"not_picked":["ForeignInfluence+1","Wireheading","CrushJoints"],"picked":"Singing Bowl","floor":47.0},{"not_picked":["SashWhip","WreathOfFlame"],"picked":"Swivel+1","floor":48.0},{"not_picked":["Vengeance","ThirdEye"],"picked":"TalkToTheHand","floor":54.0},{"not_picked":["Wireheading","ForeignInfluence+1","FlyingSleeves+1"],"picked":"Singing Bowl","floor":54.0},{"not_picked":["Consecrate","EmptyFist","Study"],"picked":"Singing Bowl","floor":54.0},{"not_picked":["Alpha","Brilliance","Meditate"],"picked":"Singing Bowl","floor":54.0},{"not_picked":["CarveReality","Alpha","FlyingSleeves"],"picked":"Singing Bowl","floor":54.0},{"not_picked":["Vengeance","Fasting2","EmptyBody"],"picked":"Singing Bowl","floor":55}],"player_experience":2791998,"relics_obtained":[{"floor":6.0,"key":"Potion Belt"},{"floor":8.0,"key":"Gremlin Horn"},{"floor":9.0,"key":"Bag of Marbles"},{"floor":11.0,"key":"Omamori"},{"floor":14.0,"key":"PreservedInsect"},{"floor":24.0,"key":"Bag of Preparation"},{"floor":26.0,"key":"Whetstone"},{"floor":28.0,"key":"Juzu Bracelet"},{"floor":31.0,"key":"Blood Vial"},{"floor":34.0,"key":"Happy Flower"},{"floor":34.0,"key":"White Beast Statue"},{"floor":34.0,"key":"FossilizedHelix"},{"floor":41.0,"key":"Ancient Tea Set"},{"floor":44.0,"key":"Singing Bowl"},{"floor":47.0,"key":"Art of War"},{"floor":55,"key":"Bronze Scales"}],"event_choices":[{"damage_healed":0.0,"max_hp_gain":0.0,"max_hp_loss":0.0,"gold_gain":0.0,"cards_transformed":["Strike_P"],"event_name":"Living Wall","player_choice":"Change","floor":2.0,"gold_loss":0.0,"damage_taken":0.0,"cards_obtained":["CarveReality"]},{"cards_removed":["Strike_P"],"damage_healed":0.0,"max_hp_gain":0.0,"max_hp_loss":0.0,"gold_gain":0.0,"event_name":"Bonfire Elementals","player_choice":"Offered Basic","floor":4.0,"gold_loss":0.0,"damage_taken":0.0},{"damage_healed":0.0,"max_hp_gain":0.0,"max_hp_loss":0.0,"gold_gain":0.0,"event_name":"Golden Wing","player_choice":"Ignored","floor":13.0,"gold_loss":0.0,"damage_taken":0.0},{"damage_healed":0.0,"max_hp_gain":0.0,"max_hp_loss":0.0,"gold_gain":0.0,"event_name":"The Joust","player_choice":"Bet on Murderer","floor":20.0,"gold_loss":50.0,"damage_taken":0.0},{"damage_healed":0.0,"max_hp_gain":0.0,"max_hp_loss":0.0,"gold_gain":0.0,"event_name":"Addict","player_choice":"Obtained Relic","floor":27.0,"gold_loss":85.0,"damage_taken":0.0,"relics_obtained":["Orichalcum"]},{"damage_healed":0.0,"max_hp_gain":0.0,"max_hp_loss":0.0,"gold_gain":0.0,"cards_transformed":["Defend_P"],"event_name":"Transmorgrifier","player_choice":"Transformed","floor":29.0,"gold_loss":0.0,"damage_taken":0.0,"cards_obtained":["Wireheading"]},{"damage_healed":0.0,"max_hp_gain":0.0,"max_hp_loss":0.0,"gold_gain":0.0,"event_name":"Duplicator","player_choice":"Copied","floor":30.0,"gold_loss":0.0,"damage_taken":0.0,"cards_obtained":["SpiritShield"]},{"damage_healed":0.0,"max_hp_gain":0.0,"max_hp_loss":0.0,"gold_gain":275.0,"event_name":"Golden Shrine","player_choice":"Desecrate","floor":36.0,"gold_loss":0.0,"damage_taken":0.0,"cards_obtained":["Regret"]},{"cards_removed":["Defend_P"],"damage_healed":0.0,"max_hp_gain":0.0,"max_hp_loss":0.0,"gold_gain":0.0,"event_name":"Purifier","player_choice":"Purged","floor":37.0,"gold_loss":0.0,"damage_taken":0.0},{"damage_healed":0.0,"max_hp_gain":0.0,"max_hp_loss":0.0,"gold_gain":0.0,"event_name":"WeMeetAgain","player_choice":"Gave Potion","floor":39.0,"gold_loss":0.0,"damage_taken":0.0,"relics_obtained":["MawBank"]},{"damage_healed":0.0,"max_hp_gain":0.0,"max_hp_loss":4.0,"gold_gain":0.0,"event_name":"Winding Halls","player_choice":"Max HP","floor":42.0,"gold_loss":0.0,"damage_taken":0.0}],"is_beta":false,"boss_relics":[{"not_picked":["VioletLotus","Black Star"],"picked":"Snecko Eye"},{"not_picked":["Astrolabe","Philosopher\u0027s Stone"],"picked":"Calling Bell"}],"items_purged_floors":[22],"is_endless":false,"potions_floor_spawned":[3,5,6,7,14,18,31,33,35,41,44,47,48,55],"ascension_level":20}}