{"host":"f8toxsj3bk02pkeu","time":1612579693,"event":{"mods":["BaseMod","Minty Spire (QoL Compilation)","Permanent Neow","Quick Restart","StSLib","SuperFastMode"],"gold_per_floor":[109,55,65,65,76,76,108,128,128,128,141,141,121,61,61,134,134,148,148,148,98,117,117,37,37,37,37,50,50,50,50],"floor_reached":30,"language":"ENG","playtime":531,"items_purged":["Strike_R","Strike_R"],"score":452,"play_id":"8dad1354-8692-4cc3-ac36-8666f2b3df21","local_time":"20210205194813","is_ascension_mode":true,"campfire_choices":[{"data":"Heavy Blade","floor":6.0,"key":"SMITH"},{"data":"Spot Weakness","floor":10,"key":"SMITH"},{"data":"Heavy Blade","floor":12,"key":"SMITH"},{"data":"Pommel Strike","floor":15,"key":"SMITH"},{"data":"Immolate","floor":23,"key":"SMITH"},{"floor":25,"key":"RECALL"},{"data":"Bash","floor":27,"key":"SMITH"},{"data":"Barricade","floor":29,"key":"SMITH"}],"circlet_count":0,"master_deck":["AscendersBane","Strike_R","Strike_R","Strike_R","Defend_R","Defend_R","Defend_R","Defend_R","Bash+1","Pommel Strike+1","Heavy Blade+1","Spot Weakness+1","Shrug It Off","Heavy Blade+1","Immolate+1","Barricade+1"],"relics":["Burning Blood","NeowsBlessing","MealTicket","Dead Branch","The Courier","Runic Pyramid","Paper Frog"],"acts_visited":["Exordium","TheCity"],"potions_floor_usage":[8,18,22,30],"damage_taken":[{"damage":0.0,"enemies":"Jaw Worm","floor":1.0,"turns":1.0},{"damage":0.0,"enemies":"Cultist","floor":3.0,"turns":1.0},{"damage":0.0,"enemies":"2 Louse","floor":5.0,"turns":1.0},{"damage":32.0,"enemies":"3 Sentries","floor":7.0,"turns":6.0},{"damage":4,"enemies":"Red Slaver","floor":8,"turns":2},{"damage":6,"enemies":"Blue Slaver","floor":11,"turns":4},{"damage":22,"enemies":"Slime Boss","floor":16,"turns":9},{"damage":24,"enemies":"2 Thieves","floor":18,"turns":5},{"damage":40,"enemies":"Shell Parasite","floor":22,"turns":4},{"damage":16,"enemies":"Snake Plant","floor":28,"turns":3},{"damage":38,"enemies":"Sentry and Sphere","floor":30,"turns":5}],"seed_played":"7158862184549560443","potions_obtained":[{"floor":3.0,"key":"Weak Potion"},{"floor":5.0,"key":"BlessingOfTheForge"},{"floor":7.0,"key":"BlessingOfTheForge"},{"floor":13,"key":"Fire Potion"},{"floor":22,"key":"AttackPotion"},{"floor":28,"key":"SkillPotion"}],"is_trial":false,"path_per_floor":["M","?","M","$","M","R","E","M","T","R","M","R","?","$","R","B",null,"M","?","?","?","M","R","$","R","T","R","M","R","M"],"character_chosen":"IRONCLAD","items_purchased":[],"campfire_rested":0,"item_purchase_floors":[],"current_hp_per_floor":[74,74,75,75,75,75,49,51,51,51,51,51,51,66,66,50,69,51,66,66,66,32,32,47,47,47,47,37,37,0,0],"gold":50,"neow_bonus":"THREE_ENEMY_KILL","is_daily":false,"chose_seed":false,"campfire_upgraded":7,"win_rate":0.0,"timestamp":1612579693,"path_taken":["M","?","?","$","M","R","E","M","T","R","M","R","?","$","R","BOSS","M","?","?","?","M","R","$","R","T","R","M","R","M"],"items_purchased_type":[],"build_version":"2020-12-22","purchased_purges":2,"victory":false,"max_hp_per_floor":[75,75,75,75,75,75,75,75,75,75,75,75,75,75,75,75,75,75,75,75,75,75,75,75,75,75,75,75,75,75,75],"card_choices":[{"not_picked":["Flex","Cleave"],"picked":"Pommel Strike","floor":1.0},{"not_picked":["Dark Embrace","Sentinel"],"picked":"Heavy Blade","floor":3.0},{"not_picked":["Seeing Red","Havoc"],"picked":"Spot Weakness","floor":5.0},{"not_picked":["Havoc","Shockwave","Burning Pact"],"picked":"SKIP","floor":7.0},{"not_picked":["Carnage","Bloodletting"],"picked":"Shrug It Off","floor":8},{"not_picked":["Rage","Perfected Strike"],"picked":"Heavy Blade","floor":11},{"not_picked":["Brutality","Juggernaut"],"picked":"Immolate","floor":16},{"not_picked":["Second Wind","Warcry","Havoc"],"picked":"SKIP","floor":18},{"not_picked":["Wild Strike","Second Wind","Evolve"],"picked":"SKIP","floor":22},{"not_picked":["Fire Breathing","Disarm"],"picked":"Barricade","floor":28}],"player_experience":975503,"relics_obtained":[{"floor":7.0,"key":"Dead Branch"},{"floor":9,"key":"The Courier"},{"floor":26,"key":"Paper Frog"}],"event_choices":[{"damage_healed":0.0,"max_hp_gain":0.0,"max_hp_loss":0.0,"gold_gain":0.0,"event_name":"WeMeetAgain","player_choice":"Paid Gold","floor":2.0,"gold_loss":54.0,"damage_taken":0.0,"relics_obtained":["MealTicket"]},{"damage_healed":0,"gold_gain":0,"player_choice":"Bought 1 Potion","damage_taken":0,"max_hp_gain":0,"max_hp_loss":0,"event_name":"The Woman in Blue","floor":13,"gold_loss":0},{"damage_healed":15,"gold_gain":0,"player_choice":"Heal","damage_taken":0,"max_hp_gain":0,"max_hp_loss":0,"event_name":"The Library","floor":19,"gold_loss":0},{"damage_healed":0,"gold_gain":0,"player_choice":"Ignored","damage_taken":0,"max_hp_gain":0,"max_hp_loss":0,"event_name":"Vampires","floor":20,"gold_loss":0},{"damage_healed":0,"gold_gain":0,"player_choice":"Bet on Owner","damage_taken":0,"max_hp_gain":0,"max_hp_loss":0,"event_name":"The Joust","floor":21,"gold_loss":50}],"is_beta":false,"boss_relics":[{"not_picked":["Ectoplasm","SacredBark"],"picked":"Runic Pyramid"}],"items_purged_floors":[14,24],"is_endless":false,"potions_floor_spawned":[3,5,7,22,28],"killed_by":"Sentry and Sphere","ascension_level":20}}