{"host":"ky7z67tg8zpdk0g7","time":1612621928,"event":{"mods":["2.2 Compatiblity","BaseMod","Better Third Choice","Bossed Relics","CapriCore","Displayed Cursed Tome","Energized Spire","Halation","Hubris","Minty Spire (QoL Compilation)","Replay The Spire","Shade Mod","Shop Mod","Spire Arcade","StSLib","The Animator"],"gold_per_floor":[124,213,233,233,233,233,265,265,341,375,375,387,430,455,455,560,560,598,598,60,60,70,105,105,136,136,316,331,361,460,476,476,578,578,597,597,607,158,158,184,184,215,242,294,322,371,73,108,108,142,142,142,62,124,160],"floor_reached":56,"language":"RUS","playtime":3218,"items_purged":["animator:Azekura","animator:ZankiKiguchi"],"score":1921,"play_id":"936ec0b6-e783-4a74-a1ae-f103dca7e7b6","local_time":"20210206213208","is_ascension_mode":true,"campfire_choices":[{"data":"animator:Konayuki","floor":6,"key":"SMITH"},{"data":"animator:Lancer","floor":8,"key":"SMITH"},{"data":"animator:Emonzaemon","floor":11,"key":"SMITH"},{"floor":24,"key":"REST"},{"floor":32,"key":"DIG"},{"floor":41,"key":"RECALL"},{"floor":49,"key":"REST"},{"data":"animator:Shichika","floor":52,"key":"SMITH"}],"circlet_count":0,"master_deck":["animator:Strike_Katanagatari+1","animator:Strike+1","animator:Strike+1","animator:Defend+1","animator:Defend+1","animator:Defend+1","animator:Emonzaemon+1","animator:Konayuki+1","animator:Lancer+1","animator:Emilia+1","animator:Emonzaemon+1","animator:Alexander","animator:Shion","animator:Shichika","animator:Biyorigo","animator:TsurugaMeisai","animator:Kaijin+1","animator:Konayuki","animator:Shichika+1","animator:GazelDwargon","animator:UneriGinkaku","animator:Saber","animator:UneriGinkaku+1","animator:IchigoKurosaki","animator:MetalKnight","animator:Rider+1","animator:Nanami+1","animator:RoryMercury+1","animator:HigakiRinne"],"relics":["animator:LivingPicture","animator:TheMissingPiece","animator:PurgingStone","Oddly Smooth Stone","Akabeko","hubris:Potato","hubris:SphereOfDissonance","Ancient Tea Set","Vajra","energizedSpire:NeverEndingSparkler","Anchor","Incense Burner","Nilry\u0027s Codex","Toy Ornithopter","ReplayTheSpireMod:TigerMarble","Mummified Hand","Letter Opener","energizedSpire:DeadBattery","Counterbalance","halation:PapillonHeart","Smiling Mask","Replay:Bandana","hubris:MedicalManual","Bottled Lightning","Blood Vial","OrangePellets","Blue Doll"],"acts_visited":["Exordium","TheCity","TheBeyond","TheEnding"],"potions_floor_usage":[7,16,23,29,55,55,55],"damage_taken":[{"damage":0.0,"enemies":"Small Slimes","floor":1.0,"turns":4.0},{"damage":0.0,"enemies":"Jaw Worm","floor":3.0,"turns":2.0},{"damage":7,"enemies":"Lagavulin","floor":7,"turns":5},{"damage":3,"enemies":"3 Sentries","floor":10,"turns":7},{"damage":0,"enemies":"2 Louse","floor":12,"turns":2},{"damage":0,"enemies":"Replay:BlueRogue","floor":13,"turns":3},{"damage":0,"enemies":"Looter","floor":14,"turns":2},{"damage":30,"enemies":"Hexaghost","floor":16,"turns":4},{"damage":2,"enemies":"3 Byrds","floor":18,"turns":3},{"damage":0,"enemies":"Spheric Guardian","floor":22,"turns":1},{"damage":18,"enemies":"Gremlin Leader","floor":23,"turns":4},{"damage":0,"enemies":"Book of Stabbing","floor":25,"turns":3},{"damage":0,"enemies":"Snake Plant","floor":28,"turns":1},{"damage":0,"enemies":"Centurion and Healer","floor":29,"turns":2},{"damage":0,"enemies":"3 Cultists","floor":31,"turns":3},{"damage":1,"enemies":"Pondfish","floor":33,"turns":9},{"damage":0,"enemies":"3 Darklings","floor":35,"turns":5},{"damage":0,"enemies":"3 Shapes","floor":37,"turns":3},{"damage":6,"enemies":"R_Hoarder","floor":40,"turns":4},{"damage":0,"enemies":"Giant Head","floor":42,"turns":4},{"damage":7,"enemies":"R_Hoarder","floor":44,"turns":4},{"damage":14,"enemies":"Spire Growth","floor":45,"turns":4},{"damage":0,"enemies":"Giant Head","floor":46,"turns":5},{"damage":0,"enemies":"Writhing Mass","floor":48,"turns":2},{"damage":29,"enemies":"hubris:GrandSnecko","floor":50,"turns":5},{"damage":0,"enemies":"Shield and Spear","floor":54,"turns":3},{"damage":12,"enemies":"The Heart","floor":55,"turns":7}],"seed_played":"2835309472255339996","potions_obtained":[{"floor":2.0,"key":"DuplicationPotion"},{"floor":2.0,"key":"Weak Potion"},{"floor":7,"key":"AttackPotion"},{"floor":10,"key":"Adrenaline Potion"},{"floor":16,"key":"AttackPotion"},{"floor":18,"key":"Fire Potion"},{"floor":23,"key":"animator:GrowthPotion"},{"floor":25,"key":"Block Potion"},{"floor":40,"key":"Flashbang"}],"is_trial":false,"path_per_floor":["M","?","M","?","?","R","E","R","T","E","R","M","E","M","R","B",null,"M","?","$","?","M","E","R","E","T","?","M","M","?","M","R","B",null,"M","?","M","$","?","E","R","E","T","E","M","E","$","M","R","B",null,"R","$","E","B",null],"character_chosen":"THE_ANIMATOR","items_purchased":["Anchor","Incense Burner","Counterbalance","Dexterity Potion","Blood Vial","OrangePellets","animator:HigakiRinne"],"campfire_rested":2,"item_purchase_floors":[20,20,38,38,47,47,53],"current_hp_per_floor":[66,66,66,59,59,59,52,52,52,50,50,50,50,50,67,38,68,66,66,66,50,50,33,53,53,53,34,34,39,39,41,41,40,71,71,71,71,71,67,61,61,61,61,54,40,40,40,42,62,35,67,67,67,67,65],"gold":160,"neow_bonus":"RANDOM_COMMON_RELIC","is_daily":false,"chose_seed":false,"campfire_upgraded":4,"win_rate":0.0,"timestamp":1612621928,"path_taken":["M","?","M","?","?","R","E","R","T","E","R","M","E","M","R","BOSS","M","?","$","?","M","E","R","E","T","?","?","M","?","M","R","BOSS","M","?","M","$","?","E","R","E","T","E","M","E","?","M","R","BOSS","R","$","E","BOSS"],"items_purchased_type":["Relic","Relic","Relic","Potion","Relic","Relic","Card"],"build_version":"2020-12-22","purchased_purges":2,"victory":true,"max_hp_per_floor":[66,66,66,66,66,66,66,66,66,67,67,67,67,67,67,68,68,68,68,68,68,68,69,69,69,69,69,69,69,69,71,71,71,71,71,71,71,71,67,67,67,67,67,67,67,67,67,67,67,67,67,67,67,67,67],"card_choices":[{"not_picked":["animator:KyokoSakura","animator:Geryuganshoop"],"picked":"animator:Konayuki","floor":1.0},{"not_picked":["animator:SilverFang","animator:Lu"],"picked":"animator:Lancer","floor":3.0},{"not_picked":["animator:Fredrika","animator:HomuraAkemi"],"picked":"animator:Emonzaemon","floor":7},{"not_picked":["animator:Nanami","animator:Azekura"],"picked":"animator:ZankiKiguchi","floor":10},{"not_picked":["animator:Laby","animator:Berserker"],"picked":"animator:Alexander","floor":12},{"not_picked":["animator:CowGirl","animator:KyokoSakura"],"picked":"animator:Shion","floor":13},{"not_picked":["animator:DwarfShaman","animator:Emonzaemon"],"picked":"animator:Shichika","floor":14},{"not_picked":["animator:Shizu","animator:HomuraAkemi"],"picked":"animator:Biyorigo","floor":16},{"not_picked":["animator:Hitei","animator:Emonzaemon"],"picked":"animator:TsurugaMeisai","floor":18},{"not_picked":["animator:Ara","animator:Gillette","animator:Kuribayashi"],"picked":"SKIP","floor":22},{"not_picked":["animator:Shuna","animator:Hakurou"],"picked":"animator:Kaijin+1","floor":23},{"not_picked":["animator:Rena","animator:Aisha"],"picked":"animator:Konayuki","floor":25},{"not_picked":["animator:Azekura","animator:Emonzaemon"],"picked":"animator:Shichika","floor":28},{"not_picked":["animator:SayakaMiki","animator:Benimaru"],"picked":"animator:GazelDwargon","floor":29},{"not_picked":["animator:Tyuule+1","animator:MumenRider"],"picked":"animator:UneriGinkaku","floor":31},{"not_picked":["animator:Gilgamesh","animator:GoblinSlayer"],"picked":"animator:Saber","floor":33},{"not_picked":["animator:Archer+1","animator:Kuribayashi"],"picked":"animator:UneriGinkaku+1","floor":35},{"not_picked":["animator:Zero","animator:MisakiNakahara"],"picked":"animator:IchigoKurosaki","floor":36},{"not_picked":["animator:AcuraShin","animator:Millim"],"picked":"animator:MetalKnight","floor":40},{"not_picked":["animator:SilverFang+1","animator:SwordMaiden"],"picked":"animator:Rider+1","floor":42},{"not_picked":["animator:AcuraTooru+1","animator:Boros"],"picked":"animator:Nanami+1","floor":44},{"not_picked":["animator:Emonzaemon+1","animator:Melzalgald","animator:Tatsumaki+1"],"picked":"SKIP","floor":46},{"not_picked":["animator:IrohaTamaki","animator:SilverFang+1"],"picked":"animator:RoryMercury+1","floor":48},{"not_picked":["animator:Bozes","animator:Ciel","animator:YaoHaDucy+1"],"picked":"SKIP","floor":54}],"player_experience":94967,"relics_obtained":[{"floor":2.0,"key":"Akabeko"},{"floor":7,"key":"hubris:Potato"},{"floor":9,"key":"hubris:SphereOfDissonance"},{"floor":10,"key":"Ancient Tea Set"},{"floor":13,"key":"Vajra"},{"floor":23,"key":"Toy Ornithopter"},{"floor":25,"key":"ReplayTheSpireMod:TigerMarble"},{"floor":26,"key":"Mummified Hand"},{"floor":32,"key":"Letter Opener"},{"floor":40,"key":"Smiling Mask"},{"floor":42,"key":"Replay:Bandana"},{"floor":44,"key":"hubris:MedicalManual"},{"floor":46,"key":"Bottled Lightning"},{"floor":54,"key":"Blue Doll"}],"event_choices":[{"cards_removed":["animator:Strike"],"damage_healed":0.0,"max_hp_gain":0.0,"max_hp_loss":0.0,"gold_gain":0.0,"event_name":"Golden Wing","player_choice":"Card Removal","floor":4.0,"gold_loss":0.0,"damage_taken":7.0},{"damage_healed":0,"gold_gain":0,"player_choice":"Simplicity","damage_taken":0,"max_hp_gain":0,"max_hp_loss":6,"event_name":"betterThird:BetterWriting","floor":19,"gold_loss":0},{"damage_healed":0,"gold_gain":0,"player_choice":"Obtained Book","damage_taken":16,"max_hp_gain":0,"max_hp_loss":0,"event_name":"Cursed Tome","floor":21,"gold_loss":0},{"damage_healed":0,"gold_gain":180,"player_choice":"GOLD GOLD ","damage_taken":19,"max_hp_gain":0,"max_hp_loss":0,"event_name":"Knowing Skull","floor":27,"potions_obtained":[],"gold_loss":0,"cards_obtained":[]},{"damage_healed":0,"gold_gain":99,"player_choice":"Steal","damage_taken":0,"max_hp_gain":0,"max_hp_loss":0,"event_name":"betterThird:BetterNest","floor":30,"gold_loss":0},{"damage_healed":0,"gold_gain":0,"player_choice":"Memory 1","damage_taken":0,"max_hp_gain":0,"max_hp_loss":0,"event_name":"SensoryStone","floor":36,"gold_loss":0}],"is_beta":false,"boss_relics":[{"not_picked":["halation:PinkAlligatorPlush","halation:MonkeysPaw"],"picked":"energizedSpire:NeverEndingSparkler"},{"not_picked":["halation:HeavySnake","Honey Jar"],"picked":"energizedSpire:DeadBattery"}],"items_purged_floors":[20,38],"is_endless":false,"potions_floor_spawned":[7,10,14,16,18,22,23,25,40,46,54],"ascension_level":1}}