{"host":"c44ey07ufggfw2m8","time":1612595324,"event":{"mods":["2.2 Compatiblity","BaseMod","Colored Map","DeckTracker","Highlight Path","Keyboard Shortcuts","Minty Spire (QoL Compilation)","Permanent Neow","Quick Restart","StSLib","SuperFastMode","UnlockEverythingMod"],"gold_per_floor":[116,116,41,41,61,61,95,17,17,17,17],"floor_reached":10,"language":"KOR","playtime":178,"items_purged":["Pain"],"score":99,"play_id":"8e6c68e4-670d-47b2-a593-4e80c23c31df","local_time":"20210206160844","is_ascension_mode":true,"campfire_choices":[{"data":"Envenom","floor":6,"key":"SMITH"}],"circlet_count":0,"master_deck":["AscendersBane","Strike_G","Strike_G","Strike_G","Strike_G","Defend_G","Defend_G","Defend_G","Defend_G","Survivor","Neutralize","A Thousand Cuts","Envenom+1","Poisoned Stab","Catalyst","Bouncing Flask"],"relics":["Ring of the Snake","Kunai","Peace Pipe","Pantograph","Ornamental Fan"],"acts_visited":["Exordium"],"potions_floor_usage":[],"damage_taken":[{"damage":19,"enemies":"Jaw Worm","floor":1,"turns":6},{"damage":2,"enemies":"Cultist","floor":5,"turns":4},{"damage":24,"enemies":"Lagavulin","floor":7,"turns":8},{"damage":20,"enemies":"Gremlin Nob","floor":10,"turns":3}],"seed_played":"-5237345445758485286","potions_obtained":[{"floor":1,"key":"LiquidBronze"}],"is_trial":false,"path_per_floor":["M","?","$","T","M","R","E","$","T","E"],"character_chosen":"THE_SILENT","items_purchased":["Bouncing Flask"],"campfire_rested":0,"item_purchase_floors":[8],"current_hp_per_floor":[44,44,44,44,42,42,18,18,18,0,0],"gold":17,"neow_bonus":"TRANSFORM_TWO_CARDS","is_daily":false,"chose_seed":false,"campfire_upgraded":1,"win_rate":0.0,"timestamp":1612595324,"path_taken":["M","?","$","?","M","R","E","$","T","E"],"items_purchased_type":["Card"],"build_version":"2020-12-22","purchased_purges":1,"victory":false,"max_hp_per_floor":[70,70,70,70,70,70,70,70,70,70,70],"card_choices":[{"not_picked":["Prepared","Sucker Punch"],"picked":"Poisoned Stab","floor":1},{"not_picked":["Dagger Throw","Outmaneuver"],"picked":"Catalyst","floor":5},{"not_picked":["Phantasmal Killer","Slice","Caltrops"],"picked":"SKIP","floor":7}],"player_experience":110586,"relics_obtained":[{"floor":4,"key":"Peace Pipe"},{"floor":7,"key":"Pantograph"},{"floor":9,"key":"Ornamental Fan"}],"event_choices":[{"damage_healed":0,"gold_gain":0,"player_choice":"Gave Potion","damage_taken":0,"relics_obtained":["Kunai"],"max_hp_gain":0,"max_hp_loss":0,"event_name":"WeMeetAgain","floor":2,"gold_loss":0}],"is_beta":false,"boss_relics":[],"items_purged_floors":[3],"is_endless":false,"potions_floor_spawned":[1],"killed_by":"Gremlin Nob","ascension_level":11}}