{"host":"e326moqq81vao3qq","time":1612588421,"event":{"mods":["BaseMod","Colored Powertips","Highlight Path","Minty Spire (QoL Compilation)","Quick Restart","Relic Stats","Spicy Shops","StSLib","The Bug Knight"],"gold_per_floor":[118,137,137,157,172,207,233,260,307,331,331,356,367,332,332,446,446,473,757,776,18,37,37,56,56,80,80,104,104,113,154,154,253,253,279,279,295,323,343,343,343,343,343,366,29,38,63,63,63,63,63,63,11,11,11],"floor_reached":54,"language":"ENG","playtime":3710,"items_purged":["Regret"],"score":716,"play_id":"4ea6633f-c6ca-470a-8eea-66a8ced3f364","local_time":"20210206001341","is_ascension_mode":false,"campfire_choices":[{"data":"HollowMod:BlackTendrils","floor":11,"key":"SMITH"},{"floor":15,"key":"REST"},{"data":"HollowMod:BlackTendrils","floor":23,"key":"SMITH"},{"data":"HollowMod:FocusHealStart","floor":25,"key":"SMITH"},{"data":"HollowMod:ShadowDash","floor":27,"key":"SMITH"},{"data":"HollowMod:BlackTendrils","floor":32,"key":"SMITH"},{"floor":40,"key":"RECALL"},{"data":"Apotheosis","floor":49,"key":"SMITH"},{"data":"HollowMod:LifebloodCore","floor":52,"key":"SMITH"}],"circlet_count":0,"master_deck":["HollowMod:NailStrikeStart","HollowMod:NailStrikeStart","HollowMod:NailStrikeStart","HollowMod:NailStrikeStart","HollowMod:QuickDashStart","HollowMod:QuickDashStart","HollowMod:QuickDashStart","HollowMod:QuickDashStart","HollowMod:FocusHealStart+1","HollowMod:PogoStrike","HollowMod:WraithStrike+1","HollowMod:CycloneSlash","HollowMod:DungDefenderAura","HollowMod:DescendingDark","HollowMod:BlackTendrils+1","HollowMod:MantisMark","HollowMod:LifebloodCore+1","HollowMod:ShadowDash+1","HollowMod:BlackTendrils+1","HollowMod:DescendingDark+1","HollowMod:CloakDash+1","J.A.X.","HollowMod:BlackTendrils+1","HollowMod:PerfectDash","HollowMod:HuntersJournal+1","HollowMod:VengefulVoid+1","HollowMod:PerfectDash","Apotheosis+1"],"relics":["HollowMod:VesselMask","CeramicFish","Odd Mushroom","Juzu Bracelet","Coffee Dripper","Question Card","Happy Flower","Akabeko","Strange Spoon","Matryoshka","Empty Cage","Blood Vial","StrikeDummy","Lee\u0027s Waffle","Strawberry","HollowMod:KingsBrand"],"acts_visited":["Exordium","TheCity","TheBeyond","TheEnding"],"potions_floor_usage":[0,5,6,6,13,13,22,31,33,33,47,50,50,50],"damage_taken":[{"damage":1,"enemies":"Jaw Worm","floor":1,"turns":4},{"damage":4,"enemies":"2 Louse","floor":2,"turns":3},{"damage":2,"enemies":"Small Slimes","floor":4,"turns":3},{"damage":8,"enemies":"Exordium Thugs","floor":5,"turns":6},{"damage":3,"enemies":"Gremlin Nob","floor":6,"turns":3},{"damage":11,"enemies":"Blue Slaver","floor":7,"turns":6},{"damage":28,"enemies":"The Mushroom Lair","floor":8,"turns":3},{"damage":9,"enemies":"2 Fungi Beasts","floor":10,"turns":3},{"damage":0,"enemies":"Red Slaver","floor":12,"turns":5},{"damage":10,"enemies":"Large Slime","floor":13,"turns":4},{"damage":39,"enemies":"Hexaghost","floor":16,"turns":9},{"damage":5,"enemies":"Chosen","floor":18,"turns":5},{"damage":46,"enemies":"Shell Parasite","floor":20,"turns":8},{"damage":4,"enemies":"3 Cultists","floor":22,"turns":4},{"damage":9,"enemies":"Snecko","floor":24,"turns":4},{"damage":22,"enemies":"Shelled Parasite and Fungi","floor":28,"turns":4},{"damage":16,"enemies":"HollowMod:Nosk","floor":31,"turns":6},{"damage":22,"enemies":"Champ","floor":33,"turns":9},{"damage":17,"enemies":"Orb Walker","floor":35,"turns":3},{"damage":22,"enemies":"3 Darklings","floor":37,"turns":3},{"damage":10,"enemies":"4 Shapes","floor":38,"turns":8},{"damage":87,"enemies":"Spire Growth","floor":39,"turns":6},{"damage":3,"enemies":"Sphere and 2 Shapes","floor":44,"turns":4},{"damage":15,"enemies":"Reptomancer","floor":47,"turns":6},{"damage":62,"enemies":"Donu and Deca","floor":50,"turns":9},{"damage":110,"enemies":"Shield and Spear","floor":54,"turns":6}],"seed_played":"4666507384775761489","potions_obtained":[{"floor":0,"key":"EssenceOfSteel"},{"floor":0,"key":"Fruit Juice"},{"floor":0,"key":"Fire Potion"},{"floor":2,"key":"SteroidPotion"},{"floor":4,"key":"DuplicationPotion"},{"floor":8,"key":"FearPotion"},{"floor":10,"key":"Explosive Potion"},{"floor":13,"key":"Weak Potion"},{"floor":16,"key":"SpeedPotion"},{"floor":20,"key":"Explosive Potion"},{"floor":28,"key":"Strength Potion"},{"floor":37,"key":"Strength Potion"},{"floor":38,"key":"Swift Potion"},{"floor":39,"key":"Dexterity Potion"},{"floor":47,"key":"Regen Potion"}],"is_trial":false,"path_per_floor":["M","M","?","M","M","E","M","?","T","M","R","M","M","?","R","B",null,"M","?","M","$","M","R","M","R","T","R","M","?","?","E","R","B",null,"M","?","M","M","M","R","$","?","T","M","$","?","E","$","R","B",null,"R","$","E"],"character_chosen":"THE_BUGKNIGHT","items_purchased":["HollowMod:BlackTendrils","Question Card","Happy Flower","Akabeko","Strange Spoon","Lee\u0027s Waffle","HollowMod:PerfectDash","Strawberry","PowerPotion"],"campfire_rested":1,"item_purchase_floors":[21,21,21,21,21,45,45,45,53],"current_hp_per_floor":[80,76,76,80,75,72,71,46,46,39,39,39,33,53,77,43,80,80,80,39,39,44,44,35,35,35,35,37,57,57,65,65,80,80,79,79,68,80,19,19,19,19,19,43,94,94,94,94,94,63,94,94,94,0,0],"gold":11,"neow_bonus":"THREE_SMALL_POTIONS","is_daily":false,"chose_seed":false,"campfire_upgraded":7,"win_rate":0.0,"timestamp":1612588421,"path_taken":["M","M","?","M","M","E","M","?","T","M","R","M","M","?","R","BOSS","M","?","M","?","M","R","M","R","T","R","M","?","?","E","R","BOSS","M","?","M","M","M","R","?","?","T","M","$","?","E","$","R","BOSS","R","$","E"],"items_purchased_type":["Card","Relic","Relic","Relic","Relic","Relic","Card","Relic","Potion"],"build_version":"2020-12-22","purchased_purges":1,"victory":false,"max_hp_per_floor":[80,80,80,80,80,80,80,80,80,80,80,80,80,80,80,80,80,80,80,80,80,80,80,80,80,80,80,80,80,80,80,80,80,80,80,80,80,80,80,80,80,80,80,80,94,94,94,94,94,94,94,94,94,94,94],"relic_stats":{"Blood Vial":2,"Strange Spoon":[60],"Lee\u0027s Waffle":44,"Happy Flower":[24],"counters":[26,134],"CeramicFish":162,"Juzu Bracelet":1,"Question Card":12,"obtain_stats":[{"Lee\u0027s Waffle":45,"Happy Flower":21,"CeramicFish":6,"HollowMod:VesselMask":0,"Juzu Bracelet":9,"Odd Mushroom":8,"Question Card":21,"Empty Cage":34,"HollowMod:KingsBrand":47,"Akabeko":21,"Blood Vial":43,"Strange Spoon":21,"Matryoshka":31,"Strawberry":45,"Coffee Dripper":17,"StrikeDummy":43},{"Lee\u0027s Waffle":23,"Happy Flower":13,"CeramicFish":5,"HollowMod:VesselMask":0,"Juzu Bracelet":7,"Odd Mushroom":7,"Question Card":13,"Empty Cage":18,"HollowMod:KingsBrand":24,"Akabeko":13,"Blood Vial":22,"Strange Spoon":13,"Matryoshka":17,"Strawberry":23,"Coffee Dripper":11,"StrikeDummy":22},{"Lee\u0027s Waffle":113,"Happy Flower":62,"CeramicFish":19,"HollowMod:VesselMask":0,"Juzu Bracelet":28,"Odd Mushroom":28,"Question Card":62,"Empty Cage":89,"HollowMod:KingsBrand":119,"Akabeko":62,"Blood Vial":109,"Strange Spoon":62,"Matryoshka":80,"Strawberry":113,"Coffee Dripper":49,"StrikeDummy":109}]},"card_choices":[{"not_picked":["HollowMod:SharpenedNail","HollowMod:HeavyBlow"],"picked":"HollowMod:WraithStrike","floor":1},{"not_picked":["HollowMod:MothsMistake","HollowMod:TaintedHusks"],"picked":"HollowMod:CycloneSlash","floor":2},{"not_picked":["HollowMod:TaintedHusks","HollowMod:DesolateDive"],"picked":"HollowMod:DungDefenderAura","floor":4},{"not_picked":["HollowMod:VengefulSpirit","HollowMod:HornetsHelp"],"picked":"HollowMod:DescendingDark","floor":5},{"not_picked":["HollowMod:Grubsong","HollowMod:InfectedCysts"],"picked":"HollowMod:NewJinnsSoul","floor":6},{"not_picked":["HollowMod:BrokenVessel","HollowMod:SiblingsSouls"],"picked":"HollowMod:BlackTendrils","floor":7},{"not_picked":["HollowMod:SiblingsSouls","HollowMod:DesolateDive"],"picked":"HollowMod:MantisMark","floor":10},{"not_picked":["HollowMod:FallenFury","HollowMod:GreatSlash"],"picked":"HollowMod:LifebloodCore","floor":12},{"not_picked":["HollowMod:SoulSplash","HollowMod:TaintedHusks","HollowMod:BrokenVessel"],"picked":"SKIP","floor":13},{"not_picked":["HollowMod:NewInfectedGuardian","HollowMod:HornetsHelp"],"picked":"HollowMod:Weaversong","floor":16},{"not_picked":["HollowMod:InfectedCysts","HollowMod:VengefulVoid"],"picked":"HollowMod:ShadowDash","floor":18},{"not_picked":["HollowMod:SoulStrike","HollowMod:InfectedCysts"],"picked":"HollowMod:BaldurShell+1","floor":20},{"not_picked":["HollowMod:RecoilStrike","HollowMod:ShapeofUnn","HollowMod:SharpenedNail","HollowMod:VengefulSpirit+1"],"picked":"SKIP","floor":22},{"not_picked":["HollowMod:GreatSlash","HollowMod:RecoilStrike","HollowMod:SharpenedNail+1"],"picked":"HollowMod:DescendingDark+1","floor":24},{"not_picked":["HollowMod:SoulSplash","HollowMod:GrimmsGift","HollowMod:GreatSlash+1"],"picked":"HollowMod:CloakDash+1","floor":28},{"not_picked":["HollowMod:GoodIntentions+1","HollowMod:HornetsHelp","HollowMod:LifebloodCocoon+1"],"picked":"HollowMod:BlackTendrils","floor":31},{"not_picked":["HollowMod:CornifersMapStart+1","HollowMod:Grubsong","HollowMod:DoubleDash"],"picked":"HollowMod:PerfectDash","floor":35},{"not_picked":["HollowMod:InfectedAttack+1","HollowMod:CycloneSlash","HollowMod:ChannelNail+1","HollowMod:TaintedHusks+1"],"picked":"SKIP","floor":37},{"not_picked":["HollowMod:DashSlash","HollowMod:CycloneSlash+1","HollowMod:SoulVessel+1"],"picked":"HollowMod:HuntersJournal+1","floor":38},{"not_picked":["HollowMod:DreamGate","HollowMod:CycloneSlash+1","HollowMod:LifebloodCocoon","HollowMod:NewLittleFool+1"],"picked":"SKIP","floor":39},{"not_picked":["HollowMod:ChannelNail","HollowMod:DreamGate+1","HollowMod:BrokenVessel+1"],"picked":"HollowMod:VengefulVoid+1","floor":44},{"not_picked":["Forethought","The Bomb","HandOfGreed"],"picked":"Apotheosis","floor":46},{"not_picked":["HollowMod:NewLittleFool+1","HollowMod:NewJinnsSoul","HollowMod:GrimmsGift+1","HollowMod:CoiledNail+1"],"picked":"SKIP","floor":47}],"player_experience":227051,"relics_obtained":[{"floor":6,"key":"CeramicFish"},{"floor":8,"key":"Odd Mushroom"},{"floor":9,"key":"Juzu Bracelet"},{"floor":31,"key":"Matryoshka"},{"floor":43,"key":"Blood Vial"},{"floor":43,"key":"StrikeDummy"},{"floor":47,"key":"HollowMod:KingsBrand"}],"event_choices":[{"damage_healed":0,"gold_gain":0,"player_choice":"Fought Mushrooms","damage_taken":0,"max_hp_gain":0,"max_hp_loss":0,"event_name":"Mushrooms","floor":8,"gold_loss":0},{"damage_healed":20,"gold_gain":0,"player_choice":"Healed","damage_taken":0,"max_hp_gain":0,"max_hp_loss":0,"event_name":"The Cleric","floor":14,"gold_loss":35},{"damage_healed":0,"gold_gain":275,"player_choice":"Desecrate","damage_taken":0,"max_hp_gain":0,"max_hp_loss":0,"event_name":"Golden Shrine","floor":19,"gold_loss":0,"cards_obtained":["Regret"]},{"damage_healed":0,"gold_gain":0,"player_choice":"Obtain J.A.X.","damage_taken":0,"max_hp_gain":0,"max_hp_loss":0,"event_name":"Drug Dealer","floor":30,"gold_loss":0,"cards_obtained":["J.A.X."]},{"damage_healed":0,"gold_gain":0,"player_choice":"Upgraded","damage_taken":0,"max_hp_gain":0,"max_hp_loss":0,"event_name":"Upgrade Shrine","floor":36,"gold_loss":0,"cards_upgraded":["HollowMod:WraithStrike"]},{"cards_removed":["HollowMod:Weaversong"],"damage_healed":0,"gold_gain":0,"player_choice":"Removed Power","damage_taken":0,"max_hp_gain":0,"max_hp_loss":0,"event_name":"Falling","floor":42,"gold_loss":0},{"damage_healed":0,"gold_gain":0,"player_choice":"Memory 1","damage_taken":0,"max_hp_gain":0,"max_hp_loss":0,"event_name":"SensoryStone","floor":46,"gold_loss":0}],"is_beta":false,"boss_relics":[{"not_picked":["Fusion Hammer","Runic Dome"],"picked":"Coffee Dripper"},{"not_picked":["Velvet Choker","Astrolabe"],"picked":"Empty Cage"}],"items_purged_floors":[21],"is_endless":false,"potions_floor_spawned":[2,4,8,10,13,16,20,28,37,38,39,47],"killed_by":"Shield and Spear","ascension_level":0}}