{"host":"23qk1co0p3p8qz56","time":1612640561,"event":{"mods":["100% Spire Juice","AchievementEnabler","Act Like it!","Arknights","BaseMod","Better Note","Better Third Choice","BetterRewards","CapriCore","Chen","Colored Map","Downfall","Friendly Minions","Gensokyo","Gold Saver","KinomotoSakuraMod(木之本?)","Koishi","Lobotomy","LobotomyExtend","Marisa（霧雨　魔理沙）","Minty Spire (QoL Compilation)","Prisma Mod","Reimu（博??梦）","Remilia（蕾米莉?）","StSLib","The Administrix","The Alterego","The Animator","The Immortal","The Senshi","Waifu the Spire","WarShipGirlsR/??少女R mod","Yakumo Yukari mod","Yohane!","Yuyuko"],"gold_per_floor":[547,562,562,562,581,581,598,618,643,659,659,659,659,659,659,760,760,777,827,844,701,701,733,733,747,800,800,817,817,836,853,853,950,950,970,970,985,997,1012,1012,1024,984,1009,1022,1036,1049,1060,1080,1080,1080],"floor_reached":51,"language":"ENG","playtime":37967,"items_purged":[],"score":669,"play_id":"a147ce7e-062b-4940-a695-5b96e520387c","local_time":"20210206124241","is_ascension_mode":false,"campfire_choices":[{"data":"PrismaMod:IllyaRubysPotion","floor":6,"key":"SMITH"},{"data":"PrismaMod:IllyaSaphire","floor":11,"key":"SMITH"},{"data":"PrismaMod:IllyaUberChannel","floor":13,"key":"SMITH"},{"data":"PrismaMod:IllyaUncommonDefend","floor":15,"key":"SMITH"},{"data":"PrismaMod:IllyaCarnivalOrbs","floor":24,"key":"SMITH"},{"data":"PrismaMod:IllyaZwei","floor":27,"key":"SMITH"},{"data":"PrismaMod:IllyaCheapChannelDefend","floor":29,"key":"SMITH"},{"data":"PrismaMod:IllyaGrail","floor":32,"key":"SMITH"},{"data":"PrismaMod:IllyaUberPoisonChannel","floor":40,"key":"SMITH"},{"data":"PrismaMod:IllyaGrail","floor":49,"key":"SMITH"}],"circlet_count":0,"master_deck":["PrismaMod:IllyaCommonAttack","PrismaMod:IllyaCommonDefend","PrismaMod:IllyaCommonAttack","PrismaMod:IllyaCommonDefend","PrismaMod:IllyaCommonDefend+1","PrismaMod:IllyaCommonAttack","PrismaMod:IllyaCommonDefend+1","PrismaMod:IllyaCommonAttack","PrismaMod:IllyaUncommonDefend+1","PrismaMod:IllyaRubysPotion+1","PrismaMod:IllyaBoysLove","PrismaMod:IllyaFriendMaker","PrismaMod:IllyaCommandSeal","PrismaMod:IllyaSaphire+1","PrismaMod:IllyaGrail+1","PrismaMod:IllyaUberChannel+1","PrismaMod:IllyaZwei+1","PrismaMod:IllyaMinorZwei+1","PrismaMod:IllyaInstallMoonCancer","PrismaMod:IllyaMinorZwei+1","PrismaMod:IllyaGrail+1","PrismaMod:IllyaCheapChannelDefend+1","PrismaMod:IllyaCarnivalOrbs+1","PrismaMod:IllyaCommandSeal+1","PrismaMod:IllyaHassanGift+1","PrismaMod:IllyaBerserCAR","PrismaMod:IllyaHassanGift+1","PrismaMod:IllyaCarnivalDefend","PrismaMod:IllyaUberPoisonChannel+1","PrismaMod:IllyaCommandSeal+1","PrismaMod:IllyaBlindPoisonToss+1","PrismaMod:IllyaFeed+1","PrismaMod:IllyaPartialInstallAssassin+1","PrismaMod:IllyaCommandSeal+1","PrismaMod:IllyaBoysLove+1","PrismaMod:IllyaStunPoison+1"],"relics":["PrismaMod:PrismaRuby","LetterFromLob","Blood Vial","Bag of Preparation","Nloth\u0027s Gift","Pen Nib","Centennial Puzzle","SlaversCollar","Mastiff:ReiMu"],"acts_visited":["Exordium","TheCity","TheBeyond"],"potions_floor_usage":[18,18,23,33,50,50],"damage_taken":[{"damage":0,"enemies":"Cultist","floor":1,"turns":3},{"damage":2,"enemies":"Small Slimes","floor":2,"turns":5},{"damage":0,"enemies":"Jaw Worm","floor":5,"turns":5},{"damage":6,"enemies":"Large Slime","floor":7,"turns":7},{"damage":0,"enemies":"Blue Slaver","floor":8,"turns":7},{"damage":4,"enemies":"Looter","floor":10,"turns":3},{"damage":8,"enemies":"The Guardian","floor":16,"turns":10},{"damage":12,"enemies":"3 Byrds","floor":18,"turns":6},{"damage":10,"enemies":"2 Thieves","floor":20,"turns":4},{"damage":41,"enemies":"Gremlin Leader","floor":23,"turns":9},{"damage":0,"enemies":"Centurion and Healer","floor":25,"turns":6},{"damage":3,"enemies":"Sentry and Sphere","floor":28,"turns":6},{"damage":0,"enemies":"Snake Plant","floor":30,"turns":4},{"damage":0,"enemies":"Shelled Parasite and Fungi","floor":31,"turns":5},{"damage":17,"enemies":"Collector","floor":33,"turns":8},{"damage":10,"enemies":"3 Shapes","floor":35,"turns":4},{"damage":11,"enemies":"3 Darklings","floor":37,"turns":5},{"damage":21,"enemies":"Transient","floor":38,"turns":5},{"damage":14,"enemies":"Jaw Worm Horde","floor":39,"turns":5},{"damage":2,"enemies":"Spire Growth","floor":41,"turns":5},{"damage":2,"enemies":"Maw","floor":44,"turns":7},{"damage":6,"enemies":"Writhing Mass","floor":45,"turns":6},{"damage":0,"enemies":"Transient","floor":46,"turns":5},{"damage":0,"enemies":"3 Darklings","floor":47,"turns":4},{"damage":9,"enemies":"Spire Growth","floor":48,"turns":7},{"damage":43,"enemies":"Time Eater","floor":50,"turns":10}],"seed_played":"-4917641707777993832","potions_obtained":[{"floor":7,"key":"Ancient Potion"},{"floor":8,"key":"AttackPotion"},{"floor":10,"key":"ColorlessPotion"},{"floor":18,"key":"SteroidPotion"},{"floor":25,"key":"Dexterity Potion"},{"floor":30,"key":"SkillPotion"},{"floor":31,"key":"Dexterity Potion"},{"floor":33,"key":"Dexterity Potion"},{"floor":41,"key":"Regen Potion"},{"floor":46,"key":"LiquidBronze"}],"is_trial":false,"path_per_floor":["M","M","?","?","M","R","M","M","T","M","R","?","R","?","R","B",null,"M","?","M","$","?","E","R","M","T","R","M","R","M","M","R","B",null,"M","?","M","M","M","R","M","?","T","M","M","M","M","M","R","B",null],"character_chosen":"ILLYA","items_purchased":["Bag of Preparation"],"campfire_rested":0,"item_purchase_floors":[21],"current_hp_per_floor":[75,73,73,73,75,75,74,75,75,71,71,71,71,76,76,78,80,73,73,70,70,70,36,36,43,43,43,55,55,62,77,77,73,80,75,75,69,63,64,64,80,80,80,80,79,80,80,72,72,75],"gold":1080,"neow_bonus":"THREE_CARDS","is_daily":false,"chose_seed":false,"campfire_upgraded":10,"win_rate":0.0,"timestamp":1612640561,"path_taken":["M","M","?","?","M","R","M","?","T","M","R","?","R","?","R","BOSS","M","?","M","$","?","E","R","M","T","R","M","R","M","M","R","BOSS","M","?","M","M","?","R","M","?","T","M","?","M","M","M","R","BOSS"],"items_purchased_type":["Relic"],"build_version":"2020-12-22","purchased_purges":0,"victory":true,"max_hp_per_floor":[75,75,75,75,75,75,75,75,75,75,75,75,75,80,80,80,80,80,80,80,80,80,80,80,80,80,80,80,80,80,80,80,80,80,80,80,80,80,80,80,80,80,80,80,80,80,80,80,80,80],"card_choices":[{"not_picked":["PrismaMod:IllyaFeed","PrismaMod:IllyaFriendMaker"],"picked":"PrismaMod:IllyaRubysPotion","floor":0},{"not_picked":["PrismaMod:IllyaFriendMaker","PrismaMod:IllyaBlindPoisonToss"],"picked":"PrismaMod:IllyaBoysLove","floor":1},{"not_picked":["PrismaMod:IllyaFeed","PrismaMod:IllyaGun"],"picked":"PrismaMod:IllyaFriendMaker","floor":2},{"not_picked":["PrismaMod:IllyaPoisoningPhantasm","PrismaMod:IllyaGun"],"picked":"PrismaMod:IllyaCommandSeal","floor":5},{"not_picked":["PrismaMod:IllyaRubysPotion","PrismaMod:IllyaUberChannel"],"picked":"PrismaMod:IllyaSaphire","floor":7},{"not_picked":["PrismaMod:IllyaInstallAlterEgo","PrismaMod:IllyaEvokeAll"],"picked":"PrismaMod:IllyaGrail","floor":8},{"not_picked":["PrismaMod:IllyaUncommonDefend","PrismaMod:IllyaUberPoisonBlock"],"picked":"PrismaMod:IllyaUberChannel","floor":10},{"not_picked":["PrismaMod:IllyaCarnivalPrismaAstolfo","PrismaMod:IllyaUberPoisonChannel"],"picked":"PrismaMod:IllyaZwei","floor":16},{"not_picked":["PrismaMod:IllyaPoisonBlock","PrismaMod:IllyaCommonEvoke"],"picked":"PrismaMod:IllyaGrail","floor":18},{"not_picked":["PrismaMod:IllyaDevil","PrismaMod:IllyaPartialInstallAssassin+1"],"picked":"PrismaMod:IllyaCheapChannelDefend","floor":20},{"not_picked":["PrismaMod:IllyaPoisoningPhantasm","PrismaMod:IllyaStunPoison"],"picked":"PrismaMod:IllyaCarnivalOrbs","floor":23},{"not_picked":["PrismaMod:IllyaRubysPotion","PrismaMod:IllyaCheapChannelDefend"],"picked":"PrismaMod:IllyaCommandSeal+1","floor":25},{"not_picked":["PrismaMod:IllyaRubysPotion","PrismaMod:IllyaSaphire"],"picked":"PrismaMod:IllyaHassanGift+1","floor":28},{"not_picked":["PrismaMod:IllyaFeed","PrismaMod:IllyaMaid"],"picked":"PrismaMod:IllyaBerserCAR","floor":30},{"not_picked":["PrismaMod:IllyaUberPoisonBlock","PrismaMod:IllyaGrailKun"],"picked":"PrismaMod:IllyaHassanGift+1","floor":31},{"not_picked":["PrismaMod:IllyaUberAttackChannel","PrismaMod:IllyaInstallCaster"],"picked":"PrismaMod:IllyaCarnivalDefend","floor":33},{"not_picked":["PrismaMod:IllyaGun","PrismaMod:IllyaUncommonAttack+1"],"picked":"PrismaMod:IllyaUberPoisonChannel","floor":35},{"not_picked":["PrismaMod:IllyaUberPoisonBlock","PrismaMod:IllyaAssassinRevenge+1"],"picked":"PrismaMod:IllyaBlindPoisonToss+1","floor":37},{"not_picked":["PrismaMod:IllyaCheapChannelAttack+1","PrismaMod:IllyaEvokeAll"],"picked":"PrismaMod:IllyaFeed+1","floor":38},{"not_picked":["PrismaMod:IllyaGun+1","PrismaMod:IllyaDualEvoke+1","PrismaMod:IllyaCheapChannelAttack"],"picked":"SKIP","floor":39},{"not_picked":["PrismaMod:IllyaCheapChannelPoison","PrismaMod:IllyaAOECommonAttack"],"picked":"PrismaMod:IllyaPartialInstallAssassin+1","floor":41},{"not_picked":["PrismaMod:IllyaInstallAssassin","PrismaMod:IllyaSaphire"],"picked":"PrismaMod:IllyaCommandSeal+1","floor":44},{"not_picked":["PrismaMod:IllyaReinForce","PrismaMod:IllyaRussianRoulette"],"picked":"PrismaMod:IllyaBoysLove+1","floor":45},{"not_picked":["PrismaMod:IllyaPartialInstallAssassin+1","PrismaMod:IllyaEvokeAll","PrismaMod:IllyaBoysLove"],"picked":"SKIP","floor":46},{"not_picked":["PrismaMod:IllyaAlice","PrismaMod:IllyaFriendMaker+1","PrismaMod:IllyaMinorZwei"],"picked":"SKIP","floor":47},{"not_picked":["PrismaMod:IllyaUpgradeOrbs","PrismaMod:IllyaCheapChannelAttack+1"],"picked":"PrismaMod:IllyaStunPoison+1","floor":48}],"player_experience":64654,"relics_obtained":[{"floor":1,"key":"LetterFromLob"},{"floor":9,"key":"Blood Vial"},{"floor":23,"key":"Pen Nib"},{"floor":26,"key":"Centennial Puzzle"},{"floor":43,"key":"Mastiff:ReiMu"}],"event_choices":[{"damage_healed":0,"gold_gain":0,"player_choice":"Leave","damage_taken":0,"max_hp_gain":0,"max_hp_loss":0,"event_name":"The Cleric","floor":3,"gold_loss":0},{"damage_healed":0,"gold_gain":0,"player_choice":"Ignored","damage_taken":0,"max_hp_gain":0,"max_hp_loss":0,"event_name":"Golden Wing","floor":12,"gold_loss":0},{"damage_healed":0,"gold_gain":0,"player_choice":"Donut","damage_taken":0,"max_hp_gain":5,"max_hp_loss":0,"event_name":"Big Fish","floor":14,"gold_loss":0},{"damage_healed":0,"gold_gain":100,"player_choice":"Bet on Murderer","damage_taken":0,"max_hp_gain":0,"max_hp_loss":0,"event_name":"The Joust","floor":19,"gold_loss":50},{"damage_healed":0,"gold_gain":0,"player_choice":"Traded Relic","damage_taken":0,"relics_obtained":["Nloth\u0027s Gift"],"max_hp_gain":0,"max_hp_loss":0,"event_name":"N\u0027loth","floor":22,"relics_lost":["Astrolabe"],"gold_loss":0},{"damage_healed":0,"gold_gain":0,"player_choice":"Copied","damage_taken":0,"max_hp_gain":0,"max_hp_loss":0,"event_name":"Duplicator","floor":36,"gold_loss":0,"cards_obtained":["PrismaMod:IllyaCommandSeal"]},{"damage_healed":0,"gold_gain":0,"player_choice":"Upgraded Two","damage_taken":0,"max_hp_gain":0,"max_hp_loss":0,"event_name":"Designer","floor":42,"gold_loss":40,"cards_upgraded":["PrismaMod:IllyaCommonDefend","PrismaMod:IllyaCommonDefend"]}],"is_beta":false,"boss_relics":[{"not_picked":["bronze:MakeshiftBattery","Ectoplasm"],"picked":"Astrolabe"},{"not_picked":["Philosopher\u0027s Stone","Runic Dome"],"picked":"SlaversCollar"}],"items_purged_floors":[],"is_endless":false,"potions_floor_spawned":[7,8,10,16,18,25,30,31,33,39,41,45,46,48],"ascension_level":0}}