{"host":"uv5ws9rdk87e8i5k","time":1612636914,"event":{"mods":["AchievementEnabler","BaseMod","Colored Map","Minty Spire (QoL Compilation)","Permanent Neow","Quick Restart","StSLib","SuperFastMode","The Necromancer"],"gold_per_floor":[116,116,134,144,158,190,190,223,276,276,288,319,337,355,355,355,355],"floor_reached":16,"language":"ENG","playtime":327,"items_purged":[],"score":149,"play_id":"00978d21-12d9-4831-8df1-9c67e34b64c1","local_time":"20210206124154","is_ascension_mode":true,"campfire_choices":[{"data":"Feed","floor":10,"key":"SMITH"},{"data":"Perfected Strike","floor":15,"key":"SMITH"}],"circlet_count":0,"master_deck":["Strike_R","Strike_R","Strike_R","Strike_R","Defend_R","Defend_R","Defend_R","Defend_R","Bash","Thunderclap","Armaments+1","Twin Strike","Clash","Flame Barrier","Feed+1","Clash","Perfected Strike+1","Dual Wield"],"relics":["Velvet Choker","Letter Opener","Bottled Lightning","Bag of Marbles","Happy Flower"],"acts_visited":["Exordium"],"potions_floor_usage":[12,14,16,16],"damage_taken":[{"damage":0.0,"enemies":"Small Slimes","floor":1.0,"turns":2.0},{"damage":7.0,"enemies":"Jaw Worm","floor":3.0,"turns":3.0},{"damage":0.0,"enemies":"Cultist","floor":4.0,"turns":2.0},{"damage":2.0,"enemies":"2 Fungi Beasts","floor":5.0,"turns":3.0},{"damage":12.0,"enemies":"Lagavulin","floor":6.0,"turns":4.0},{"damage":17.0,"enemies":"Gremlin Nob","floor":8.0,"turns":4.0},{"damage":0,"enemies":"3 Louse","floor":11,"turns":2},{"damage":20,"enemies":"3 Sentries","floor":12,"turns":8},{"damage":1,"enemies":"Exordium Thugs","floor":13,"turns":3},{"damage":0,"enemies":"2 Fungi Beasts","floor":14,"turns":2},{"damage":18,"enemies":"The Guardian","floor":16,"turns":4}],"seed_played":"4516819215606935889","potions_obtained":[{"floor":1.0,"key":"BloodPotion"},{"floor":8,"key":"Regen Potion"},{"floor":11,"key":"FearPotion"},{"floor":13,"key":"FairyPotion"},{"floor":14,"key":"AttackPotion"}],"is_trial":false,"path_per_floor":["M","?","M","M","M","E","?","E","T","R","M","E","M","M","R","B"],"character_chosen":"IRONCLAD","items_purchased":[],"campfire_rested":0,"item_purchase_floors":[],"current_hp_per_floor":[80,73,66,66,64,52,52,35,35,35,39,38,41,59,59,41,41],"gold":355,"neow_bonus":"BOSS_RELIC","is_daily":false,"chose_seed":false,"campfire_upgraded":2,"win_rate":0.0,"timestamp":1612636914,"path_taken":["M","?","M","M","M","E","?","E","T","R","M","E","M","M","R","BOSS"],"items_purchased_type":[],"build_version":"2020-12-22","purchased_purges":0,"victory":false,"max_hp_per_floor":[80,80,80,80,80,80,80,80,80,80,84,88,92,92,92,92,92],"card_choices":[{"not_picked":["Intimidate","Sentinel"],"picked":"Thunderclap","floor":1.0},{"not_picked":["Clothesline","Dual Wield"],"picked":"Armaments","floor":3.0},{"not_picked":["Shrug It Off","Juggernaut"],"picked":"Twin Strike","floor":4.0},{"not_picked":["Warcry","Bloodletting"],"picked":"Clash","floor":5.0},{"not_picked":["Bloodletting","Clothesline"],"picked":"Flame Barrier","floor":6.0},{"not_picked":["Body Slam","Clothesline"],"picked":"Feed","floor":8},{"not_picked":["True Grit","Armaments","Thunderclap"],"picked":"SKIP","floor":11},{"not_picked":["Shrug It Off","Thunderclap"],"picked":"Clash","floor":12},{"not_picked":["Iron Wave","Sever Soul"],"picked":"Perfected Strike","floor":13},{"not_picked":["Heavy Blade","Blood for Blood"],"picked":"Dual Wield","floor":14}],"player_experience":243692,"relics_obtained":[{"floor":6.0,"key":"Letter Opener"},{"floor":8,"key":"Bottled Lightning"},{"floor":9,"key":"Bag of Marbles"},{"floor":12,"key":"Happy Flower"}],"event_choices":[{"cards_removed":["Strike_R"],"damage_healed":0.0,"max_hp_gain":0.0,"max_hp_loss":0.0,"gold_gain":0.0,"event_name":"Golden Wing","player_choice":"Card Removal","floor":2.0,"gold_loss":0.0,"damage_taken":7.0},{"damage_healed":0.0,"max_hp_gain":0.0,"max_hp_loss":0.0,"gold_gain":0.0,"event_name":"Living Wall","player_choice":"Grow","floor":7.0,"gold_loss":0.0,"damage_taken":0.0,"cards_upgraded":["Armaments"]}],"is_beta":false,"boss_relics":[],"items_purged_floors":[],"is_endless":false,"potions_floor_spawned":[1,8,11,13,14],"killed_by":"The Guardian","ascension_level":4}}