{"host":"mg3e76uznu9x14du","time":1612604533,"event":{"mods":["BaseMod","Colored Map","Downfall","Minty Spire (QoL Compilation)","Permanent Neow","Relic Stats","Spire Arcade","StSLib","Waifu the Spire","everything is the same but u backflip on backflip"],"gold_per_floor":[199,209,227,14,14,41,65,82,116,133,149,149,149,149],"floor_reached":12,"language":"ENG","playtime":552,"items_purged":[],"score":108,"play_id":"4d5ab8c7-ef14-4bdb-acab-8e4051e8ed5c","local_time":"20210206044213","is_ascension_mode":true,"campfire_choices":[{"floor":1,"key":"RECALL"}],"circlet_count":0,"master_deck":["champ:Strike","champ:Strike","champ:Strike","champ:Strike","champ:Defend","champ:Defend","champ:Defend","champ:Defend","champ:Execute","champ:Taunt","champ:ShieldSigil","champ:CrookedStrike","champ:Shatter","champ:Encircle","champ:FancyFootwork","champ:CrownThrow","champ:FanOfKnives","champ:EnchantCrown","champ:RageSigil"],"relics":["champ:ChampionCrown","Vajra","NlothsMask","champ:SpectersHand","hexamod:BolsterEngine"],"acts_visited":["Exordium"],"potions_floor_usage":[10,12,12,12,12,12],"damage_taken":[{"damage":20,"enemies":"Jaw Worm","floor":2,"turns":3},{"damage":58,"enemies":"Cultist","floor":3,"turns":5},{"damage":20,"enemies":"downfall:FleeingMerchant","floor":4,"turns":4},{"damage":40,"enemies":"Gremlin Nob","floor":6,"turns":4},{"damage":10,"enemies":"Small Slimes","floor":8,"turns":3},{"damage":47,"enemies":"3 Sentries","floor":9,"turns":6},{"damage":30,"enemies":"Exordium Thugs","floor":10,"turns":4},{"damage":9,"enemies":"Exordium Wildlife","floor":11,"turns":2},{"damage":32,"enemies":"Gremlin Nob","floor":12,"turns":2}],"seed_played":"-5885005206521191809","potions_obtained":[{"floor":8,"key":"hexamod:SoulburnPotion"},{"floor":9,"key":"FearPotion"},{"floor":11,"key":"EntropicBrew"}],"is_trial":false,"path_per_floor":["R","M","M","$","?","E","T","M","E","M","M","E"],"character_chosen":"THE_CHAMP","items_purchased":["Vajra","champ:Encircle"],"campfire_rested":0,"item_purchase_floors":[4,4],"current_hp_per_floor":[90,90,72,72,72,52,52,52,30,10,10,0,0,0],"gold":149,"neow_bonus":"HUNDRED_GOLD","is_daily":false,"chose_seed":false,"campfire_upgraded":0,"win_rate":0.0,"timestamp":1612604533,"path_taken":["R","M","M","$","?","E","T","M","E","M","M","E"],"items_purchased_type":["Relic","Card"],"build_version":"2020-12-22","purchased_purges":0,"victory":false,"max_hp_per_floor":[90,90,90,90,90,90,90,90,90,90,90,90,90,90],"relic_stats":{"counters":[9,33],"obtain_stats":[{"Vajra":4,"champ:ChampionCrown":0,"hexamod:BolsterEngine":9,"champ:SpectersHand":6,"NlothsMask":5},{"Vajra":3,"champ:ChampionCrown":0,"hexamod:BolsterEngine":6,"champ:SpectersHand":4,"NlothsMask":3},{"Vajra":12,"champ:ChampionCrown":0,"hexamod:BolsterEngine":25,"champ:SpectersHand":16,"NlothsMask":12}]},"card_choices":[{"not_picked":["champ:Parry","champ:HeartStrike"],"picked":"champ:ShieldSigil","floor":2},{"not_picked":["champ:GladiatorStyle","champ:FalseCounter"],"picked":"champ:CrookedStrike","floor":3},{"not_picked":["champ:DefensiveShout","champ:BladeFlurry"],"picked":"champ:Shatter","floor":4},{"not_picked":["champ:EnGarde","champ:ViciousMockery"],"picked":"champ:FancyFootwork","floor":6},{"not_picked":["champ:BerserkersShout","champ:Backstep"],"picked":"champ:CrownThrow","floor":8},{"not_picked":["champ:PreemptiveStrike","champ:FancyFootwork"],"picked":"champ:FanOfKnives","floor":9},{"not_picked":["champ:PreciseThrust","champ:PerfectedStrike"],"picked":"champ:EnchantCrown","floor":10},{"not_picked":["champ:CrownThrow","champ:BerserkersShout"],"picked":"champ:RageSigil","floor":11}],"player_experience":516490,"relics_obtained":[{"floor":6,"key":"champ:SpectersHand"},{"floor":9,"key":"hexamod:BolsterEngine"}],"event_choices":[{"damage_healed":0,"gold_gain":0,"player_choice":"Trade","damage_taken":0,"relics_obtained":["NlothsMask"],"max_hp_gain":0,"max_hp_loss":0,"event_name":"FaceTrader","floor":5,"gold_loss":0}],"is_beta":false,"boss_relics":[],"items_purged_floors":[],"is_endless":false,"potions_floor_spawned":[8,9,11],"killed_by":"Gremlin Nob","ascension_level":4}}