{"host":"tgnam0g96qraiyqx","time":1612586901,"event":{"mods":["Always Whale","Arknights","Aspiration","Bartender","BaseMod","BetterRewards","CapriCore","CatGirl Mod","Chen","Colored Map","Colored Powertips","Decade(???)","Dio Mod","Downfall","Ekko","Energized Spire","Fireblade Mod","Glutton Mod","Hermit","HexUI Lib","Highlight Path","HornydragonMod","Hubris","Jorbs\u0027s Wanderer Trilogy","Kalas","KinomotoSakuraMod(????)","Koishi","Kratos Character Expansion","Luminous","Minty Spire (QoL Compilation)","Permanent Neow","Pikachu Mod","Potionbrewer","Prisma Mod","QueenMod","Railgun Mod","Random Character Button","Reimu??????","Replay The Spire","SCP261 Mod","Shade Mod","Shedinja","Shop Mod","Somnambulant","StSLib","The Alterego","The Bladedancer","The Cursed","The Death Knight","The Druid","The Hayseed","The Immortal","The Judge","The Juggle","The Jungle","The Kombatant","The Showman","The Warrior","The Wild Card","TheFirefly","TheSwordswoman","TheVacant","Warlord Emblem","[IsaacMod]????"],"gold_per_floor":[99,110,122,179,194,104,104,104,54,54,88,105,105,136,155,260,260,260,260,260,270,290,290,290,290,309,325,336,336,336,371,387,486,486,486,499,499,512,512,532,532,532,556,556,572,589,607,619,633,633],"floor_reached":51,"language":"FRA","playtime":5099,"items_purged":["champ:Strike"],"score":658,"play_id":"83ed05fe-0202-4547-a533-44ce5d06c6f2","local_time":"20210206054821","is_ascension_mode":false,"campfire_choices":[{"data":"champ:Improvising","floor":1,"key":"SMITH"},{"data":"champ:FaceSlap","floor":8,"key":"SMITH"},{"floor":13,"key":"REST"},{"data":"champ:SetATrap","floor":18,"key":"SMITH"},{"data":"champ:ShieldWall","floor":25,"key":"SMITH"},{"floor":29,"key":"REST"},{"floor":35,"key":"DIG"},{"floor":42,"key":"REST"},{"floor":44,"key":"RECALL"}],"circlet_count":0,"master_deck":["champ:Strike","champ:Defend","champ:Defend","champ:Defend","champ:Defend","champ:Execute","champ:Taunt+1","champ:Improvising+1","champ:SetATrap+1","champ:PreciseThrust","champ:FaceSlap+1","champ:Shatter","champ:RisingSlash+1","champ:ShieldWall+1","champ:FanOfKnives+1","champ:FlashCut+1","champ:CheapShot+1","champ:EnGarde+1","champ:Circumvent+1","champ:Circumvent+1","champ:EnGarde+1","champ:StanceDance+1","champ:SwordThrow+1","champ:FlashCut+1","champ:BringItOn+1","champ:BringItOn","champ:ArenaPreparation+1"],"relics":["champ:ChampionCrownUpgraded","HushsDoor","GuppysHead","hubris:Reverence","Molten Egg 2","KratosMod:chalice","aspiration:Lifesprig","Choco_Feather","energizedSpire:OgreHead","TheBible","aspiration:HiddenCompartment","HowToJump"],"acts_visited":["Exordium","TheCity","TheBeyond"],"potions_floor_usage":[12,14,16,16,26,33,33,33,50,50],"damage_taken":[{"damage":12,"enemies":"Cultist","floor":2,"turns":4},{"damage":15,"enemies":"Small Slimes","floor":3,"turns":4},{"damage":34,"enemies":"Lagavulin Event","floor":4,"turns":5},{"damage":1,"enemies":"Jaw Worm","floor":5,"turns":3},{"damage":15,"enemies":"downfall:FleeingMerchant","floor":6,"turns":4},{"damage":8,"enemies":"downfall:FleeingMerchant","floor":9,"turns":4},{"damage":26,"enemies":"Replay:BlueRogue","floor":11,"turns":5},{"damage":20,"enemies":"Exordium Thugs","floor":12,"turns":3},{"damage":14,"enemies":"Gremlin Nob","floor":14,"turns":3},{"damage":16,"enemies":"Blue Slaver","floor":15,"turns":2},{"damage":49,"enemies":"DF_ARCHETYPE_STREAMLINE","floor":16,"turns":4},{"damage":18,"enemies":"Chosen","floor":21,"turns":3},{"damage":18,"enemies":"Snecko","floor":22,"turns":3},{"damage":49,"enemies":"Sentry and Sphere","floor":26,"turns":4},{"damage":45,"enemies":"3 Cultists","floor":27,"turns":5},{"damage":24,"enemies":"Snecko","floor":28,"turns":5},{"damage":25,"enemies":"Book of Stabbing","floor":31,"turns":5},{"damage":19,"enemies":"Shelled Parasite and Fungi","floor":32,"turns":4},{"damage":32,"enemies":"IC_MUSHROOM_ARCHETYPE","floor":33,"turns":7},{"damage":40,"enemies":"3 Darklings","floor":36,"turns":6},{"damage":13,"enemies":"Orb Walker","floor":38,"turns":3},{"damage":10,"enemies":"Sphere and 2 Shapes","floor":40,"turns":5},{"damage":35,"enemies":"Jaw Worm Horde","floor":45,"turns":5},{"damage":14,"enemies":"3 Darklings","floor":46,"turns":4},{"damage":20,"enemies":"Transient","floor":47,"turns":5},{"damage":10,"enemies":"Spire Growth","floor":48,"turns":5},{"damage":23,"enemies":"Sphere and 2 Shapes","floor":49,"turns":3},{"damage":34,"enemies":"WA_ARCHETYPE_DIVINITY","floor":50,"turns":10}],"seed_played":"5541558665596594445","potions_obtained":[{"floor":3,"key":"potionbrewer:DiscountPotion"},{"floor":4,"key":"SCP261:DewritoBlazePotion"},{"floor":11,"key":"potionbrewer:DiscountPotion"},{"floor":14,"key":"Fire Potion"},{"floor":21,"key":"GamblersBrew"},{"floor":22,"key":"potionbrewer:NoxiousPotion"},{"floor":28,"key":"hexamod:SoulburnPotion"},{"floor":32,"key":"DeathKnight:RimePotion"},{"floor":33,"key":"MagicPotion:ReiMu"},{"floor":45,"key":"hexamod:SoulburnPotion"},{"floor":46,"key":"SCP261:EnergyGasPotion"}],"is_trial":false,"path_per_floor":["R","M","M","?","M","$","T","R","$","?","E","M","R","E","M","B",null,"R","?","?","M","M","?","T","R","M","M","M","R","?","E","M","B",null,"R_BF","M","?","M","?","M","T","R","T","R","M","M","M","M","M","B",null],"character_chosen":"THE_CHAMP","items_purchased":["champ:ShieldWall"],"campfire_rested":3,"item_purchase_floors":[9],"current_hp_per_floor":[90,88,83,69,68,63,63,63,60,60,49,34,61,52,41,7,90,90,90,90,87,84,84,84,84,60,35,26,53,53,48,44,27,90,90,70,70,67,67,62,62,89,89,89,69,65,60,55,52,18],"gold":633,"neow_bonus":"TRANSFORM_CARD","is_daily":false,"chose_seed":false,"campfire_upgraded":4,"win_rate":0.0,"timestamp":1612586901,"path_taken":["R","M","?","?","M","$","T","R","?","?","E","M","R","E","M","BOSS","R","?","?","M","M","?","T","R","?","M","M","R","?","E","M","BOSS","R_BF","M","?","M","?","M","T","R","?","R","?","M","M","M","M","BOSS"],"items_purchased_type":["Card"],"build_version":"2020-12-22","purchased_purges":1,"victory":true,"max_hp_per_floor":[90,90,90,90,90,90,90,90,90,90,90,90,90,90,90,90,90,90,90,90,90,90,90,90,90,90,90,90,90,90,90,90,90,90,90,90,90,90,90,90,90,90,90,90,90,90,90,90,90,90],"card_choices":[{"not_picked":["Bomb","champ:PreemptiveStrike"],"picked":"champ:SetATrap","floor":2},{"not_picked":["champ:PerfectedStrike","champ:Haymaker"],"picked":"champ:PreciseThrust","floor":3},{"not_picked":["champ:FlashCut","champ:FanOfKnives"],"picked":"champ:FaceSlap","floor":4},{"not_picked":["champ:StrikeOfGenius","champ:StanceDance"],"picked":"champ:Shatter","floor":5},{"not_picked":["champ:EnragedBash","champ:DefensiveShout","champ:Devastate"],"picked":"SKIP","floor":6},{"not_picked":["champ:PerfectedStrike+1","champ:FocusedDefense"],"picked":"champ:RisingSlash+1","floor":9},{"not_picked":["champ:Endure","champ:PreciseThrust+1"],"picked":"Bomb","floor":11},{"not_picked":["champ:Endure","champ:BerserkersShout"],"picked":"champ:FanOfKnives+1","floor":12},{"not_picked":["champ:FanOfKnives+1","champ:BringItOn"],"picked":"champ:FlashCut+1","floor":14},{"not_picked":["champ:Shatter+1","champ:BerserkersShout","champ:EnGarde"],"picked":"SKIP","floor":15},{"not_picked":["champ:GladiatorForm","champ:IgnorePain"],"picked":"champ:CheapShot+1","floor":16},{"not_picked":["champ:DefensiveShout","champ:BringItOn"],"picked":"champ:EnGarde+1","floor":21},{"not_picked":["champ:PreemptiveStrike+1","champ:Shatter+1"],"picked":"champ:Circumvent+1","floor":22},{"not_picked":["champ:RecklessLeap+1","champ:GutPunch+1"],"picked":"champ:Circumvent+1","floor":26},{"not_picked":["champ:DefensiveShout","champ:CheapShot+1","champ:Circumvent"],"picked":"SKIP","floor":27},{"not_picked":["champ:Backstep","champ:PreciseThrust+1"],"picked":"champ:EnGarde+1","floor":28},{"not_picked":["champ:Devastate+1","champ:Haymaker+1","champ:Parry"],"picked":"SKIP","floor":31},{"not_picked":["champ:Shatter+1","champ:BladeFlurry+1"],"picked":"champ:StanceDance+1","floor":32},{"not_picked":["champ:Devastate+1","champ:GladiatorForm"],"picked":"champ:SwordThrow+1","floor":33},{"not_picked":["champ:FocusedBerserking","champ:DefensiveShout"],"picked":"champ:FlashCut+1","floor":36},{"not_picked":["champ:DefensiveShout+1","champ:Lariat+1"],"picked":"champ:BringItOn+1","floor":38},{"not_picked":["champ:FancyFootwork","champ:StanceDance","champ:Circumvent+1"],"picked":"SKIP","floor":40},{"not_picked":["champ:FlashCut+1","champ:PreciseThrust+1"],"picked":"champ:BringItOn","floor":45},{"not_picked":["champ:PreciseThrust+1","champ:SkillfulDodge+1","champ:StanceDance"],"picked":"SKIP","floor":46},{"not_picked":["champ:Haymaker+1","champ:CrownThrow+1"],"picked":"champ:ArenaPreparation+1","floor":47},{"not_picked":["champ:Circumvent+1","champ:DefensiveShout","champ:Shatter+1"],"picked":"SKIP","floor":48},{"not_picked":["champ:FocusedBerserking+1","champ:BerserkersShout","champ:Shatter+1"],"picked":"SKIP","floor":49}],"player_experience":2645114,"relics_obtained":[{"floor":4,"key":"hubris:Reverence"},{"floor":7,"key":"Molten Egg 2"},{"floor":11,"key":"aspiration:Lifesprig"},{"floor":14,"key":"Choco_Feather"},{"floor":24,"key":"TheBible"},{"floor":31,"key":"aspiration:HiddenCompartment"},{"floor":43,"key":"HowToJump"}],"event_choices":[{"damage_healed":0,"gold_gain":0,"player_choice":"Ignored","damage_taken":0,"max_hp_gain":0,"max_hp_loss":0,"event_name":"NoteForYourself","floor":23,"gold_loss":0},{"damage_healed":0,"gold_gain":0,"player_choice":"Forge","damage_taken":0,"max_hp_gain":0,"max_hp_loss":0,"event_name":"Accursed Blacksmith","floor":37,"gold_loss":0,"cards_upgraded":["champ:Taunt"]},{"cards_removed":["champ:Strike"],"damage_healed":0,"gold_gain":0,"player_choice":"Offered Basic","damage_taken":0,"max_hp_gain":0,"max_hp_loss":0,"event_name":"Bonfire Elementals","floor":39,"gold_loss":0}],"is_beta":false,"boss_relics":[{"not_picked":["Replay:Drink Me","aspiration:FutureDiary"],"picked":"energizedSpire:OgreHead"},{"not_picked":[]},{"not_picked":["ChampionBelt","ReplayTheSpireMod:DimensionalGlitch","Cursed Key"]}],"items_purged_floors":[6],"is_endless":false,"potions_floor_spawned":[3,4,11,14,21,22,28,32,33,45,46,47,48],"ascension_level":0}}