{"host":"z9x5nldzhmx4jdfi","time":1612649436,"event":{"mods":["2.2 Compatiblity","BaseMod","Better Altar","Better Match","Better Note","Better Sensory Stone","Better Skull","Better Third Choice","BetterRewards","Block Reminder","Card Filter","Colored Powertips","Infinite Spire","Minty Spire (QoL Compilation)","Relic Filter","StSLib","Td1madao Mod","The Animator","The Servant 0.9.4","Wandering Minibosses"],"gold_per_floor":[124,96,133,133,151,181,181,181,181],"floor_reached":8,"language":"ENG","playtime":400,"items_purged":[],"score":81,"play_id":"f613aff4-f031-4785-a71c-ee5d4fd4ed5e","local_time":"20210206161036","is_ascension_mode":true,"campfire_choices":[{"data":"animator:LeleiLaLalena","floor":7,"key":"SMITH"}],"circlet_count":0,"master_deck":["AscendersBane","animator:Defend_Fate","animator:Strike","animator:Strike","animator:Strike","animator:Defend","animator:Defend","animator:Defend","animator:Alexander","animator:Rider","animator:RinTohsaka","animator:Assassin","animator:LeleiLaLalena+1"],"relics":["animator:LivingPicture","animator:TheMissingPiece","betterThird:SlimedRelic","Sundial"],"acts_visited":["Exordium"],"potions_floor_usage":[6],"damage_taken":[{"damage":9,"enemies":"Jaw Worm","floor":1,"turns":5},{"damage":3,"enemies":"Small Slimes","floor":5,"turns":6},{"damage":63,"enemies":"Lagavulin","floor":6,"turns":16},{"damage":14,"enemies":"Gremlin Nob","floor":8,"turns":2}],"seed_played":"-8136995779487992629","potions_obtained":[{"floor":5,"key":"LiquidMemories"},{"floor":6,"key":"SpeedPotion"}],"is_trial":false,"path_per_floor":["M","?","?","?","M","E","R","E"],"character_chosen":"THE_ANIMATOR","items_purchased":[],"campfire_rested":0,"item_purchase_floors":[],"current_hp_per_floor":[56,45,45,69,67,4,4,0,0],"gold":181,"neow_bonus":"TEN_PERCENT_HP_BONUS","is_daily":false,"chose_seed":false,"campfire_upgraded":1,"win_rate":0.0,"timestamp":1612649436,"path_taken":["M","?","?","?","M","E","R","E"],"items_purchased_type":[],"build_version":"2020-12-22","purchased_purges":0,"victory":false,"max_hp_per_floor":[72,72,72,72,73,73,73,73,73],"card_choices":[{"not_picked":["animator:LizardPriest","animator:Bozes"],"picked":"animator:RinTohsaka","floor":1},{"not_picked":["animator:Benimaru","animator:TukaLunaMarceau"],"picked":"animator:Assassin","floor":5},{"not_picked":["animator:DwarfShaman","animator:Assassin"],"picked":"animator:LeleiLaLalena","floor":6}],"player_experience":1519161,"relics_obtained":[{"floor":6,"key":"Sundial"}],"event_choices":[{"damage_healed":0,"gold_gain":0,"player_choice":"Slimed","damage_taken":11,"max_hp_gain":0,"max_hp_loss":0,"event_name":"betterThird:BetterGoop","floor":2,"gold_loss":28},{"damage_healed":24,"gold_gain":0,"player_choice":"Banana","damage_taken":0,"max_hp_gain":0,"max_hp_loss":0,"event_name":"Big Fish","floor":4,"gold_loss":0}],"is_beta":false,"boss_relics":[],"items_purged_floors":[],"is_endless":false,"potions_floor_spawned":[5,6],"killed_by":"Gremlin Nob","ascension_level":10}}