{"host":"kh6fvhxn285ncg0o","time":1612651102,"event":{"mods":["Act Like it!","BaseMod","Colored Map","Friendly Minions","Keyboard Shortcuts","Minty Spire (QoL Compilation)","Quick Restart","Relic Stats","StSLib","SuperFastMode","UnlockEverythingMod"],"gold_per_floor":[164,164,164,164,6,34,45,45,45,72,83,101,101,121,121,196,196,212,212,232,243,253,253,286,286,368,268,287,322,322,356,356,356,356],"floor_reached":33,"language":"KOR","playtime":772,"items_purged":["Strike_R","Strike_R"],"score":655,"play_id":"48a8c29e-3eff-4d27-baae-9615a0525f06","local_time":"20210207073822","is_ascension_mode":true,"campfire_choices":[{"data":"Bash","floor":8,"key":"SMITH"},{"data":"Fire Breathing","floor":15,"key":"SMITH"},{"data":"Immolate","floor":23,"key":"SMITH"},{"floor":25,"key":"REST"},{"data":"Battle Trance","floor":30,"key":"SMITH"},{"data":"Power Through","floor":32,"key":"SMITH"}],"circlet_count":0,"master_deck":["AscendersBane","Strike_R+1","Strike_R","Defend_R+1","Defend_R","Defend_R","Defend_R","Bash+1","Feel No Pain","Hemokinesis+1","Battle Trance+1","Fire Breathing+1","Power Through+1","Immolate+1","Fiend Fire","Shockwave","Battle Trance","Seeing Red","Entrench+1"],"relics":["Tiny House","Calipers","Vajra","Strawberry","Pear","SlaversCollar","Gremlin Horn","PreservedInsect","Girya"],"acts_visited":["TheCity"],"potions_floor_usage":[10,16,20,21,28,31,33],"damage_taken":[{"damage":9,"enemies":"Jaw Worm","floor":1,"turns":4},{"damage":13,"enemies":"3 Sentries","floor":6,"turns":10},{"damage":2,"enemies":"2 Louse","floor":7,"turns":2},{"damage":14,"enemies":"Lagavulin","floor":10,"turns":7},{"damage":0,"enemies":"Cultist","floor":11,"turns":3},{"damage":0,"enemies":"Lots of Slimes","floor":12,"turns":1},{"damage":0,"enemies":"Exordium Wildlife","floor":14,"turns":1},{"damage":37,"enemies":"Hexaghost","floor":16,"turns":8},{"damage":9,"enemies":"3 Byrds","floor":18,"turns":4},{"damage":9,"enemies":"Shell Parasite","floor":20,"turns":4},{"damage":9,"enemies":"Snecko","floor":21,"turns":4},{"damage":2,"enemies":"Cultist and Chosen","floor":22,"turns":5},{"damage":27,"enemies":"Gremlin Leader","floor":24,"turns":5},{"damage":2,"enemies":"3 Cultists","floor":28,"turns":3},{"damage":19,"enemies":"Book of Stabbing","floor":29,"turns":4},{"damage":15,"enemies":"Gremlin Leader","floor":31,"turns":3},{"damage":20,"enemies":"Collector","floor":33,"turns":5}],"seed_played":"-9073918586049589164","potions_obtained":[{"floor":0,"key":"BloodPotion"},{"floor":7,"key":"HeartOfIron"},{"floor":10,"key":"Ancient Potion"},{"floor":14,"key":"Weak Potion"},{"floor":19,"key":"SkillPotion"},{"floor":21,"key":"SpeedPotion"},{"floor":24,"key":"SkillPotion"},{"floor":28,"key":"Fire Potion"}],"is_trial":false,"path_per_floor":["M","?","T","?","$","E","M","R","T","E","M","M","?","M","R","B",null,"M","?","M","M","M","R","E","R","T","$","M","E","R","E","R","B"],"character_chosen":"IRONCLAD","items_purchased":["Battle Trance"],"campfire_rested":1,"item_purchase_floors":[5],"current_hp_per_floor":[64,69,69,43,43,30,28,28,35,51,51,51,44,44,44,7,78,69,69,60,51,49,49,22,52,52,52,50,31,31,16,16,0,0],"gold":356,"neow_bonus":"BOSS_RELIC","is_daily":false,"chose_seed":false,"campfire_upgraded":5,"win_rate":0.0,"timestamp":1612651102,"path_taken":["M","?","?","?","$","E","M","R","T","E","M","M","?","M","R","BOSS","M","?","M","M","M","R","E","R","T","$","?","E","R","E","R","BOSS"],"items_purchased_type":["Card"],"build_version":"2020-12-22","purchased_purges":2,"victory":false,"max_hp_per_floor":[80,85,85,85,85,85,85,85,92,102,102,102,102,102,102,102,102,102,102,102,102,102,102,102,102,102,102,102,102,102,102,102,102,102],"relic_stats":{"Gremlin Horn":[4,8],"counters":[17,73],"PreservedInsect":50,"obtain_stats":[{"SlaversCollar":17,"Girya":31,"Tiny House":0,"Calipers":3,"Pear":10,"Gremlin Horn":24,"Strawberry":9,"Vajra":6,"PreservedInsect":29,"Burning Blood":0},{"SlaversCollar":8,"Girya":16,"Tiny House":0,"Calipers":1,"Pear":4,"Gremlin Horn":13,"Strawberry":3,"Vajra":2,"PreservedInsect":15,"Burning Blood":0},{"SlaversCollar":36,"Girya":68,"Tiny House":0,"Calipers":4,"Pear":23,"Gremlin Horn":58,"Strawberry":16,"Vajra":14,"PreservedInsect":65,"Burning Blood":0}]},"card_choices":[{"not_picked":["Headbutt","Shrug It Off"],"picked":"Feel No Pain","floor":0},{"not_picked":["Sword Boomerang","Dark Embrace"],"picked":"Hemokinesis","floor":1},{"not_picked":["Pommel Strike","Clash"],"picked":"Fire Breathing","floor":6},{"not_picked":["Armaments","Twin Strike"],"picked":"Power Through","floor":7},{"not_picked":["Carnage","Power Through"],"picked":"Immolate","floor":10},{"not_picked":["Hemokinesis","Wild Strike","Blood for Blood"],"picked":"SKIP","floor":11},{"not_picked":["Dual Wield","Flex","Feel No Pain"],"picked":"SKIP","floor":12},{"not_picked":["Havoc","Blood for Blood","Sword Boomerang"],"picked":"SKIP","floor":14},{"not_picked":["Berserk","Juggernaut"],"picked":"Fiend Fire","floor":16},{"not_picked":["Dropkick","Cleave+1"],"picked":"Shockwave","floor":21},{"not_picked":["Clash","Reckless Charge+1"],"picked":"Battle Trance","floor":22},{"not_picked":["Reckless Charge","Headbutt"],"picked":"Seeing Red","floor":24},{"not_picked":["Cleave","Searing Blow","Pummel+1"],"picked":"SKIP","floor":29},{"not_picked":["Iron Wave","Power Through"],"picked":"Entrench+1","floor":31}],"player_experience":1331972,"relics_obtained":[{"floor":3,"key":"Calipers"},{"floor":6,"key":"Vajra"},{"floor":9,"key":"Strawberry"},{"floor":10,"key":"Pear"},{"floor":24,"key":"Gremlin Horn"},{"floor":29,"key":"PreservedInsect"},{"floor":31,"key":"Girya"}],"event_choices":[{"damage_healed":0,"gold_gain":0,"player_choice":"Donut","damage_taken":0,"max_hp_gain":5,"max_hp_loss":0,"event_name":"Big Fish","floor":2,"gold_loss":0},{"damage_healed":0,"gold_gain":0,"player_choice":"Entered Light","damage_taken":26,"max_hp_gain":0,"max_hp_loss":0,"event_name":"Shining Light","floor":4,"gold_loss":0,"cards_upgraded":["Hemokinesis","Defend_R"]},{"cards_removed":["Strike_R"],"damage_healed":0,"gold_gain":0,"player_choice":"Card Removal","damage_taken":7,"max_hp_gain":0,"max_hp_loss":0,"event_name":"Golden Wing","floor":13,"gold_loss":0},{"damage_healed":0,"gold_gain":0,"player_choice":"Got Potions","damage_taken":0,"max_hp_gain":0,"max_hp_loss":0,"event_name":"Lab","floor":19,"gold_loss":0}],"is_beta":false,"boss_relics":[{"not_picked":["Busted Crown","Runic Cube"],"picked":"SlaversCollar"}],"items_purged_floors":[5,27],"is_endless":false,"potions_floor_spawned":[7,10,14,21,24,28,29],"killed_by":"Collector","ascension_level":20}}