{"host":"w9njud19qyl0lpz1","time":1612634636,"event":{"mods":["BaseMod","Infinite Spire","Minty Spire (QoL Compilation)","StSLib"],"gold_per_floor":[112,37,56,69,69,99,30,61,61,61,87,87,87,87,87,186,186,203,203,203,219,219,219,219,219],"floor_reached":24,"language":"ENG","playtime":1545,"items_purged":["Normality"],"score":212,"play_id":"0636f307-236c-4e24-8350-cc6d7c46ea99","local_time":"20210206130356","is_ascension_mode":false,"campfire_choices":[{"floor":12,"key":"REST"},{"data":"Chrysalis","floor":15,"key":"SMITH"},{"floor":23,"key":"REST"}],"circlet_count":0,"master_deck":["Strike_R","Strike_R+1","Strike_R","Strike_R","Strike_R","Defend_R","Defend_R","Defend_R","Defend_R","Bash","Chrysalis+1","Rampage+1","Heavy Blade","Feed","Inflame","Cleave","Infernal Blade","Demon Form","infinitespire:Oblivion","Uppercut","Body Slam+1"],"relics":["Burning Blood","Kunai","Oddly Smooth Stone","Vajra","Dream Catcher","Tiny Chest","SacredBark","Singing Bowl"],"acts_visited":["Exordium","TheCity"],"potions_floor_usage":[10,18,21],"damage_taken":[{"damage":2,"enemies":"Cultist","floor":1,"turns":5},{"damage":6,"enemies":"Jaw Worm","floor":3,"turns":5},{"damage":8,"enemies":"2 Louse","floor":4,"turns":3},{"damage":21,"enemies":"3 Sentries","floor":6,"turns":9},{"damage":28,"enemies":"Gremlin Nob","floor":8,"turns":4},{"damage":0,"enemies":"Large Slime","floor":10,"turns":1},{"damage":15,"enemies":"3 Sentries","floor":11,"turns":6},{"damage":44,"enemies":"The Guardian","floor":16,"turns":11},{"damage":34,"enemies":"Shell Parasite","floor":18,"turns":4},{"damage":30,"enemies":"2 Thieves","floor":21,"turns":3},{"damage":32,"enemies":"Slavers","floor":24,"turns":2}],"seed_played":"-1037637175543424252","potions_obtained":[{"floor":1,"key":"Ancient Potion"},{"floor":8,"key":"SmokeBomb"},{"floor":11,"key":"FearPotion"},{"floor":18,"key":"Fire Potion"}],"is_trial":false,"path_per_floor":["M","$","M","M","T","E","$","E","T","M","E","R","$","?","R","B",null,"M","?","?","M","T","R","E"],"character_chosen":"IRONCLAD","items_purchased":["Inflame"],"campfire_rested":2,"item_purchase_floors":[7],"current_hp_per_floor":[80,80,80,78,78,63,63,41,41,47,41,65,65,48,48,10,83,58,58,36,12,12,37,5,5],"gold":219,"neow_bonus":"RANDOM_COLORLESS_2","is_daily":false,"chose_seed":false,"campfire_upgraded":1,"win_rate":0.0,"timestamp":1612634636,"path_taken":["M","$","?","M","?","E","$","E","T","M","E","R","$","?","R","BOSS","M","?","?","M","?","R","E"],"items_purchased_type":["Card"],"build_version":"2020-12-22","purchased_purges":1,"victory":false,"max_hp_per_floor":[80,80,80,80,80,80,80,80,80,80,83,83,83,83,83,83,83,86,86,86,86,86,86,86,86],"card_choices":[{"not_picked":["Transmutation","Sadistic Nature"],"picked":"Chrysalis","floor":0},{"not_picked":["Pommel Strike","Thunderclap","Havoc"],"picked":"SKIP","floor":1},{"not_picked":["Clash","Anger"],"picked":"Rampage","floor":3},{"not_picked":["Havoc","Exhume"],"picked":"Heavy Blade","floor":4},{"not_picked":["Spot Weakness","Thunderclap"],"picked":"Feed","floor":6},{"not_picked":["Heavy Blade","Flex"],"picked":"Cleave","floor":8},{"not_picked":["Warcry","Dropkick"],"picked":"Infernal Blade","floor":11},{"not_picked":["Juggernaut","Bludgeon"],"picked":"Demon Form","floor":16},{"not_picked":["Headbutt","Pommel Strike","Iron Wave"],"picked":"SKIP","floor":18},{"not_picked":["infinitespire:TheBestDefense","infinitespire:FutureSight"],"picked":"infinitespire:Oblivion","floor":20},{"not_picked":["Clash","Warcry+1"],"picked":"Uppercut","floor":21},{"not_picked":["Twin Strike","Clash"],"picked":"Body Slam+1","floor":23}],"player_experience":2351214,"relics_obtained":[{"floor":5,"key":"Kunai"},{"floor":6,"key":"Oddly Smooth Stone"},{"floor":8,"key":"Vajra"},{"floor":9,"key":"Dream Catcher"},{"floor":11,"key":"Tiny Chest"},{"floor":22,"key":"Singing Bowl"}],"event_choices":[{"damage_healed":0,"gold_gain":0,"player_choice":"Entered Light","damage_taken":17,"max_hp_gain":0,"max_hp_loss":0,"event_name":"Shining Light","floor":14,"gold_loss":0,"cards_upgraded":["Rampage","Strike_R"]},{"damage_healed":0,"gold_gain":0,"player_choice":"Ignored","damage_taken":0,"max_hp_gain":0,"max_hp_loss":0,"event_name":"Cursed Tome","floor":19,"gold_loss":0}],"is_beta":false,"boss_relics":[{"not_picked":["Snecko Eye","Runic Dome"],"picked":"SacredBark"}],"items_purged_floors":[2],"is_endless":false,"potions_floor_spawned":[1,8,11,18],"killed_by":"Slavers","ascension_level":0}}