{"host":"szp1d6dso4pv7ddl","time":1612587479,"event":{"mods":["AchievementEnabler","Alarm Clock","BaseMod","Bestiary","Block Reminder","Colored Map","Colored Powertips","Curses Come First","Dark Map","Displayed Cursed Tome","Highlight Path","Minty Spire (QoL Compilation)","Permanent Neow","Quick Restart","Relic Sorter","Relic Stats","StSLib","Synergy Search"],"gold_per_floor":[115,115,135,145,59,59,93,93,93,193,137,137,137,156,156,230,230,181,181,12,32,46,46,0,0,0,34,50,50,50],"floor_reached":29,"language":"ENG","playtime":1914,"items_purged":[],"score":458,"play_id":"3c0fc085-7e50-4c98-b5a6-d9d4db19b9c1","local_time":"20210205205759","is_ascension_mode":true,"campfire_choices":[{"floor":6.0,"key":"REST"},{"floor":8.0,"key":"REST"},{"data":"Berserk","floor":13.0,"key":"SMITH"},{"floor":15.0,"key":"REST"},{"floor":23.0,"key":"REST"},{"floor":25.0,"key":"REST"}],"circlet_count":0,"master_deck":["AscendersBane","Strike_R","Strike_R","Strike_R","Strike_R","Defend_R","Defend_R","Defend_R","Bash","Berserk+1","Disarm","Pommel Strike","Uppercut","Metallicize","Carnage","Feed","Dropkick+1","Barricade+1","Flame Barrier+1","Power Through","Immolate","Iron Wave"],"relics":["Burning Blood","Mummified Hand","Juzu Bracelet","Regal Pillow","Matryoshka","Astrolabe","MealTicket","Potion Belt","Incense Burner"],"acts_visited":["Exordium","TheCity"],"potions_floor_usage":[29,29,29],"damage_taken":[{"damage":12.0,"enemies":"2 Louse","floor":1.0,"turns":4.0},{"damage":27.0,"enemies":"Small Slimes","floor":3.0,"turns":5.0},{"damage":9.0,"enemies":"Cultist","floor":4.0,"turns":4.0},{"damage":41.0,"enemies":"Lagavulin","floor":7.0,"turns":7.0},{"damage":5.0,"enemies":"Exordium Wildlife","floor":14.0,"turns":4.0},{"damage":84.0,"enemies":"The Guardian","floor":16.0,"turns":13.0},{"damage":35.0,"enemies":"2 Thieves","floor":18.0,"turns":5.0},{"damage":28.0,"enemies":"3 Byrds","floor":21.0,"turns":7.0},{"damage":21.0,"enemies":"Snecko","floor":22.0,"turns":6.0},{"damage":69.0,"enemies":"Gremlin Leader","floor":27.0,"turns":12.0},{"damage":28.0,"enemies":"Centurion and Healer","floor":28.0,"turns":12.0},{"damage":18,"enemies":"Snake Plant","floor":29,"turns":1}],"seed_played":"-4052355007729635637","potions_obtained":[{"floor":7.0,"key":"SpeedPotion"},{"floor":14.0,"key":"BloodPotion"},{"floor":21.0,"key":"BloodPotion"},{"floor":22.0,"key":"Regen Potion"},{"floor":28.0,"key":"EntropicBrew"}],"is_trial":false,"path_per_floor":["M","?","M","M","$","R","E","R","T","?","?","T","R","M","R","B",null,"M","?","$","M","M","R","?","R","T","E","M","M"],"character_chosen":"IRONCLAD","items_purchased":["Uppercut","Power Through","Immolate"],"campfire_rested":5,"item_purchase_floors":[5,20,20],"current_hp_per_floor":[62,62,41,38,38,60,25,47,47,47,47,47,47,48,75,12,59,30,30,30,8,8,45,45,75,75,30,11,0,0],"gold":50,"neow_bonus":"THREE_RARE_CARDS","is_daily":false,"chose_seed":false,"campfire_upgraded":1,"win_rate":0.0,"timestamp":1612587479,"path_taken":["M","?","M","M","$","R","E","R","T","?","?","?","R","M","R","BOSS","M","?","$","M","M","R","?","R","T","E","M","M"],"items_purchased_type":["Card","Card","Card"],"build_version":"2020-12-22","purchased_purges":0,"victory":false,"max_hp_per_floor":[75,75,75,75,75,75,75,75,75,75,75,75,75,75,75,75,75,75,75,75,75,75,75,75,75,75,78,81,81,81],"relic_stats":{"Regal Pillow":28,"counters":[12,80],"Mummified Hand":[25],"Astrolabe":["Dropkick","Barricade","Flame Barrier"],"MealTicket":0,"Juzu Bracelet":2,"obtain_stats":[{"Potion Belt":26,"Regal Pillow":9,"Matryoshka":12,"Mummified Hand":2,"Astrolabe":17,"MealTicket":26,"Juzu Bracelet":7,"Incense Burner":27,"Burning Blood":0},{"Potion Belt":9,"Regal Pillow":4,"Matryoshka":4,"Mummified Hand":1,"Astrolabe":6,"MealTicket":9,"Juzu Bracelet":4,"Incense Burner":10,"Burning Blood":0},{"Potion Belt":55,"Regal Pillow":20,"Matryoshka":20,"Mummified Hand":4,"Astrolabe":37,"MealTicket":55,"Juzu Bracelet":20,"Incense Burner":67,"Burning Blood":0}],"Burning Blood":66},"card_choices":[{"not_picked":["Barricade","Brutality"],"picked":"Berserk","floor":0.0},{"not_picked":["Havoc","Thunderclap"],"picked":"Perfected Strike","floor":1.0},{"not_picked":["Dual Wield","Evolve"],"picked":"Disarm","floor":3.0},{"not_picked":["Warcry","Sword Boomerang"],"picked":"Pommel Strike","floor":4.0},{"not_picked":["Feel No Pain","Pommel Strike"],"picked":"Metallicize","floor":7.0},{"not_picked":["Wild Strike","Ghostly Armor"],"picked":"Carnage","floor":14.0},{"not_picked":["Double Tap","Brutality"],"picked":"Feed","floor":16.0},{"not_picked":["Heavy Blade","Blood for Blood","Searing Blow+1"],"picked":"SKIP","floor":18.0},{"not_picked":["Headbutt+1","Feel No Pain","Perfected Strike"],"picked":"SKIP","floor":21.0},{"not_picked":["Twin Strike","Pommel Strike","Exhume"],"picked":"SKIP","floor":27.0},{"not_picked":["Heavy Blade","Battle Trance"],"picked":"Iron Wave","floor":28.0}],"player_experience":1374392,"relics_obtained":[{"floor":7.0,"key":"Juzu Bracelet"},{"floor":9.0,"key":"Regal Pillow"},{"floor":12.0,"key":"Matryoshka"},{"floor":26.0,"key":"MealTicket"},{"floor":26.0,"key":"Potion Belt"},{"floor":27.0,"key":"Incense Burner"}],"event_choices":[{"damage_healed":0.0,"max_hp_gain":0.0,"max_hp_loss":0.0,"gold_gain":0.0,"event_name":"Big Fish","player_choice":"Box","floor":2.0,"gold_loss":0.0,"damage_taken":0.0,"relics_obtained":["Mummified Hand"],"cards_obtained":["Regret"]},{"damage_healed":0.0,"max_hp_gain":0.0,"max_hp_loss":0.0,"gold_gain":100.0,"event_name":"Wheel of Change","player_choice":"Gold","floor":10.0,"gold_loss":0.0,"damage_taken":0.0},{"damage_healed":0.0,"max_hp_gain":0.0,"max_hp_loss":0.0,"gold_gain":0.0,"event_name":"World of Goop","player_choice":"Left Gold","floor":11.0,"gold_loss":56.0,"damage_taken":0.0},{"cards_removed":["Regret","Pain"],"damage_healed":0.0,"max_hp_gain":0.0,"max_hp_loss":0.0,"gold_gain":0.0,"event_name":"Fountain of Cleansing","player_choice":"Removed Curses","floor":19.0,"gold_loss":0.0,"damage_taken":0.0},{"damage_healed":0.0,"max_hp_gain":0.0,"max_hp_loss":0.0,"gold_gain":0.0,"event_name":"Masked Bandits","player_choice":"Paid Fearfully","floor":24.0,"gold_loss":46.0,"damage_taken":0.0}],"is_beta":false,"boss_relics":[{"not_picked":["Runic Cube","Black Star"],"picked":"Astrolabe"}],"items_purged_floors":[],"is_endless":false,"potions_floor_spawned":[7,14,21,22,28],"killed_by":"Snake Plant","ascension_level":18}}