{"host":"l4p18zw33fr8bdc3","time":1612586326,"event":{"mods":["AchievementEnabler","BaseMod","Bestiary","Block Reminder","Colored Map","Colored Powertips","Curses Come First","Minty Spire (QoL Compilation)","Quick Restart","Rare Cards Sparkle","StSLib"],"gold_per_floor":[117,129,2,2,17,42,57,89,89,105,126,51,71,96,96,200,200,210,229,24,40,40,40,74,74,74,109,109,59,88,88,88],"floor_reached":31,"language":"ENG","playtime":2156,"items_purged":["Defend_P","Strike_P"],"score":385,"play_id":"5b78c8e7-1d68-4977-a17e-357a1c1d348b","local_time":"20210205233846","is_ascension_mode":true,"campfire_choices":[{"floor":15,"key":"REST"},{"data":"Apotheosis","floor":23,"key":"SMITH"},{"data":"Scrawl","floor":25,"key":"SMITH"}],"circlet_count":0,"master_deck":["Strike_P","Strike_P","Strike_P","Defend_P","Defend_P","Defend_P","Eruption","Vigilance","Wireheading","Perseverance","TalkToTheHand","FlurryOfBlows","FearNoEvil","Weave","Vengeance","EmptyMind","Consecrate","ClearTheMind","ReachHeaven","Tantrum","Scrawl+1","SashWhip","Crescendo","Fasting2","Apotheosis+1","Consecrate+1","DeusExMachina","Adaptation","FlurryOfBlows+1"],"relics":["PureWater","PreservedInsect","Mango","Meat on the Bone","InkBottle","Odd Mushroom","Kunai","Runic Dome","Strawberry","The Courier","Smiling Mask","Darkstone Periapt"],"acts_visited":["Exordium","TheCity"],"potions_floor_usage":[8,11,27,31],"damage_taken":[{"damage":0,"enemies":"Jaw Worm","floor":1,"turns":3},{"damage":3,"enemies":"Small Slimes","floor":2,"turns":6},{"damage":2,"enemies":"Cultist","floor":5,"turns":3},{"damage":23,"enemies":"Lagavulin","floor":6,"turns":9},{"damage":3,"enemies":"Blue Slaver","floor":7,"turns":6},{"damage":17,"enemies":"3 Sentries","floor":8,"turns":6},{"damage":8,"enemies":"Looter","floor":10,"turns":3},{"damage":14,"enemies":"The Mushroom Lair","floor":11,"turns":3},{"damage":10,"enemies":"Lots of Slimes","floor":13,"turns":4},{"damage":6,"enemies":"Lagavulin","floor":14,"turns":6},{"damage":13,"enemies":"Slime Boss","floor":16,"turns":7},{"damage":12,"enemies":"3 Byrds","floor":18,"turns":5},{"damage":0,"enemies":"Spheric Guardian","floor":19,"turns":2},{"damage":0,"enemies":"3 Cultists","floor":21,"turns":4},{"damage":17,"enemies":"Book of Stabbing","floor":24,"turns":4},{"damage":24,"enemies":"Slavers","floor":27,"turns":2},{"damage":18,"enemies":"Gremlin Leader","floor":30,"turns":3},{"damage":49,"enemies":"Snake Plant","floor":31,"turns":2}],"seed_played":"2908950467896854850","potions_obtained":[{"floor":1,"key":"GamblersBrew"},{"floor":6,"key":"Weak Potion"},{"floor":7,"key":"GamblersBrew"},{"floor":8,"key":"FearPotion"},{"floor":11,"key":"DistilledChaos"},{"floor":27,"key":"Explosive Potion"}],"is_trial":false,"path_per_floor":["M","M","$","?","M","E","M","E","T","M","?","$","M","E","R","B",null,"M","M","$","M","?","R","E","R","T","E","T","$","E","M"],"character_chosen":"WATCHER","items_purchased":["TalkToTheHand","FlurryOfBlows","Fasting2","Apotheosis"],"campfire_rested":1,"item_purchase_floors":[3,3,20,20],"current_hp_per_floor":[72,69,69,69,67,58,55,38,38,42,40,40,42,48,73,60,86,74,74,74,74,74,74,64,64,64,52,52,52,46,0,0],"gold":88,"neow_bonus":"RANDOM_COMMON_RELIC","is_daily":false,"chose_seed":false,"campfire_upgraded":2,"win_rate":0.0,"timestamp":1612586326,"path_taken":["M","M","$","?","M","E","M","E","T","M","?","$","M","E","R","BOSS","M","M","$","M","?","R","E","R","T","E","?","$","E","M"],"items_purchased_type":["Card","Card","Card","Card"],"build_version":"2020-12-22","purchased_purges":2,"victory":false,"max_hp_per_floor":[72,72,72,72,72,86,86,86,86,86,86,86,86,86,86,86,86,86,86,86,86,86,86,93,93,93,93,93,93,93,93,93],"card_choices":[{"not_picked":["EmptyMind","FollowUp"],"picked":"Wireheading","floor":1},{"not_picked":["WreathOfFlame","Nirvana"],"picked":"Perseverance","floor":2},{"not_picked":["Prostrate","Crescendo"],"picked":"FearNoEvil","floor":5},{"not_picked":["Indignation","Collect"],"picked":"Weave","floor":6},{"not_picked":["FlyingSleeves","ClearTheMind"],"picked":"Vengeance","floor":7},{"not_picked":["BowlingBash","FearNoEvil"],"picked":"EmptyMind","floor":8},{"not_picked":["Conclude","SignatureMove"],"picked":"Consecrate","floor":10},{"not_picked":["Prostrate","Crescendo"],"picked":"ClearTheMind","floor":11},{"not_picked":["Study","Evaluate"],"picked":"ReachHeaven","floor":13},{"not_picked":["Sanctity","ForeignInfluence"],"picked":"Tantrum","floor":14},{"not_picked":["MasterReality","Omniscience"],"picked":"Scrawl","floor":16},{"not_picked":["Halt","PathToVictory+1"],"picked":"SashWhip","floor":18},{"not_picked":["WaveOfTheHand","ClearTheMind"],"picked":"Crescendo","floor":19},{"not_picked":["JustLucky","Vengeance"],"picked":"Consecrate+1","floor":21},{"not_picked":["WheelKick","FlyingSleeves+1"],"picked":"DeusExMachina","floor":24},{"not_picked":["EmptyBody","Evaluate"],"picked":"Adaptation","floor":27},{"not_picked":["Collect+1","Halt+1"],"picked":"FlurryOfBlows+1","floor":30}],"player_experience":251828,"relics_obtained":[{"floor":6,"key":"Mango"},{"floor":8,"key":"Meat on the Bone"},{"floor":9,"key":"InkBottle"},{"floor":11,"key":"Odd Mushroom"},{"floor":14,"key":"Kunai"},{"floor":24,"key":"Strawberry"},{"floor":26,"key":"The Courier"},{"floor":27,"key":"Smiling Mask"},{"floor":30,"key":"Darkstone Periapt"}],"event_choices":[{"damage_healed":0,"gold_gain":0,"player_choice":"Ignored","damage_taken":0,"max_hp_gain":0,"max_hp_loss":0,"event_name":"Liars Game","floor":4,"gold_loss":0},{"damage_healed":0,"gold_gain":0,"player_choice":"Fought Mushrooms","damage_taken":0,"max_hp_gain":0,"max_hp_loss":0,"event_name":"Mushrooms","floor":11,"gold_loss":0},{"damage_healed":0,"gold_gain":0,"player_choice":"Ignored","damage_taken":0,"max_hp_gain":0,"max_hp_loss":0,"event_name":"Ghosts","floor":22,"gold_loss":0}],"is_beta":false,"boss_relics":[{"not_picked":["Tiny House","Snecko Eye"],"picked":"Runic Dome"}],"items_purged_floors":[12,29],"is_endless":false,"potions_floor_spawned":[1,6,7,8,11,18,27],"killed_by":"Snake Plant","ascension_level":3}}