{"host":"358geylokxuckcbs","time":1612651631,"event":{"mods":["AchievementEnabler","BaseMod","BetterRewards","Bossed Relics","Colored Map","Colored Powertips","Good Game Mod","Highlight Path","Minty Spire (QoL Compilation)","Permanent Neow","Shop Mod","StSLib"],"gold_per_floor":[114,24,34,34,47,47,59,59,59,59,80,120,5,18,18,141,141,159,159,106,205,224,224,144,144,193,223,223,234,234,234],"floor_reached":30,"language":"DEU","playtime":2286,"items_purged":[],"score":228,"play_id":"5d569aa3-af1f-4e6a-9fe5-435fb1374e1c","local_time":"20210206234711","is_ascension_mode":false,"campfire_choices":[{"data":"Capacitor","floor":6.0,"key":"SMITH"},{"floor":15.0,"key":"REST"},{"data":"Echo Form","floor":23,"key":"SMITH"},{"data":"Fusion","floor":25,"key":"SMITH"}],"circlet_count":0,"master_deck":["Strike_B","Strike_B","Strike_B","Strike_B","Defend_B","Defend_B","Defend_B","Zap","Dualcast","Impatience","Capacitor+1","Fusion+1","Coolheaded","Barrage","Blizzard","Ball Lightning","Injury","Cold Snap","Echo Form+1","Self Repair","Ball Lightning","Cold Snap","Defragment+1","Redo","Scrape","Loop","Streamline+1"],"relics":["Cracked Core","REME:ComplimentaryCards","Strawberry","TungstenRod","Bloody Idol","Pocketwatch","Inserter","Orichalcum","Red Mask"],"acts_visited":["Exordium","TheCity"],"potions_floor_usage":[],"damage_taken":[{"damage":4.0,"enemies":"Cultist","floor":1.0,"turns":4.0},{"damage":5.0,"enemies":"2 Louse","floor":3.0,"turns":3.0},{"damage":15.0,"enemies":"Small Slimes","floor":5.0,"turns":3.0},{"damage":12.0,"enemies":"Blue Slaver","floor":7.0,"turns":4.0},{"damage":5.0,"enemies":"Large Slime","floor":11.0,"turns":6.0},{"damage":15.0,"enemies":"3 Sentries","floor":12.0,"turns":7.0},{"damage":10.0,"enemies":"2 Fungi Beasts","floor":14.0,"turns":5.0},{"damage":37.0,"enemies":"Slime Boss","floor":16.0,"turns":9.0},{"damage":19.0,"enemies":"Spheric Guardian","floor":18.0,"turns":6.0},{"damage":8,"enemies":"3 Byrds","floor":22,"turns":7},{"damage":65,"enemies":"Masked Bandits","floor":27,"turns":8},{"damage":5,"enemies":"Centurion and Healer","floor":29,"turns":7},{"damage":36,"enemies":"Slavers","floor":30,"turns":3}],"seed_played":"3606181448931846615","potions_obtained":[{"floor":3.0,"key":"Block Potion"},{"floor":7.0,"key":"Dexterity Potion"},{"floor":11.0,"key":"SpeedPotion"}],"is_trial":false,"path_per_floor":["M","$","M","?","M","R","M","$","T","?","M","E","$","M","R","B",null,"M","?","$","?","M","R","$","R","T","?","?","M","E"],"character_chosen":"DEFECT","items_purchased":["Fusion","Coolheaded","Self Repair","Ball Lightning","Redo","Loop"],"campfire_rested":1,"item_purchase_floors":[2,2,13,13,20,24],"current_hp_per_floor":[78,78,73,73,58,58,46,46,46,46,41,26,26,23,47,24,82,70,70,70,75,79,79,79,79,82,29,29,29,0,0],"gold":234,"neow_bonus":"RANDOM_COMMON_RELIC","is_daily":false,"chose_seed":false,"campfire_upgraded":3,"win_rate":0.0,"timestamp":1612651631,"path_taken":["M","?","M","?","M","R","M","$","T","?","M","E","$","M","R","BOSS","M","?","$","?","M","R","$","R","T","?","?","?","E"],"items_purchased_type":["Card","Card","Card","Card","Card","Card"],"build_version":"2020-12-22","purchased_purges":0,"victory":false,"max_hp_per_floor":[82,82,82,82,82,82,82,82,82,82,82,82,82,82,82,82,82,82,82,82,82,82,82,82,82,82,82,82,82,82,82],"card_choices":[{"not_picked":["Rebound","Stack"],"picked":"Capacitor","floor":1.0},{"not_picked":["Rebound","Go for the Eyes"],"picked":"Barrage","floor":3.0},{"not_picked":["Rip and Tear","Beam Cell","Lockon"],"picked":"SKIP","floor":5.0},{"not_picked":["Conserve Battery","Hologram"],"picked":"Ball Lightning","floor":7.0},{"not_picked":["Hologram","Force Field"],"picked":"Cold Snap","floor":11.0},{"not_picked":["Sweeping Beam","Reprogram"],"picked":"Echo Form","floor":12.0},{"not_picked":["Go for the Eyes","Steam"],"picked":"Cold Snap","floor":14.0},{"not_picked":["Sweeping Beam","Leap"],"picked":"Defragment+1","floor":18.0},{"not_picked":["Sweeping Beam+1","Aggregate"],"picked":"Scrape","floor":22},{"not_picked":["Rebound","Undo+1"],"picked":"Streamline+1","floor":27},{"not_picked":["Loop","Heatsinks","Melter"],"picked":"SKIP","floor":29}],"player_experience":27728,"relics_obtained":[{"floor":9.0,"key":"TungstenRod"},{"floor":12.0,"key":"Pocketwatch"},{"floor":26,"key":"Orichalcum"},{"floor":27,"key":"Red Mask"}],"event_choices":[{"damage_healed":0.0,"max_hp_gain":0.0,"max_hp_loss":0.0,"gold_gain":0.0,"cards_transformed":["Defend_B"],"event_name":"Living Wall","player_choice":"Change","floor":4.0,"gold_loss":0.0,"damage_taken":0.0,"cards_obtained":["Blizzard"]},{"damage_healed":0.0,"max_hp_gain":0.0,"max_hp_loss":0.0,"gold_gain":0.0,"event_name":"Golden Idol","player_choice":"Take Wound","floor":10.0,"gold_loss":0.0,"damage_taken":0.0,"relics_obtained":["Golden Idol"],"cards_obtained":["Injury"]},{"damage_healed":0.0,"max_hp_gain":0.0,"max_hp_loss":0.0,"gold_gain":0.0,"event_name":"Forgotten Altar","player_choice":"Gave Idol","floor":19.0,"relics_lost":["Golden Idol"],"gold_loss":0.0,"damage_taken":0.0,"relics_obtained":["Bloody Idol"]},{"damage_healed":0.0,"max_hp_gain":0.0,"max_hp_loss":0.0,"gold_gain":99.0,"event_name":"Nest","player_choice":"Stole From Cult","floor":21.0,"gold_loss":0.0,"damage_taken":0.0},{"damage_healed":0,"gold_gain":0,"player_choice":"Fought Bandits","damage_taken":0,"max_hp_gain":0,"max_hp_loss":0,"event_name":"Masked Bandits","floor":27,"gold_loss":0},{"damage_healed":0,"gold_gain":0,"player_choice":"Ignored","damage_taken":0,"max_hp_gain":0,"max_hp_loss":0,"event_name":"Vampires","floor":28,"gold_loss":0}],"is_beta":false,"boss_relics":[{"not_picked":["Runic Pyramid","Ectoplasm"],"picked":"Inserter"}],"items_purged_floors":[],"is_endless":false,"potions_floor_spawned":[3,7,11,14,18,27],"killed_by":"Slavers","ascension_level":0}}