{"host":"5mo0809oo9tcrmpl","time":1612582552,"event":{"mods":["BaseMod","Highlight Path","Minty Spire (QoL Compilation)","Relic Stats","Slay the Relics Exporter"],"gold_per_floor":[115,127,145,163,313,343,343,95,95,20,32,50,64,77,77,154,154,165,165,165,5,16,48,48,48],"floor_reached":24,"language":"ENG","playtime":996,"items_purged":["Doubt"],"score":444,"play_id":"a7898a80-1f11-4496-9443-5bf08940e504","local_time":"20210205213552","is_ascension_mode":true,"campfire_choices":[{"floor":7.0,"key":"REST"},{"data":"True Grit","floor":15,"key":"SMITH"}],"circlet_count":0,"master_deck":["AscendersBane","Strike_R","Strike_R","Strike_R","Strike_R","Defend_R","Defend_R","Defend_R","Defend_R","Bash","Sever Soul","Shrug It Off","Hemokinesis","Whirlwind","Blood for Blood","Battle Trance","True Grit","Metallicize","True Grit+1","Immolate","Wild Strike","Ghostly Armor"],"relics":["Runic Cube","Sundial","Pen Nib","Mercury Hourglass","Cursed Key","Nunchaku","Paper Frog"],"acts_visited":["Exordium","TheCity"],"potions_floor_usage":[13,16,20],"damage_taken":[{"damage":6.0,"enemies":"2 Louse","floor":1.0,"turns":4.0},{"damage":12.0,"enemies":"Small Slimes","floor":2.0,"turns":3.0},{"damage":0.0,"enemies":"Cultist","floor":3.0,"turns":3.0},{"damage":8.0,"enemies":"2 Fungi Beasts","floor":4.0,"turns":3.0},{"damage":29.0,"enemies":"3 Sentries","floor":6.0,"turns":6.0},{"damage":15.0,"enemies":"Blue Slaver","floor":11.0,"turns":4.0},{"damage":11.0,"enemies":"Red Slaver","floor":12.0,"turns":2.0},{"damage":2,"enemies":"Gremlin Gang","floor":13,"turns":3},{"damage":5,"enemies":"Looter","floor":14,"turns":3},{"damage":12,"enemies":"Hexaghost","floor":16,"turns":9},{"damage":2,"enemies":"Chosen","floor":18,"turns":3},{"damage":0,"enemies":"2 Thieves","floor":20,"turns":1},{"damage":4,"enemies":"Snecko","floor":22,"turns":4},{"damage":35,"enemies":"Slavers","floor":23,"turns":5},{"damage":22,"enemies":"Sentry and Sphere","floor":24,"turns":5}],"seed_played":"-8390541189473472237","potions_obtained":[{"floor":1.0,"key":"Strength Potion"},{"floor":3.0,"key":"Regen Potion"},{"floor":6.0,"key":"Fire Potion"},{"floor":12.0,"key":"FearPotion"},{"floor":16,"key":"SmokeBomb"},{"floor":23,"key":"Fire Potion"}],"is_trial":false,"path_per_floor":["M","M","M","M","?","E","R","$","T","?","M","M","M","M","R","B",null,"M","?","M","$","M","E","M"],"character_chosen":"IRONCLAD","items_purchased":["Pen Nib","Nunchaku"],"campfire_rested":1,"item_purchase_floors":[8,21],"current_hp_per_floor":[62,50,50,42,42,28,50,50,50,50,35,24,22,17,17,5,58,56,56,56,56,52,17,0,0],"gold":48,"neow_bonus":"BOSS_RELIC","is_daily":false,"chose_seed":false,"campfire_upgraded":1,"win_rate":0.0,"timestamp":1612582552,"path_taken":["M","M","M","M","?","E","R","$","T","?","M","M","M","M","R","BOSS","M","?","M","$","M","E","M"],"items_purchased_type":["Relic","Relic"],"build_version":"2020-12-22","purchased_purges":1,"victory":false,"max_hp_per_floor":[75,75,75,75,75,75,75,75,75,75,75,75,75,75,75,75,75,75,75,75,75,75,75,75,75],"relic_stats":{"Nunchaku":[2],"counters":[15,57],"Sundial":[4],"Pen Nib":[5],"Cursed Key":0,"obtain_stats":[{"Nunchaku":21,"Sundial":6,"Pen Nib":8,"Cursed Key":17,"Burning Blood":0,"Runic Cube":0,"Mercury Hourglass":9,"Paper Frog":23},{"Nunchaku":12,"Sundial":5,"Pen Nib":5,"Cursed Key":10,"Burning Blood":0,"Runic Cube":0,"Mercury Hourglass":5,"Paper Frog":14},{"Nunchaku":43,"Sundial":19,"Pen Nib":19,"Cursed Key":39,"Burning Blood":0,"Runic Cube":0,"Mercury Hourglass":19,"Paper Frog":52}],"Runic Cube":[33],"Mercury Hourglass":[137]},"card_choices":[{"not_picked":["Heavy Blade","Intimidate"],"picked":"Sever Soul","floor":1.0},{"not_picked":["Armaments","Rage"],"picked":"Shrug It Off","floor":2.0},{"not_picked":["Shockwave","Headbutt"],"picked":"Hemokinesis","floor":3.0},{"not_picked":["Clothesline","Cleave"],"picked":"Whirlwind","floor":4.0},{"not_picked":["Armaments","Havoc"],"picked":"Blood for Blood","floor":6.0},{"not_picked":["Clash","Pummel"],"picked":"Battle Trance","floor":11.0},{"not_picked":["Seeing Red","Thunderclap"],"picked":"True Grit","floor":12.0},{"not_picked":["Body Slam","Heavy Blade"],"picked":"Metallicize","floor":13},{"not_picked":["Hemokinesis","Exhume"],"picked":"True Grit","floor":14},{"not_picked":["Exhume","Corruption"],"picked":"Immolate","floor":16},{"not_picked":["Infernal Blade","Anger"],"picked":"Wild Strike","floor":18},{"not_picked":["Thunderclap","Iron Wave"],"picked":"Ghostly Armor","floor":22},{"not_picked":["Clash","Anger","Intimidate"],"picked":"SKIP","floor":23}],"player_experience":1258668,"relics_obtained":[{"floor":6.0,"key":"Sundial"},{"floor":9.0,"key":"Mercury Hourglass"},{"floor":23,"key":"Paper Frog"}],"event_choices":[{"damage_healed":0.0,"max_hp_gain":0.0,"max_hp_loss":0.0,"gold_gain":150.0,"event_name":"Liars Game","player_choice":"AGREE","floor":5.0,"gold_loss":0.0,"damage_taken":0.0,"cards_obtained":["Doubt"]},{"cards_removed":["Strike_R"],"damage_healed":0.0,"max_hp_gain":0.0,"max_hp_loss":0.0,"gold_gain":0.0,"event_name":"The Cleric","player_choice":"Card Removal","floor":10.0,"gold_loss":75.0,"damage_taken":0.0},{"damage_healed":0,"gold_gain":0,"player_choice":"Ignored","damage_taken":0,"max_hp_gain":0,"max_hp_loss":0,"event_name":"Ghosts","floor":19,"gold_loss":0}],"is_beta":false,"boss_relics":[{"not_picked":["Pandora\u0027s Box","Fusion Hammer"],"picked":"Cursed Key"}],"items_purged_floors":[8],"is_endless":false,"potions_floor_spawned":[1,3,6,12,16,23],"killed_by":"Sentry and Sphere","ascension_level":20}}