{"host":"fv4u04bzswzfg5qa","time":1612574280,"event":{"mods":["BaseMod","Colored Map","Colored Powertips","Highlight Path","Minty Spire (QoL Compilation)","StSLib","Synergy Search"],"gold_per_floor":[114,129,40,56,36,36,55,90,161,161,161,172,172,207,207,307,307,323,338,34,53,53,53,80,80,80,96,96,15,26,26,26,130,130,150,169,469,482,497,532,532,145,145,163,163,180,180,5,5,5],"floor_reached":51,"language":"ENG","playtime":2580,"items_purged":["Strike_P","Strike_P","Strike_P"],"score":807,"play_id":"f08b9b2e-7116-446d-a9d6-56efa9800ba3","local_time":"20210205201800","is_ascension_mode":false,"campfire_choices":[{"data":"PathToVictory","floor":6.0,"key":"SMITH"},{"data":"Eruption","floor":10.0,"key":"SMITH"},{"data":"Dramatic Entrance","floor":13.0,"key":"SMITH"},{"data":"Ragnarok","floor":15.0,"key":"SMITH"},{"data":"Fasting2","floor":23.0,"key":"SMITH"},{"data":"Establishment","floor":25.0,"key":"SMITH"},{"data":"WheelKick","floor":28.0,"key":"SMITH"},{"data":"Prostrate","floor":32.0,"key":"SMITH"},{"data":"Fasting2","floor":41,"key":"SMITH"},{"data":"LessonLearned","floor":45,"key":"SMITH"},{"data":"Prostrate","floor":47,"key":"SMITH"},{"data":"PathToVictory","floor":49,"key":"SMITH"}],"circlet_count":0,"master_deck":["Strike_P","Defend_P+1","Defend_P","Defend_P+1","Defend_P","Eruption+1","Vigilance","EmptyFist","Prostrate+1","Dramatic Entrance+1","PathToVictory+1","Evaluate","Crescendo+1","Evaluate","Ragnarok+1","Establishment+1","EmptyFist","Study","Fasting2+1","ClearTheMind","EmptyBody","WheelKick+1","ReachHeaven+1","Scrawl","Prostrate+1","Fasting2+1","BowlingBash","Pray","SashWhip+1","Pray","LessonLearned+1","Madness","FlurryOfBlows","PathToVictory+1"],"relics":["Busted Crown","Lizard Tail","Eternal Feather","Oddly Smooth Stone","Black Star","Toolbox","NlothsMask","Pantograph","Calipers","Runic Dome","Akabeko","Centennial Puzzle","Mercury Hourglass"],"acts_visited":["Exordium","TheCity","TheBeyond"],"potions_floor_usage":[50],"damage_taken":[{"damage":0.0,"enemies":"Jaw Worm","floor":1.0,"turns":5.0},{"damage":0.0,"enemies":"Cultist","floor":2.0,"turns":5.0},{"damage":0.0,"enemies":"2 Louse","floor":4.0,"turns":3.0},{"damage":8.0,"enemies":"Red Slaver","floor":7.0,"turns":3.0},{"damage":37.0,"enemies":"3 Sentries","floor":8.0,"turns":8.0},{"damage":0.0,"enemies":"Blue Slaver","floor":12.0,"turns":4.0},{"damage":53.0,"enemies":"Lagavulin","floor":14.0,"turns":5.0},{"damage":30.0,"enemies":"The Guardian","floor":16.0,"turns":7.0},{"damage":0.0,"enemies":"Shell Parasite","floor":18.0,"turns":4.0},{"damage":0.0,"enemies":"Spheric Guardian","floor":19.0,"turns":5.0},{"damage":4.0,"enemies":"Cultist and Chosen","floor":21.0,"turns":7.0},{"damage":0.0,"enemies":"Gremlin Leader","floor":24.0,"turns":6.0},{"damage":18.0,"enemies":"Snake Plant","floor":27.0,"turns":5.0},{"damage":0.0,"enemies":"3 Cultists","floor":30.0,"turns":4.0},{"damage":0.0,"enemies":"Collector","floor":33.0,"turns":6.0},{"damage":5.0,"enemies":"3 Shapes","floor":35.0,"turns":3.0},{"damage":14.0,"enemies":"3 Darklings","floor":36.0,"turns":7.0},{"damage":16,"enemies":"Sphere and 2 Shapes","floor":38,"turns":5},{"damage":7,"enemies":"Spire Growth","floor":39,"turns":6},{"damage":0,"enemies":"Reptomancer","floor":40,"turns":4},{"damage":9,"enemies":"Writhing Mass","floor":44,"turns":5},{"damage":0,"enemies":"Jaw Worm Horde","floor":46,"turns":3},{"damage":99,"enemies":"Time Eater","floor":50,"turns":7}],"seed_played":"1383475922153141419","potions_obtained":[{"floor":2.0,"key":"Weak Potion"},{"floor":4.0,"key":"Block Potion"},{"floor":5.0,"key":"SteroidPotion"},{"floor":7.0,"key":"DuplicationPotion"},{"floor":8.0,"key":"CultistPotion"},{"floor":16.0,"key":"SkillPotion"},{"floor":30.0,"key":"SkillPotion"},{"floor":36,"key":"SteroidPotion"},{"floor":39,"key":"FairyPotion"},{"floor":46,"key":"FairyPotion"}],"is_trial":false,"path_per_floor":["M","M","$","M","?","R","M","E","T","R","?","M","R","E","R","B",null,"M","M","$","M","?","R","E","R","T","M","R","$","M","?","R","B",null,"M","M","?","M","M","E","R","$","T","M","R","M","R","$","R","B",null],"character_chosen":"WATCHER","items_purchased":["Dramatic Entrance","Toolbox","Fasting2","ReachHeaven","Pray","LessonLearned","Madness","PathToVictory"],"campfire_rested":0,"item_purchase_floors":[3,20,20,29,42,42,42,48],"current_hp_per_floor":[72,72,72,72,72,72,64,72,72,72,72,72,72,72,72,72,72,72,72,72,72,72,72,72,72,72,72,72,72,72,72,72,72,72,72,72,72,72,72,72,72,72,72,72,72,72,72,72,72,72],"gold":5,"neow_bonus":"BOSS_RELIC","is_daily":false,"chose_seed":false,"campfire_upgraded":12,"win_rate":0.0,"timestamp":1612574280,"path_taken":["M","M","$","M","?","R","?","E","T","R","?","M","R","E","R","BOSS","M","M","$","M","?","R","E","R","T","M","R","$","?","?","R","BOSS","M","?","?","?","M","E","R","$","T","M","R","M","R","$","R","BOSS"],"items_purchased_type":["Card","Relic","Card","Card","Card","Card","Card","Card"],"build_version":"2020-12-22","purchased_purges":3,"victory":true,"max_hp_per_floor":[72,72,72,72,72,72,72,72,72,72,72,72,72,72,72,72,72,72,72,72,72,72,72,72,72,72,72,72,72,72,72,72,72,72,72,72,72,72,72,72,72,72,72,72,72,72,72,72,72,72],"card_choices":[{"not_picked":[],"picked":"EmptyFist","floor":1.0},{"not_picked":[],"picked":"Prostrate","floor":2.0},{"not_picked":[],"picked":"PathToVictory","floor":4.0},{"not_picked":[],"picked":"Evaluate","floor":7.0},{"not_picked":[],"picked":"Crescendo","floor":8.0},{"not_picked":[],"picked":"Evaluate","floor":12.0},{"not_picked":[],"picked":"Ragnarok","floor":14.0},{"not_picked":[],"picked":"Establishment","floor":16.0},{"not_picked":[],"picked":"EmptyFist","floor":18.0},{"not_picked":["Study"],"picked":"SKIP","floor":19.0},{"not_picked":[],"picked":"Study","floor":19.0},{"not_picked":[],"picked":"ClearTheMind","floor":21.0},{"not_picked":[],"picked":"EmptyBody","floor":24.0},{"not_picked":[],"picked":"WheelKick","floor":27.0},{"not_picked":["ThirdEye"],"picked":"SKIP","floor":30.0},{"not_picked":[],"picked":"Scrawl","floor":33.0},{"not_picked":[],"picked":"Prostrate","floor":35.0},{"not_picked":[],"picked":"Fasting2","floor":36},{"not_picked":[],"picked":"BowlingBash","floor":38},{"not_picked":[],"picked":"Pray","floor":39},{"not_picked":[],"picked":"SashWhip+1","floor":40},{"not_picked":["SashWhip"],"picked":"SKIP","floor":44},{"not_picked":[],"picked":"FlurryOfBlows","floor":46}],"player_experience":234967,"relics_obtained":[{"floor":8.0,"key":"Lizard Tail"},{"floor":9.0,"key":"Eternal Feather"},{"floor":14.0,"key":"Oddly Smooth Stone"},{"floor":24.0,"key":"Pantograph"},{"floor":24.0,"key":"Calipers"},{"floor":40,"key":"Akabeko"},{"floor":40,"key":"Centennial Puzzle"},{"floor":43,"key":"Mercury Hourglass"}],"event_choices":[{"damage_healed":0.0,"max_hp_gain":0.0,"max_hp_loss":0.0,"gold_gain":0.0,"event_name":"The Woman in Blue","player_choice":"Bought 1 Potion","floor":5.0,"gold_loss":0.0,"damage_taken":0.0},{"damage_healed":0.0,"max_hp_gain":0.0,"max_hp_loss":0.0,"gold_gain":0.0,"event_name":"Shining Light","player_choice":"Entered Light","floor":11.0,"gold_loss":0.0,"damage_taken":14.0,"cards_upgraded":["Defend_P","Crescendo"]},{"damage_healed":0.0,"max_hp_gain":0.0,"max_hp_loss":0.0,"gold_gain":0.0,"event_name":"FaceTrader","player_choice":"Trade","floor":22.0,"gold_loss":0.0,"damage_taken":0.0,"relics_obtained":["NlothsMask"]},{"damage_healed":0.0,"max_hp_gain":0.0,"max_hp_loss":0.0,"gold_gain":0.0,"event_name":"Upgrade Shrine","player_choice":"Upgraded","floor":31.0,"gold_loss":0.0,"damage_taken":0.0,"cards_upgraded":["ReachHeaven"]},{"damage_healed":0,"gold_gain":300,"player_choice":"Gold","damage_taken":0,"max_hp_gain":0,"max_hp_loss":0,"event_name":"Wheel of Change","floor":37,"gold_loss":0}],"is_beta":false,"boss_relics":[{"not_picked":["Cursed Key","Snecko Eye"],"picked":"Black Star"},{"not_picked":["Sozu","VioletLotus"],"picked":"Runic Dome"}],"items_purged_floors":[20,42,48],"is_endless":false,"potions_floor_spawned":[2,4,7,8,16,19,30,36,39,46],"ascension_level":0}}