{"host":"rjbqai8ni6dsiu37","time":1612601095,"event":{"mods":["100% Spire Juice","BaseMod","CapriCore","GungeonMod","Marisa£¨Ùöéë¡¡Øª×âÞÞ£©","Minty Spire (QoL Compilation)","Replay The Spire","Shop Mod","StSLib","Td1madao Mod","The Cursed","The Jungle","The Poker Player","WarShipGirlsR/??á´Ò³R mod"],"gold_per_floor":[111,111,129,14,31,66,66,96,96,108,133,13,28,42,42,139,19,46,58,80,92,104,116,270,282,294,66,95,127,158,184,207,219,231,243,243],"floor_reached":35,"language":"KOR","playtime":947,"items_purged":[],"score":366,"play_id":"fd78240f-d82a-434b-adae-d0c470d80171","local_time":"20210206174455","is_ascension_mode":true,"campfire_choices":[{"data":"Moonworks:Ambush","floor":7.0,"key":"SMITH"},{"data":"Moonworks:SubspaceTunnel","floor":15.0,"key":"SMITH"},{"data":"Moonworks:NicePresent","floor":23.0,"key":"SMITH"},{"floor":25.0,"key":"REST"},{"data":"Moonworks:ShieldCounter","floor":27.0,"key":"SMITH"},{"data":"Moonworks:EvilSpyWorkPreparation","floor":33.0,"key":"SMITH"}],"circlet_count":0,"master_deck":["Moonworks:Strike","Moonworks:Strike","Moonworks:Strike+1","Moonworks:Strike+1","Moonworks:Defend","Moonworks:Defend","Moonworks:Defend","Moonworks:Defend","Moonworks:Ambush+1","Moonworks:LongDistanceShot","Moonworks:Dash","Moonworks:ShieldCounter+1","Moonworks:NicePresent+1","Moonworks:SubspaceTunnel+1","CurseOfTheBell","Moonworks:Poppoformation+1","Moonworks:NicePresent+1","Moonworks:EvilSpyWorkPreparation+1","Moonworks:EvilSpyWorkPreparation+1"],"relics":["Moonworks:BrokenBomb","Moonworks:Homemark","NeowsBlessing","DemoMod:Bottle","DemoMod:NanoMachines","Moonworks:LittleGull","Odd Mushroom","Calling Bell","MawBank","Matryoshka","TungstenRod","ReplayTheSpireMod:Shallot","Replay:Bottled Steam","Whetstone","Ancient Tea Set","DemoMod:GlassGuonStoneRelic"],"acts_visited":["Exordium","TheCity","TheCity"],"potions_floor_usage":[],"damage_taken":[{"damage":0.0,"enemies":"Cultist","floor":1.0,"turns":1.0},{"damage":0.0,"enemies":"Small Slimes","floor":3.0,"turns":1.0},{"damage":0.0,"enemies":"Jaw Worm","floor":5.0,"turns":1.0},{"damage":14.0,"enemies":"3 Sentries","floor":6.0,"turns":7.0},{"damage":26.0,"enemies":"Gremlin Nob","floor":8.0,"turns":4.0},{"damage":0.0,"enemies":"Gremlin Gang","floor":10.0,"turns":3.0},{"damage":0.0,"enemies":"The Mushroom Lair","floor":11.0,"turns":4.0},{"damage":0.0,"enemies":"Looter","floor":13.0,"turns":2.0},{"damage":0.0,"enemies":"Exordium Wildlife","floor":14.0,"turns":1.0},{"damage":2.0,"enemies":"The Guardian","floor":16.0,"turns":8.0},{"damage":0.0,"enemies":"3 Byrds","floor":18.0,"turns":3.0},{"damage":5.0,"enemies":"Chosen","floor":20.0,"turns":4.0},{"damage":0.0,"enemies":"DemoMod:Veteran_shot_gun_kin_and_bullet_kin","floor":28.0,"turns":2.0},{"damage":0.0,"enemies":"DemoMod:4_Bullet_Kins","floor":29.0,"turns":2.0},{"damage":0.0,"enemies":"DemoMod:2_Mousers","floor":30.0,"turns":2.0},{"damage":0.0,"enemies":"DemoMod:Red_and_blue_shotgun_kin_with_gunsinger","floor":31.0,"turns":2.0},{"damage":14.0,"enemies":"DemoMod:Veteran_shot_gun_kin_and_blue_shotgun_kin","floor":32.0,"turns":3.0},{"damage":0,"enemies":"DemoMod:ResourcefulRat","floor":35,"turns":2}],"seed_played":"3994776220950301943","potions_obtained":[{"floor":5.0,"key":"SkillPotion"},{"floor":6.0,"key":"Adrenaline Potion"},{"floor":10.0,"key":"AttackPotion"},{"floor":11.0,"key":"SteroidPotion"},{"floor":14.0,"key":"SteroidPotion"},{"floor":16.0,"key":"DistilledChaos"},{"floor":18.0,"key":"Strength Potion"},{"floor":24.0,"key":"ColorlessPotion"},{"floor":24.0,"key":"Block Potion"},{"floor":28.0,"key":"SteroidPotion"},{"floor":30.0,"key":"SpeedPotion"}],"is_trial":false,"path_per_floor":["M","$","M","$","M","E","R","E","T","M","?","?","M","M","R","B",null,"M","?","M","T","$","R","?","R","T","R","M","M","M","M","M","R","B","B"],"character_chosen":"THE_STARBREAKER","items_purchased":["DemoMod:GnawedKey"],"campfire_rested":1,"item_purchase_floors":[4],"current_hp_per_floor":[54,54,54,54,54,40,40,14,14,14,14,14,14,14,14,12,48,48,48,43,43,43,43,20,38,55,55,55,55,55,55,41,41,41,41,41],"gold":243,"neow_bonus":"THREE_ENEMY_KILL","is_daily":false,"chose_seed":false,"campfire_upgraded":5,"win_rate":0.0,"timestamp":1612601095,"path_taken":["M","$","M","$","?","E","R","E","T","M","?","?","M","?","R","BOSS","M","?","M","?","$","R","?","R","T","R","M","M","M","M","M","R","BOSS","BOSS"],"items_purchased_type":["Relic"],"build_version":"2020-12-22","purchased_purges":0,"victory":false,"max_hp_per_floor":[60,60,60,60,60,60,60,60,60,60,60,60,60,60,60,60,60,60,60,60,60,60,60,60,60,60,60,60,60,60,60,60,60,60,60,60],"card_choices":[{"not_picked":["Moonworks:LulusLuckyEgg","Moonworks:BigMagnum","Moonworks:BigBangBell"],"picked":"SKIP","floor":1.0},{"not_picked":["Moonworks:BackdoorTrade","Moonworks:LulusLuckyEgg"],"picked":"Moonworks:Dash","floor":3.0},{"not_picked":["Moonworks:TreasureThief","Moonworks:CookingTime"],"picked":"Moonworks:ShieldCounter","floor":5.0},{"not_picked":["Moonworks:MiracleWalker","Moonworks:JonathanRush","Moonworks:BigBangBell"],"picked":"SKIP","floor":6.0},{"not_picked":["Moonworks:DeployBits","Moonworks:StiffCrystal","Moonworks:ImOnFire"],"picked":"SKIP","floor":8.0},{"not_picked":["Moonworks:LulusLuckyEgg","Moonworks:CloudOfSeagulls","Moonworks:MixPhenomenon"],"picked":"SKIP","floor":10.0},{"not_picked":["Moonworks:IndiscriminateFireSupport","Moonworks:LulusLuckyEgg"],"picked":"Moonworks:NicePresent","floor":11.0},{"not_picked":["Moonworks:LulusLuckyEgg","Moonworks:DeployBits","Moonworks:RedAndBlue"],"picked":"SKIP","floor":13.0},{"not_picked":["Moonworks:DeployBits","Moonworks:CookingTime"],"picked":"Moonworks:SubspaceTunnel","floor":14.0},{"not_picked":["Moonworks:ImOnFire","Moonworks:StiffCrystal"],"picked":"Moonworks:Poppoformation+1","floor":18.0},{"not_picked":["Moonworks:CompletionReward","Moonworks:ReproductionOfRecords+1","Moonworks:Assault"],"picked":"SKIP","floor":20.0},{"not_picked":["Moonworks:SakisCookie","Moonworks:LulusLuckyEgg"],"picked":"Moonworks:NicePresent+1","floor":24.0},{"not_picked":["Moonworks:Assault","Moonworks:MixPhenomenon"],"picked":"Moonworks:EvilSpyWorkPreparation","floor":28.0},{"not_picked":["Moonworks:BigBangBell","Moonworks:DeployBits"],"picked":"Moonworks:EvilSpyWorkPreparation+1","floor":29.0},{"not_picked":["Moonworks:LulusLuckyEgg","Moonworks:DeployBits","Moonworks:Assault+1"],"picked":"SKIP","floor":30.0},{"not_picked":["Moonworks:DeployBits","Moonworks:ExtendedPhotonRifle+1","Moonworks:ImOnFire+1"],"picked":"SKIP","floor":31.0},{"not_picked":["Moonworks:EvilSpyWorkPreparation","Moonworks:DeployBits","Moonworks:CloudOfSeagulls+1"],"picked":"SKIP","floor":32.0}],"player_experience":230320,"relics_obtained":[{"floor":6.0,"key":"DemoMod:Bottle"},{"floor":8.0,"key":"DemoMod:NanoMachines"},{"floor":9.0,"key":"Moonworks:LittleGull"},{"floor":11.0,"key":"Odd Mushroom"},{"floor":17.0,"key":"MawBank"},{"floor":17.0,"key":"Matryoshka"},{"floor":17.0,"key":"TungstenRod"},{"floor":21.0,"key":"ReplayTheSpireMod:Shallot"},{"floor":21.0,"key":"Replay:Bottled Steam"},{"floor":24.0,"key":"Whetstone"},{"floor":24.0,"key":"Ancient Tea Set"}],"event_choices":[{"damage_healed":0.0,"max_hp_gain":0.0,"max_hp_loss":0.0,"gold_gain":0.0,"event_name":"Mushrooms","player_choice":"Fought Mushrooms","floor":11.0,"gold_loss":0.0,"damage_taken":0.0},{"damage_healed":0.0,"max_hp_gain":0.0,"max_hp_loss":0.0,"gold_gain":0.0,"event_name":"Transmorgrifier","player_choice":"Ignored","floor":12.0,"gold_loss":0.0,"damage_taken":0.0},{"damage_healed":0.0,"max_hp_gain":0.0,"max_hp_loss":0.0,"gold_gain":0.0,"event_name":"Ghosts","player_choice":"Ignored","floor":19.0,"gold_loss":0.0,"damage_taken":0.0}],"is_beta":false,"boss_relics":[{"not_picked":["Velvet Choker","Replay:Fungal Core"],"picked":"Calling Bell"}],"items_purged_floors":[],"is_endless":false,"potions_floor_spawned":[5,6,10,11,14,16,18,28,30],"killed_by":"DemoMod:ResourcefulRat","ascension_level":7}}