{"host":"y7b1p9nkx4idorr2","time":1612649742,"event":{"mods":["AchievementEnabler","Act Like it!","BaseMod","Colored Map","Downfall","GifTheSpireLib","Googly Eyes","Highlight Path","Mimic Mod","Minty Spire (QoL Compilation)","Shop Mod","Spicy Shops","StSLib","Unceasing Turn Reminder"],"gold_per_floor":[99,112,112,123,123,23,61,79,113,129,144,44,73,19,39,141,141,41,53,53,53,65,65,100,119,119,29,29,29,29,29],"floor_reached":29,"language":"ENG","playtime":1718,"items_purged":["sneckomod:Strike"],"score":258,"play_id":"02313104-63c9-48c8-b694-ea2fd8ed0f30","local_time":"20210206161542","is_ascension_mode":false,"campfire_choices":[{"floor":1,"key":"RECALL"},{"data":"sneckomod:Unknown","floor":6,"key":"SMITH"},{"data":"sneckomod:WideSting","floor":12,"key":"SMITH"},{"data":"sneckomod:MorePower","floor":18,"key":"SMITH"},{"floor":23,"key":"REST"},{"floor":26,"key":"REST"},{"floor":28,"key":"REST"}],"circlet_count":0,"master_deck":["sneckomod:Strike","sneckomod:Defend","sneckomod:Defend","sneckomod:Defend","sneckomod:TailWhip","sneckomod:SnekBite","sneckomod:Unknown","sneckomod:Unknown+1","sneckomod:UnlimitedRolls","sneckomod:Unknown1Cost+1","sneckomod:IronFang","sneckomod:WideSting+1","sneckomod:UnknownStrike","sneckomod:ImprovisedGuard+1","sneckomod:UnknownDraw","sneckomod:UnknownBoss","sneckomod:CheapStock","sneckomod:UnknownCommonSkill","sneckomod:DiceCrush","sneckomod:ImprovisedAttack","sneckomod:MorePower+1","sneckomod:UnknownRarePower+1","sneckomod:SerpentIdol+1","sneckomod:RainOfDice","sneckomod:UnknownCommonSkill+1","sneckomod:UnknownClassRED","Writhe","sneckomod:UnknownExhaust+1","sneckomod:UnknownDraw+1","sneckomod:UnknownVulnerable+1","sneckomod:IronFang+1","sneckomod:UnknownExhaust+1","sneckomod:DiceBlock+1"],"relics":["sneckomod:SneckoSoul","downfall:HeartBlessingRed","Question Card","downfall:HeartBlessingGreen","Shovel","Cursed Key","downfall:HeartBlessingBlue","sneckomod:ConfusingCodex"],"acts_visited":["Exordium","TheCity"],"potions_floor_usage":[9,9,13,14,16,22],"damage_taken":[{"damage":5,"enemies":"Small Slimes","floor":2,"turns":2},{"damage":7,"enemies":"2 Louse","floor":4,"turns":2},{"damage":50,"enemies":"Jaw Worm","floor":7,"turns":6},{"damage":0,"enemies":"Jaw Worm","floor":8,"turns":3},{"damage":17,"enemies":"Lagavulin","floor":9,"turns":6},{"damage":5,"enemies":"Gremlin Gang","floor":10,"turns":2},{"damage":6,"enemies":"Large Slime","floor":11,"turns":5},{"damage":0,"enemies":"Gremlin Nob","floor":13,"turns":3},{"damage":0,"enemies":"downfall:FleeingMerchant","floor":14,"turns":4},{"damage":1,"enemies":"Lots of Slimes","floor":15,"turns":2},{"damage":14,"enemies":"WA_ARCHETYPE_RETAIN","floor":16,"turns":6},{"damage":10,"enemies":"Shell Parasite","floor":19,"turns":4},{"damage":33,"enemies":"Snake Plant","floor":22,"turns":5},{"damage":6,"enemies":"Chosen and Byrds","floor":24,"turns":8},{"damage":48,"enemies":"Chosen and Byrds","floor":25,"turns":7},{"damage":15,"enemies":"downfall:FleeingMerchant","floor":27,"turns":4},{"damage":61,"enemies":"Gremlin Leader","floor":29,"turns":5}],"seed_played":"3566412854016477422","potions_obtained":[{"floor":2,"key":"Slimebound:ThreeZeroPotion"},{"floor":8,"key":"CultistPotion"},{"floor":9,"key":"PowerPotion"},{"floor":10,"key":"AttackPotion"},{"floor":11,"key":"Weak Potion"},{"floor":16,"key":"sneckomod:DiceRollPotion"},{"floor":25,"key":"FearPotion"}],"is_trial":false,"path_per_floor":["R","M","?","M","?","R","MIM","M","E","M","M","R","E","$","M","B",null,"R","M","?","?","M","R","MIM","M","R","$","R","E"],"character_chosen":"THE_SNECKO","items_purchased":["sneckomod:DiceCrush"],"campfire_rested":3,"item_purchase_floors":[14],"current_hp_per_floor":[81,76,76,69,69,69,69,69,52,47,41,41,41,41,40,26,81,91,81,81,63,30,58,52,4,32,32,60,0,0,0],"gold":29,"neow_bonus":"THREE_RARE_CARDS","is_daily":false,"chose_seed":false,"campfire_upgraded":3,"win_rate":0.0,"timestamp":1612649742,"path_taken":["R","M","?","M","?","R","MIM","M","E","M","M","R","E","$","M","BOSS","R","M","?","?","M","R","MIM","M","R","$","R","E"],"items_purchased_type":["Card"],"build_version":"2020-12-22","purchased_purges":1,"victory":false,"max_hp_per_floor":[81,81,81,81,81,81,81,81,81,81,81,81,81,81,81,81,81,91,91,91,96,96,96,96,96,96,96,96,96,96,96],"card_choices":[{"not_picked":["sneckomod:SoulExchange","sneckomod:Mudshield"],"picked":"sneckomod:UnlimitedRolls","floor":0},{"not_picked":["sneckomod:UnknownBlock","sneckomod:UnknownCommonSkill"],"picked":"sneckomod:Unknown1Cost","floor":2},{"not_picked":["sneckomod:UnknownWeak","sneckomod:UnknownExhaust"],"picked":"sneckomod:IronFang","floor":4},{"not_picked":["sneckomod:Unknown1Cost","sneckomod:QuickBite"],"picked":"sneckomod:WideSting","floor":7},{"not_picked":["sneckomod:SoulCleanse","sneckomod:SnekBeam"],"picked":"sneckomod:UnknownStrike","floor":8},{"not_picked":["sneckomod:PureSnecko","sneckomod:SoulRoll"],"picked":"sneckomod:ImprovisedGuard","floor":9},{"not_picked":["sneckomod:SoulRoll","sneckomod:MasterEye","sneckomod:SoulDraw"],"picked":"sneckomod:UnknownDraw","floor":10},{"not_picked":["sneckomod:UnknownDraw","sneckomod:UnknownStrike","sneckomod:Nope"],"picked":"sneckomod:UnknownBoss","floor":11},{"not_picked":["sneckomod:UnknownExhaust","sneckomod:QuickMove","sneckomod:RainOfDice"],"picked":"sneckomod:CheapStock","floor":13},{"not_picked":["sneckomod:QuickMove","sneckomod:Rotation","sneckomod:Nope"],"picked":"sneckomod:UnknownCommonSkill","floor":14},{"not_picked":["sneckomod:Nope","sneckomod:WideSting","sneckomod:IronFang"],"picked":"sneckomod:ImprovisedAttack","floor":15},{"not_picked":["sneckomod:UnknownBoss","sneckomod:Cheat","sneckomod:UnknownRarePower"],"picked":"sneckomod:MorePower","floor":16},{"not_picked":["sneckomod:Unknown2Cost+1","sneckomod:UnknownClassHEXA_GHOST_PURPLE+1"],"picked":"sneckomod:UnknownRarePower+1","floor":19},{"not_picked":["sneckomod:UnknownWeak","sneckomod:Unknown1Cost+1","sneckomod:UnknownCommonSkill"],"picked":"sneckomod:SerpentIdol+1","floor":19},{"not_picked":["sneckomod:UnknownRarePower+1","sneckomod:UnknownBoss+1"],"picked":"sneckomod:UnknownCommonSkill+1","floor":22},{"not_picked":["sneckomod:DefensiveFlair","sneckomod:UnknownStrike","sneckomod:DiceBlock"],"picked":"sneckomod:UnknownClassRED","floor":22},{"not_picked":["sneckomod:UnknownDraw+1","sneckomod:UnknownRarePower+1"],"picked":"sneckomod:UnknownExhaust+1","floor":24},{"not_picked":["sneckomod:SoulRoll+1","sneckomod:SerpentIdol","sneckomod:DiceCrush"],"picked":"sneckomod:UnknownDraw+1","floor":24},{"not_picked":["sneckomod:UnknownUncommonAttack+1","sneckomod:UnknownExhaust+1"],"picked":"sneckomod:UnknownVulnerable+1","floor":25},{"not_picked":["sneckomod:UnknownClassHEXA_GHOST_PURPLE","sneckomod:Memorize+1","sneckomod:UnknownDraw"],"picked":"sneckomod:IronFang+1","floor":25},{"not_picked":["sneckomod:UnknownRarePower+1","sneckomod:UnknownDraw+1"],"picked":"sneckomod:UnknownExhaust+1","floor":27},{"not_picked":["sneckomod:UnknownBoss","sneckomod:QuickMove","sneckomod:QuickBite"],"picked":"sneckomod:DiceBlock+1","floor":27}],"player_experience":2304837,"relics_obtained":[{"floor":9,"key":"Question Card"},{"floor":13,"key":"Shovel"},{"floor":24,"key":"sneckomod:ConfusingCodex"}],"event_choices":[{"damage_healed":0,"gold_gain":0,"player_choice":"Grow","damage_taken":0,"max_hp_gain":0,"max_hp_loss":0,"event_name":"Living Wall","floor":5,"gold_loss":0,"cards_upgraded":["sneckomod:Unknown1Cost"]},{"damage_healed":0,"gold_gain":0,"player_choice":"Read","damage_taken":0,"max_hp_gain":0,"max_hp_loss":0,"event_name":"The Library","floor":20,"gold_loss":0,"cards_obtained":["sneckomod:RainOfDice"]}],"is_beta":false,"boss_relics":[{"not_picked":["Busted Crown","Sozu"],"picked":"Cursed Key"}],"items_purged_floors":[27],"is_endless":false,"potions_floor_spawned":[2,8,9,10,11,16,25],"killed_by":"Gremlin Leader","ascension_level":0}}