{"host":"9bcvatsnbq1a3xq4","time":1612649772,"event":{"mods":["BaseMod","Bestiary","Block Reminder","Highlight Path","Minty Spire (QoL Compilation)","Relic Stats"],"gold_per_floor":[109,126,126,146,146,146,165,165,191,208,239,121,121,140,140,140,140],"floor_reached":16,"language":"ENG","playtime":704,"items_purged":["Strike_B"],"score":204,"play_id":"181bef7f-05d1-425a-87ff-44718ab51756","local_time":"20210206231612","is_ascension_mode":true,"campfire_choices":[{"floor":6,"key":"REST"},{"data":"Auto Shields","floor":8,"key":"SMITH"},{"data":"Loop","floor":13,"key":"SMITH"},{"data":"Streamline","floor":15,"key":"SMITH"}],"circlet_count":0,"master_deck":["AscendersBane","Strike_B","Strike_B","Defend_B+1","Defend_B+1","Defend_B","Defend_B","Zap","Dualcast","Streamline+1","Force Field+1","Auto Shields+1","Ball Lightning","Rebound","Loop+1","Streamline+1"],"relics":["Snecko Eye","War Paint","Strawberry"],"acts_visited":["Exordium"],"potions_floor_usage":[11,11],"damage_taken":[{"damage":5,"enemies":"2 Louse","floor":1,"turns":4},{"damage":2,"enemies":"Jaw Worm","floor":2,"turns":2},{"damage":2,"enemies":"Small Slimes","floor":4,"turns":2},{"damage":0,"enemies":"Blue Slaver","floor":7,"turns":3},{"damage":10,"enemies":"Large Slime","floor":10,"turns":4},{"damage":21,"enemies":"Gremlin Nob","floor":11,"turns":4},{"damage":0,"enemies":"Exordium Thugs","floor":14,"turns":5},{"damage":39,"enemies":"Slime Boss","floor":16,"turns":6}],"seed_played":"-5737259668788707906","potions_obtained":[{"floor":2,"key":"Swift Potion"},{"floor":4,"key":"SpeedPotion"},{"floor":10,"key":"ColorlessPotion"}],"is_trial":false,"path_per_floor":["M","M","?","M","?","R","M","R","T","M","E","$","R","M","R","B"],"character_chosen":"DEFECT","items_purchased":["Loop"],"campfire_rested":1,"item_purchase_floors":[12],"current_hp_per_floor":[59,57,57,55,34,55,55,55,55,45,31,31,31,31,31,0,0],"gold":140,"neow_bonus":"BOSS_RELIC","is_daily":false,"chose_seed":false,"campfire_upgraded":3,"win_rate":0.0,"timestamp":1612649772,"path_taken":["M","M","?","M","?","R","M","R","T","M","E","?","R","M","R","BOSS"],"items_purchased_type":["Card"],"build_version":"2020-12-22","purchased_purges":1,"victory":false,"max_hp_per_floor":[71,71,71,71,71,71,71,71,71,71,78,78,78,78,78,78,78],"relic_stats":{"counters":[8,30],"Snecko Eye":[33,63,48,61],"War Paint":["Defend_B","Defend_B"],"obtain_stats":[{"Strawberry":11,"Snecko Eye":0,"War Paint":9,"Cracked Core":0},{"Strawberry":6,"Snecko Eye":0,"War Paint":4,"Cracked Core":0},{"Strawberry":19,"Snecko Eye":0,"War Paint":11,"Cracked Core":0}]},"card_choices":[{"not_picked":["Hello World","Sweeping Beam"],"picked":"Streamline","floor":1},{"not_picked":["Capacitor","Beam Cell","Turbo"],"picked":"SKIP","floor":2},{"not_picked":["Rebound","Turbo"],"picked":"Force Field","floor":4},{"not_picked":["Turbo","Redo"],"picked":"Auto Shields","floor":7},{"not_picked":["Rebound","Steam"],"picked":"Ball Lightning","floor":10},{"not_picked":["Blizzard","Force Field"],"picked":"Rebound","floor":11},{"not_picked":["Chill","Leap"],"picked":"Streamline","floor":14}],"player_experience":801801,"relics_obtained":[{"floor":9,"key":"War Paint"},{"floor":11,"key":"Strawberry"}],"event_choices":[{"cards_removed":["Strike_B"],"damage_healed":0,"gold_gain":0,"player_choice":"Forget","damage_taken":0,"max_hp_gain":0,"max_hp_loss":0,"event_name":"Living Wall","floor":3,"gold_loss":0},{"damage_healed":0,"gold_gain":0,"player_choice":"Entered Light","damage_taken":21,"max_hp_gain":0,"max_hp_loss":0,"event_name":"Shining Light","floor":5,"gold_loss":0,"cards_upgraded":["Force Field","Streamline"]}],"is_beta":false,"boss_relics":[],"items_purged_floors":[12],"is_endless":false,"potions_floor_spawned":[2,4,10],"killed_by":"Slime Boss","ascension_level":20}}