{"host":"1lwxixhv2lzh5ag1","time":1612632715,"event":{"mods":["AchievementEnabler","BaseMod","Downfall","Minty Spire (QoL Compilation)","Permanent Neow","Reliquary","Replay The Spire","StSLib"],"gold_per_floor":[110,121,132,132,148,174,174,207,259,272,272,272,284,43,43,146,146,128,128,128,143,163,163,182,182,182],"floor_reached":25,"language":"ENG","playtime":1475,"items_purged":[],"score":215,"play_id":"52fed1ba-8edb-4475-9785-07043af126ad","local_time":"20210206123155","is_ascension_mode":false,"campfire_choices":[{"floor":7,"key":"REST"},{"floor":11,"key":"REST"},{"floor":15,"key":"REST"},{"floor":23,"key":"REST"}],"circlet_count":0,"master_deck":["Strike_G","Strike_G","Strike_G","Strike_G","Strike_G","Defend_G","Defend_G","Defend_G","Defend_G","Survivor","Neutralize","Poisoned Stab+1","Footwork","Deflect","Poisoned Stab","Infinite Blades","Slice","Prepared","Blade Dance","Envenom","Sneak Up","Poisoned Stab+1","Crippling Poison+1","Hidden Blade","Quick Slash+1"],"relics":["Ring of the Snake","reliquary:Knoch","Matryoshka","Boot","reliquary:PartyBalloon","Bottled Flame","ChewingGum"],"acts_visited":["Exordium","TheCity"],"potions_floor_usage":[16,16,22,22,22],"damage_taken":[{"damage":1,"enemies":"Cultist","floor":1,"turns":4},{"damage":0,"enemies":"2 Louse","floor":2,"turns":2},{"damage":3,"enemies":"Small Slimes","floor":3,"turns":4},{"damage":2,"enemies":"Red Slaver","floor":5,"turns":3},{"damage":30,"enemies":"Lagavulin","floor":6,"turns":7},{"damage":13,"enemies":"Replay:BlueRogue","floor":8,"turns":6},{"damage":2,"enemies":"Blue Slaver","floor":10,"turns":4},{"damage":11,"enemies":"Large Slime","floor":13,"turns":4},{"damage":31,"enemies":"Hexaghost","floor":16,"turns":8},{"damage":22,"enemies":"2 Thieves","floor":18,"turns":4},{"damage":21,"enemies":"Spheric Guardian","floor":21,"turns":6},{"damage":6,"enemies":"Cultist and Chosen","floor":22,"turns":5},{"damage":22,"enemies":"3 Cultists","floor":24,"turns":6},{"damage":12,"enemies":"Sentry and Sphere","floor":25,"turns":3}],"seed_played":"6676657674894018005","potions_obtained":[{"floor":0,"key":"Doom Potion"},{"floor":0,"key":"Cursed Concoction"},{"floor":0,"key":"Ancient Potion"},{"floor":18,"key":"Weak Potion"},{"floor":21,"key":"AttackPotion"}],"is_trial":false,"path_per_floor":["M","M","M","?","M","E","R","E","T","M","R","?","M","$","R","B",null,"M","?","?","M","M","R","M","M"],"character_chosen":"THE_SILENT","items_purchased":["Bottled Flame"],"campfire_rested":4,"item_purchase_floors":[14],"current_hp_per_floor":[69,69,66,66,64,34,55,42,42,40,61,61,50,50,70,39,70,48,35,35,14,8,30,8,0,0],"gold":182,"neow_bonus":"THREE_SMALL_POTIONS","is_daily":false,"chose_seed":false,"campfire_upgraded":0,"win_rate":0.0,"timestamp":1612632715,"path_taken":["M","?","M","?","M","E","R","E","T","?","R","?","?","$","R","BOSS","M","?","?","M","M","R","M","?"],"items_purchased_type":["Relic"],"build_version":"2020-12-22","purchased_purges":0,"victory":false,"max_hp_per_floor":[70,70,70,70,70,70,70,70,70,70,70,70,70,70,70,70,70,70,75,75,75,75,75,75,75,75],"card_choices":[{"not_picked":["Dagger Spray","ReplayTheSpireMod:Tripwire"],"picked":"Poisoned Stab","floor":1},{"not_picked":["Calculated Gamble","Underhanded Strike"],"picked":"Footwork","floor":2},{"not_picked":["Dagger Throw","ReplayTheSpireMod:The Works"],"picked":"Deflect","floor":3},{"not_picked":["Expertise","Well Laid Plans"],"picked":"Poisoned Stab","floor":5},{"not_picked":["Expertise","Terror"],"picked":"Infinite Blades","floor":6},{"not_picked":["Distraction","Backflip"],"picked":"Slice","floor":8},{"not_picked":["Calculated Gamble","PiercingWail"],"picked":"Prepared","floor":10},{"not_picked":["Wraith Form v2","Sucker Punch"],"picked":"Blade Dance","floor":13},{"not_picked":["Bullet Time","A Thousand Cuts"],"picked":"Envenom","floor":16},{"not_picked":["Acrobatics+1","Dagger Throw"],"picked":"Sneak Up","floor":18},{"not_picked":["Deadly Poison","PiercingWail"],"picked":"Crippling Poison+1","floor":21},{"not_picked":["Bouncing Flask","Choke+1"],"picked":"Hidden Blade","floor":22},{"not_picked":["Dagger Throw","Sucker Punch"],"picked":"Quick Slash+1","floor":24}],"player_experience":1451,"relics_obtained":[{"floor":6,"key":"reliquary:Knoch"},{"floor":8,"key":"Matryoshka"},{"floor":9,"key":"Boot"},{"floor":9,"key":"reliquary:PartyBalloon"}],"event_choices":[{"damage_healed":0,"gold_gain":0,"player_choice":"Forge","damage_taken":0,"max_hp_gain":0,"max_hp_loss":0,"event_name":"Accursed Blacksmith","floor":4,"gold_loss":0,"cards_upgraded":["Poisoned Stab"]},{"cards_removed":["Defend_G"],"damage_healed":0,"gold_gain":0,"player_choice":"Card Removal","damage_taken":0,"max_hp_gain":0,"max_hp_loss":0,"event_name":"Wheel of Change","floor":12,"gold_loss":0},{"damage_healed":0,"gold_gain":0,"player_choice":"Shed Blood","damage_taken":18,"max_hp_gain":5,"max_hp_loss":0,"event_name":"Forgotten Altar","floor":19,"gold_loss":0},{"damage_healed":0,"gold_gain":0,"player_choice":"Copied","damage_taken":0,"max_hp_gain":0,"max_hp_loss":0,"event_name":"Duplicator","floor":20,"gold_loss":0,"cards_obtained":["Poisoned Stab"]}],"is_beta":false,"boss_relics":[{"not_picked":["Runic Dome","reliquary:RedCape"],"picked":"ChewingGum"}],"items_purged_floors":[],"is_endless":false,"potions_floor_spawned":[3,6,8,13,18,21],"killed_by":"Sentry and Sphere","ascension_level":0}}