{"host":"dztixnx9b0gu6w9i","time":1612655477,"event":{"mods":["BaseMod","Bestiary","Minty Spire (QoL Compilation)","Relic Stats","Slay the Relics Exporter","SpireBot","ojb\u0027s Better Paths Mod","ojb\u0027s Info Mod"],"gold_per_floor":[109,184,184,204,219,219,250,56,56,56,76,104,104,124,124,195,195,212,212,45,59,74,101,101,135,135,160,170,190,219,234,234,313,313,326,373,373,287,287,317,317,327,382,414,431,460,473,498,498,498,498,498,498,39,73,73],"floor_reached":57,"language":"ENG","playtime":8959,"items_purged":["Strike_B"],"score":3395,"play_id":"1c3b668e-598e-42e4-a08b-6c0061d0e2e5","local_time":"20210206185117","is_ascension_mode":true,"campfire_choices":[{"data":"1","floor":6,"key":"LIFT"},{"data":"2","floor":10,"key":"LIFT"},{"data":"Beam Cell","floor":13,"key":"SMITH"},{"data":"Zap","floor":15,"key":"SMITH"},{"data":"3","floor":24,"key":"LIFT"},{"data":"Go for the Eyes","floor":32,"key":"SMITH"},{"data":"Aggregate","floor":41,"key":"SMITH"},{"floor":49,"key":"RECALL"},{"data":"Hologram","floor":53,"key":"SMITH"}],"circlet_count":0,"master_deck":["AscendersBane","Strike_B","Strike_B","Strike_B","Defend_B","Defend_B","Defend_B","Defend_B","Zap+1","Dualcast","CurseOfTheBell","Compile Driver","Ball Lightning","Rip and Tear","FTL","Doom and Gloom","Undo","Hologram+1","Beam Cell+1","All For One","Skim","All For One","Sweeping Beam","RitualDagger","Go for the Eyes+1","Undo","Coolheaded","Rip and Tear+1","Cold Snap","Barrage+1","Stack+1","Compile Driver","Hologram+1","Compile Driver","Stack","Beam Cell","Steam","Skim","All For One","Aggregate+1","Skim","Compile Driver","Conserve Battery","Leap+1","Double Energy","Force Field","Aggregate+1","Hologram","Conserve Battery","Reprogram"],"relics":["Calling Bell","Toy Ornithopter","White Beast Statue","Girya","StrikeDummy","Akabeko","Bag of Marbles","Bronze Scales","Philosopher\u0027s Stone","Orrery","Anchor","Pen Nib","Kunai","HornCleat","Bird Faced Urn","Snecko Eye","Mango","Ice Cream","Centennial Puzzle","Happy Flower","Bottled Flame","DollysMirror","CaptainsWheel"],"acts_visited":["Exordium","TheCity","TheBeyond","TheEnding"],"potions_floor_usage":[5,7,11,12,14,18,21,22,25,27,27,29,30,31,33,36,42,44,45,47,48,55,56,56],"damage_taken":[{"damage":4,"enemies":"Small Slimes","floor":1,"turns":5},{"damage":7,"enemies":"Jaw Worm","floor":4,"turns":4},{"damage":9,"enemies":"2 Louse","floor":5,"turns":3},{"damage":20,"enemies":"3 Sentries","floor":7,"turns":7},{"damage":0,"enemies":"Looter","floor":11,"turns":1},{"damage":7,"enemies":"Lagavulin","floor":12,"turns":6},{"damage":0,"enemies":"2 Fungi Beasts","floor":14,"turns":1},{"damage":0,"enemies":"Slime Boss","floor":16,"turns":4},{"damage":0,"enemies":"Shell Parasite","floor":18,"turns":1},{"damage":0,"enemies":"2 Thieves","floor":21,"turns":3},{"damage":0,"enemies":"Cultist and Chosen","floor":22,"turns":3},{"damage":0,"enemies":"Gremlin Leader","floor":23,"turns":4},{"damage":10,"enemies":"Slavers","floor":25,"turns":3},{"damage":0,"enemies":"Gremlin Leader","floor":27,"turns":3},{"damage":0,"enemies":"Centurion and Healer","floor":28,"turns":2},{"damage":3,"enemies":"Snake Plant","floor":29,"turns":4},{"damage":0,"enemies":"Book of Stabbing","floor":30,"turns":4},{"damage":5,"enemies":"Snecko","floor":31,"turns":5},{"damage":16,"enemies":"Champ","floor":33,"turns":11},{"damage":0,"enemies":"3 Shapes","floor":35,"turns":2},{"damage":15,"enemies":"2 Orb Walkers","floor":36,"turns":3},{"damage":0,"enemies":"Nemesis","floor":40,"turns":5},{"damage":0,"enemies":"3 Darklings","floor":42,"turns":4},{"damage":31,"enemies":"Giant Head","floor":44,"turns":5},{"damage":0,"enemies":"Sphere and 2 Shapes","floor":45,"turns":3},{"damage":0,"enemies":"Reptomancer","floor":46,"turns":1},{"damage":0,"enemies":"4 Shapes","floor":47,"turns":2},{"damage":0,"enemies":"Nemesis","floor":48,"turns":5},{"damage":6,"enemies":"Awakened One","floor":50,"turns":10},{"damage":7,"enemies":"Donu and Deca","floor":51,"turns":8},{"damage":2,"enemies":"Shield and Spear","floor":55,"turns":4},{"damage":41,"enemies":"The Heart","floor":56,"turns":6}],"seed_played":"6548927643810606890","potions_obtained":[{"floor":1,"key":"SteroidPotion"},{"floor":4,"key":"Strength Potion"},{"floor":5,"key":"Weak Potion"},{"floor":7,"key":"SteroidPotion"},{"floor":11,"key":"LiquidMemories"},{"floor":12,"key":"PotionOfCapacity"},{"floor":14,"key":"Explosive Potion"},{"floor":18,"key":"Strength Potion"},{"floor":21,"key":"LiquidBronze"},{"floor":22,"key":"FearPotion"},{"floor":23,"key":"SteroidPotion"},{"floor":25,"key":"ColorlessPotion"},{"floor":27,"key":"Ancient Potion"},{"floor":28,"key":"SneckoOil"},{"floor":29,"key":"Ancient Potion"},{"floor":30,"key":"Swift Potion"},{"floor":31,"key":"PotionOfCapacity"},{"floor":33,"key":"Ancient Potion"},{"floor":35,"key":"CultistPotion"},{"floor":36,"key":"PotionOfCapacity"},{"floor":42,"key":"LiquidMemories"},{"floor":44,"key":"Strength Potion"},{"floor":45,"key":"SneckoOil"},{"floor":47,"key":"Fire Potion"},{"floor":48,"key":"SpeedPotion"},{"floor":55,"key":"Ancient Potion"}],"is_trial":false,"path_per_floor":["M","?","?","M","M","R","E","$","T","R","M","E","R","M","R","B",null,"M","?","$","M","M","E","R","E","T","E","M","M","E","M","R","B",null,"M","?","?","$","?","E","R","M","T","E","M","E","M","E","R","B","B",null,"R","$","E","B",null],"character_chosen":"DEFECT","items_purchased":["Doom and Gloom","Undo","Hologram","Orrery","Aggregate","DollysMirror","Hologram","Conserve Battery","SpeedPotion","Block Potion"],"campfire_rested":0,"item_purchase_floors":[8,8,8,20,38,54,54,54,54,54],"current_hp_per_floor":[60,49,38,31,27,27,12,12,12,12,17,15,15,20,20,20,58,63,57,57,62,67,67,67,61,61,71,71,68,71,66,66,55,67,67,70,70,70,70,70,70,75,75,49,54,54,59,64,64,58,51,74,74,74,77,40],"gold":73,"neow_bonus":"BOSS_RELIC","is_daily":false,"chose_seed":false,"campfire_upgraded":5,"win_rate":0.0,"timestamp":1612655477,"path_taken":["M","?","?","M","M","R","E","$","T","R","M","E","R","M","R","BOSS","M","?","$","M","M","E","R","E","T","E","M","M","E","M","R","BOSS","M","?","?","$","?","E","R","M","T","E","M","E","M","E","R","BOSS","BOSS","R","$","E","BOSS"],"items_purchased_type":["Card","Card","Card","Relic","Card","Relic","Card","Card","Potion","Potion"],"build_version":"2020-12-22","purchased_purges":1,"victory":true,"max_hp_per_floor":[71,71,71,71,71,71,71,71,71,71,71,71,71,71,71,71,71,71,71,71,71,71,71,71,71,71,71,71,71,71,71,71,71,71,71,85,81,81,81,81,81,81,81,81,81,81,81,81,81,81,81,81,81,81,81,81],"relic_stats":{"Centennial Puzzle":[12],"Happy Flower":[11],"counters":[32,132],"Bronze Scales":[272],"Bird Faced Urn":[0],"Snecko Eye":[124,128,133,121],"Pen Nib":[38],"Kunai":[106],"obtain_stats":[{"Ice Cream":40,"Girya":0,"Happy Flower":46,"Mango":36,"Pen Nib":25,"White Beast Statue":0,"Akabeko":7,"Calling Bell":0,"Anchor":23,"Centennial Puzzle":44,"Bottled Flame":48,"CaptainsWheel":55,"HornCleat":27,"DollysMirror":54,"Bronze Scales":12,"Bird Faced Urn":30,"Orrery":20,"Snecko Eye":34,"Philosopher\u0027s Stone":17,"Bag of Marbles":9,"Kunai":26,"Cracked Core":0,"StrikeDummy":3,"Toy Ornithopter":0},{"Ice Cream":22,"Girya":0,"Happy Flower":26,"Mango":21,"Pen Nib":13,"White Beast Statue":0,"Akabeko":4,"Calling Bell":0,"Anchor":12,"Centennial Puzzle":24,"Bottled Flame":28,"CaptainsWheel":31,"HornCleat":14,"DollysMirror":30,"Bronze Scales":6,"Bird Faced Urn":17,"Orrery":9,"Snecko Eye":19,"Philosopher\u0027s Stone":8,"Bag of Marbles":4,"Kunai":13,"Cracked Core":0,"StrikeDummy":1,"Toy Ornithopter":0},{"Ice Cream":84,"Girya":0,"Happy Flower":97,"Mango":79,"Pen Nib":45,"White Beast Statue":0,"Akabeko":19,"Calling Bell":0,"Anchor":42,"Centennial Puzzle":93,"Bottled Flame":104,"CaptainsWheel":126,"HornCleat":48,"DollysMirror":122,"Bronze Scales":26,"Bird Faced Urn":58,"Orrery":32,"Snecko Eye":74,"Philosopher\u0027s Stone":31,"Bag of Marbles":19,"Kunai":45,"Cracked Core":0,"StrikeDummy":5,"Toy Ornithopter":0}],"Toy Ornithopter":100},"card_choices":[{"not_picked":["Darkness","White Noise"],"picked":"Compile Driver","floor":1},{"not_picked":["Aggregate","Chaos"],"picked":"Ball Lightning","floor":4},{"not_picked":["Compile Driver","Conserve Battery"],"picked":"Rip and Tear","floor":5},{"not_picked":["Thunder Strike","Steam"],"picked":"FTL","floor":7},{"not_picked":["Redo","Recycle"],"picked":"Beam Cell","floor":11},{"not_picked":["Leap","Barrage"],"picked":"All For One","floor":12},{"not_picked":["Blizzard","Darkness"],"picked":"Skim","floor":14},{"not_picked":["Machine Learning","Rainbow"],"picked":"All For One","floor":16},{"not_picked":["Turbo","Melter"],"picked":"Sweeping Beam","floor":18},{"not_picked":["Steam Power","Turbo"],"picked":"Go for the Eyes","floor":20},{"not_picked":["Leap","Barrage"],"picked":"Undo","floor":20},{"not_picked":["Stack","Steam Power"],"picked":"Coolheaded","floor":20},{"not_picked":["Gash","Fusion"],"picked":"Rip and Tear+1","floor":20},{"not_picked":["Stack+1","Streamline+1"],"picked":"Cold Snap","floor":20},{"not_picked":["Hologram","Leap"],"picked":"Barrage+1","floor":21},{"not_picked":["Leap","Coolheaded+1"],"picked":"Stack+1","floor":22},{"not_picked":["Doom and Gloom","Undo"],"picked":"Compile Driver","floor":23},{"not_picked":["Turbo","Sunder"],"picked":"Hologram+1","floor":25},{"not_picked":["Rainbow","Sunder"],"picked":"Compile Driver","floor":27},{"not_picked":["Streamline","Redo+1"],"picked":"Stack","floor":28},{"not_picked":["Coolheaded+1","Redo"],"picked":"Beam Cell","floor":29},{"not_picked":["Meteor Strike","Barrage"],"picked":"Steam","floor":30},{"not_picked":["Fusion","Redo"],"picked":"Skim","floor":31},{"not_picked":["Meteor Strike","Core Surge"],"picked":"All For One","floor":33},{"not_picked":["Heatsinks","Skim","Cold Snap"],"picked":"SKIP","floor":35},{"not_picked":["Steam+1","Barrage"],"picked":"Skim","floor":40},{"not_picked":["FTL","Leap"],"picked":"Compile Driver","floor":42},{"not_picked":["Ball Lightning","Turbo"],"picked":"Conserve Battery","floor":44},{"not_picked":["Streamline+1","Loop"],"picked":"Leap+1","floor":45},{"not_picked":["Undo+1","Storm","Ball Lightning+1"],"picked":"SKIP","floor":46},{"not_picked":["Coolheaded+1","Hyperbeam"],"picked":"Double Energy","floor":47},{"not_picked":["White Noise","Steam"],"picked":"Force Field","floor":48},{"not_picked":["Melter","Steam Power"],"picked":"Reprogram","floor":55}],"player_experience":8477555,"relics_obtained":[{"floor":0,"key":"Toy Ornithopter"},{"floor":0,"key":"White Beast Statue"},{"floor":0,"key":"Girya"},{"floor":7,"key":"Akabeko"},{"floor":9,"key":"Bag of Marbles"},{"floor":12,"key":"Bronze Scales"},{"floor":23,"key":"Anchor"},{"floor":25,"key":"Pen Nib"},{"floor":26,"key":"Kunai"},{"floor":27,"key":"HornCleat"},{"floor":30,"key":"Bird Faced Urn"},{"floor":36,"key":"Mango"},{"floor":40,"key":"Ice Cream"},{"floor":44,"key":"Centennial Puzzle"},{"floor":46,"key":"Happy Flower"},{"floor":48,"key":"Bottled Flame"},{"floor":55,"key":"CaptainsWheel"}],"event_choices":[{"damage_healed":0,"gold_gain":75,"player_choice":"Gather Gold","damage_taken":11,"max_hp_gain":0,"max_hp_loss":0,"event_name":"World of Goop","floor":2,"gold_loss":0},{"damage_healed":0,"gold_gain":0,"player_choice":"Success","damage_taken":11,"relics_obtained":["StrikeDummy"],"max_hp_gain":0,"max_hp_loss":0,"event_name":"Scrap Ooze","floor":3,"gold_loss":0},{"damage_healed":0,"gold_gain":0,"player_choice":"Joined the Cult","damage_taken":6,"max_hp_gain":0,"max_hp_loss":0,"event_name":"Nest","floor":19,"gold_loss":0,"cards_obtained":["RitualDagger"]},{"damage_healed":0,"gold_gain":0,"player_choice":"Fight","damage_taken":0,"max_hp_gain":0,"max_hp_loss":0,"event_name":"Mysterious Sphere","floor":36,"gold_loss":0},{"damage_healed":0,"gold_gain":0,"player_choice":"Max HP","damage_taken":0,"max_hp_gain":0,"max_hp_loss":4,"event_name":"Winding Halls","floor":37,"gold_loss":0},{"damage_healed":0,"gold_gain":0,"player_choice":"Ignored","damage_taken":0,"max_hp_gain":0,"max_hp_loss":0,"event_name":"Tomb of Lord Red Mask","floor":39,"gold_loss":0}],"is_beta":false,"boss_relics":[{"not_picked":["Busted Crown","Fusion Hammer"],"picked":"Philosopher\u0027s Stone"},{"not_picked":["Inserter","Velvet Choker"],"picked":"Snecko Eye"}],"items_purged_floors":[54],"is_endless":false,"potions_floor_spawned":[1,4,5,7,11,12,14,16,18,21,22,23,25,27,28,29,30,31,33,35,36,40,42,44,45,46,47,48,55],"ascension_level":20}}