{"host":"Qube","time":1612598133,"event":{"mods":["AchievementEnabler","BaseMod","Colored Map","Colored Powertips","Highlight Path","Minty Spire (QoL Compilation)","Permanent Neow","Quick Restart","Random Character Button","StSLib"],"gold_per_floor":[363,71,89,16,34,34,67,67,67,87,101,1,1,14,14,118,118,118,118],"floor_reached":18,"language":"ENG","playtime":647,"items_purged":["Normality","Strike_B"],"score":212,"play_id":"3b9d4053-baf1-415f-9cfc-b2aac7a6462f","local_time":"20210205235533","is_ascension_mode":false,"campfire_choices":[{"data":"Zap","floor":6.0,"key":"SMITH"},{"data":"Dualcast","floor":13,"key":"SMITH"},{"data":"Havoc","floor":15,"key":"SMITH"}],"circlet_count":0,"master_deck":["Strike_B","Strike_B","Strike_B","Defend_B","Defend_B","Defend_B","Defend_B","Zap+1","Dualcast+1","Defragment","Doom and Gloom","Scrape","Defragment","Havoc+1","Conserve Battery","Gash","Sweeping Beam","Buffer"],"relics":["Cracked Core","PreservedInsect","StrikeDummy","Toy Ornithopter","SacredBark"],"acts_visited":["Exordium","TheCity"],"potions_floor_usage":[7,16],"damage_taken":[{"damage":0.0,"enemies":"2 Louse","floor":1.0,"turns":2.0},{"damage":1.0,"enemies":"Cultist","floor":3.0,"turns":3.0},{"damage":0.0,"enemies":"Small Slimes","floor":5.0,"turns":3.0},{"damage":13,"enemies":"Lagavulin","floor":7,"turns":5},{"damage":16,"enemies":"Exordium Wildlife","floor":10,"turns":5},{"damage":8,"enemies":"Looter","floor":11,"turns":3},{"damage":2,"enemies":"Blue Slaver","floor":14,"turns":3},{"damage":0,"enemies":"Slime Boss","floor":16,"turns":6},{"damage":23,"enemies":"Shell Parasite","floor":18,"turns":5}],"seed_played":"8523761647074657837","potions_obtained":[{"floor":3.0,"key":"CultistPotion"},{"floor":5.0,"key":"PowerPotion"},{"floor":10,"key":"DistilledChaos"},{"floor":14,"key":"GamblersBrew"},{"floor":16,"key":"GamblersBrew"}],"is_trial":false,"path_per_floor":["M","$","M","$","M","R","E","?","T","M","M","$","R","M","R","B",null,"M"],"character_chosen":"DEFECT","items_purchased":["PreservedInsect","Doom and Gloom","Defragment"],"campfire_rested":0,"item_purchase_floors":[2,2,4],"current_hp_per_floor":[75,75,74,74,74,74,61,61,61,45,37,37,37,35,35,40,75,52,52],"gold":118,"neow_bonus":"TWO_FIFTY_GOLD","is_daily":false,"chose_seed":false,"campfire_upgraded":3,"win_rate":0.0,"timestamp":1612598133,"path_taken":["M","$","M","$","M","R","E","?","T","M","M","?","R","M","R","BOSS","M"],"items_purchased_type":["Relic","Card","Card"],"build_version":"2020-12-18","purchased_purges":2,"victory":false,"max_hp_per_floor":[75,75,75,75,75,75,75,75,75,75,75,75,75,75,75,75,75,75,75],"card_choices":[{"not_picked":["Hologram","Gash"],"picked":"Defragment","floor":1.0},{"not_picked":["Aggregate","Redo"],"picked":"Scrape","floor":3.0},{"not_picked":["Stack","Rebound"],"picked":"Reboot","floor":5.0},{"not_picked":["Turbo","Compile Driver","Doom and Gloom"],"picked":"SKIP","floor":7},{"not_picked":["Turbo","Force Field"],"picked":"Conserve Battery","floor":10},{"not_picked":["Streamline","Steam"],"picked":"Gash","floor":11},{"not_picked":["Barrage","Go for the Eyes"],"picked":"Sweeping Beam","floor":14},{"not_picked":["Thunder Strike","Meteor Strike"],"picked":"Buffer","floor":16}],"player_experience":1075521,"relics_obtained":[{"floor":7,"key":"StrikeDummy"},{"floor":9,"key":"Toy Ornithopter"}],"event_choices":[{"cards_removed":["Reboot"],"damage_healed":0,"gold_gain":0,"player_choice":"Took Card","damage_taken":0,"max_hp_gain":0,"max_hp_loss":0,"event_name":"NoteForYourself","floor":8,"gold_loss":0,"cards_obtained":["Havoc"]}],"is_beta":true,"boss_relics":[{"not_picked":["Philosopher\u0027s Stone","Busted Crown"],"picked":"SacredBark"}],"items_purged_floors":[2,12],"is_endless":false,"potions_floor_spawned":[3,5,10,14,16],"killed_by":"Shell Parasite","ascension_level":0}}