{"host":"w4b7hmige5bnqipq","time":1612647005,"event":{"mods":["2.2 Compatiblity","BaseMod","Colored Map","DeckTracker","Keyboard Shortcuts","Minty Spire (QoL Compilation)","Permanent Neow","Rare Cards Sparkle","SuperFastMode","everything is the same but u backflip on backflip","slay the spire mod where everything is the same but ironclad has a cowboy hat"],"gold_per_floor":[114,124,124,134,150,150,185,196,196,121,121,121,171,18,18,18,18],"floor_reached":16,"language":"KOR","playtime":387,"items_purged":["Strike_G","Strike_G"],"score":200,"play_id":"fb0b8edf-6837-4564-b582-c475c82a2a07","local_time":"20210207063005","is_ascension_mode":true,"campfire_choices":[{"data":"Leg Sweep","floor":6.0,"key":"SMITH"},{"floor":11,"key":"REST"},{"floor":15,"key":"REST"}],"circlet_count":0,"master_deck":["AscendersBane","Defend_G","Defend_G","Defend_G","Defend_G","Defend_G","Survivor","Neutralize","Dagger Spray+1","Blur","Predator","Leg Sweep+1","Reflex","Blade Dance","Prepared"],"relics":["Ring of the Snake","Darkstone Periapt","Juzu Bracelet"],"acts_visited":["Exordium"],"potions_floor_usage":[7],"damage_taken":[{"damage":5.0,"enemies":"Jaw Worm","floor":1.0,"turns":9.0},{"damage":8.0,"enemies":"Cultist","floor":2.0,"turns":6.0},{"damage":0.0,"enemies":"Small Slimes","floor":4.0,"turns":3.0},{"damage":7.0,"enemies":"Blue Slaver","floor":5.0,"turns":4.0},{"damage":36,"enemies":"Gremlin Nob","floor":7,"turns":4},{"damage":0,"enemies":"Red Slaver","floor":8,"turns":5},{"damage":35,"enemies":"Slime Boss","floor":16,"turns":10}],"seed_played":"-6658201644957455469","potions_obtained":[{"floor":1.0,"key":"Fruit Juice"},{"floor":2.0,"key":"ColorlessPotion"}],"is_trial":false,"path_per_floor":["M","M","?","M","M","R","E","M","T","$","R","?","?","$","R","B"],"character_chosen":"THE_SILENT","items_purchased":["Prepared"],"campfire_rested":2,"item_purchase_floors":[14],"current_hp_per_floor":[54,46,46,46,39,39,3,3,3,3,21,21,21,21,39,4,4],"gold":18,"neow_bonus":"REMOVE_TWO","is_daily":false,"chose_seed":false,"campfire_upgraded":1,"win_rate":0.0,"timestamp":1612647005,"path_taken":["M","M","?","?","M","R","E","M","T","$","R","?","?","?","R","BOSS"],"items_purchased_type":["Card"],"build_version":"2020-12-22","purchased_purges":2,"victory":false,"max_hp_per_floor":[60,60,60,60,60,60,60,60,60,60,60,60,60,60,60,60,60],"card_choices":[{"not_picked":["Accuracy","Calculated Gamble"],"picked":"Dagger Spray","floor":1.0},{"not_picked":["Slice","Dagger Throw"],"picked":"Blur","floor":2.0},{"not_picked":["Outmaneuver","Poisoned Stab"],"picked":"Predator","floor":4.0},{"not_picked":["Acrobatics","Underhanded Strike"],"picked":"Leg Sweep","floor":5.0},{"not_picked":["Unload","Dodge and Roll"],"picked":"Reflex","floor":7},{"not_picked":["Sucker Punch","Backflip"],"picked":"Blade Dance","floor":8}],"player_experience":719769,"relics_obtained":[{"floor":7,"key":"Darkstone Periapt"},{"floor":9,"key":"Juzu Bracelet"}],"event_choices":[{"damage_healed":0.0,"max_hp_gain":0.0,"max_hp_loss":0.0,"gold_gain":0.0,"event_name":"Upgrade Shrine","player_choice":"Upgraded","floor":3.0,"gold_loss":0.0,"damage_taken":0.0,"cards_upgraded":["Dagger Spray"]},{"cards_removed":["Strike_G"],"damage_healed":0,"gold_gain":0,"player_choice":"Offered Basic","damage_taken":0,"max_hp_gain":0,"max_hp_loss":0,"event_name":"Bonfire Elementals","floor":12,"gold_loss":0},{"damage_healed":0,"gold_gain":50,"player_choice":"Pray","damage_taken":0,"max_hp_gain":0,"max_hp_loss":0,"event_name":"Golden Shrine","floor":13,"gold_loss":0}],"is_beta":false,"boss_relics":[],"items_purged_floors":[10,14],"is_endless":false,"potions_floor_spawned":[1,2],"killed_by":"Slime Boss","ascension_level":20}}