{"host":"utqe55yv0jihe4d6","time":1612580668,"event":{"mods":["2.2 Compatiblity","AchievementEnabler","BaseMod","Block Reminder","Colored Map","Colored Powertips","Minty Spire (QoL Compilation)","Quick Restart","Rare Cards Sparkle","Relic Stats","SuperFastMode"],"gold_per_floor":[214,289,289,289,299,299,309,309,335,345,375,390,404,430,430,509,509,525,543,543,743,753,753,753,753],"floor_reached":24,"language":"ENG","playtime":807,"items_purged":[],"score":396,"play_id":"47552299-5c88-43d7-bd59-443bbc7b9c9f","local_time":"20210205220428","is_ascension_mode":true,"campfire_choices":[{"data":"Blade Dance","floor":6,"key":"SMITH"},{"data":"Neutralize","floor":8,"key":"SMITH"},{"data":"Malaise","floor":15,"key":"SMITH"},{"data":"Crippling Poison","floor":23,"key":"SMITH"}],"circlet_count":0,"master_deck":["AscendersBane","Strike_G","Strike_G","Strike_G","Strike_G","Defend_G","Defend_G","Defend_G","Defend_G","Defend_G","Survivor","Neutralize+1","Flying Knee","Blade Dance+1","Malaise+1","Cloak And Dagger","Quick Slash","Crippling Poison+1","Infinite Blades","Unload","Calculated Gamble","Ghostly","Ghostly","Ghostly","Blade Dance"],"relics":["Ring of the Snake","Dream Catcher","StrikeDummy","Sozu"],"acts_visited":["Exordium","TheCity"],"potions_floor_usage":[14],"damage_taken":[{"damage":3,"enemies":"Cultist","floor":1,"turns":4},{"damage":0,"enemies":"Jaw Worm","floor":5,"turns":5},{"damage":2,"enemies":"2 Louse","floor":7,"turns":3},{"damage":6,"enemies":"Lots of Slimes","floor":10,"turns":6},{"damage":3,"enemies":"2 Fungi Beasts","floor":12,"turns":4},{"damage":3,"enemies":"Large Slime","floor":13,"turns":6},{"damage":22,"enemies":"3 Sentries","floor":14,"turns":8},{"damage":29,"enemies":"The Guardian","floor":16,"turns":17},{"damage":0,"enemies":"3 Byrds","floor":18,"turns":5},{"damage":20,"enemies":"Shell Parasite","floor":19,"turns":6},{"damage":6,"enemies":"Snake Plant","floor":22,"turns":7},{"damage":28,"enemies":"Gremlin Leader","floor":24,"turns":6}],"seed_played":"7078330712116642956","potions_obtained":[{"floor":10,"key":"SteroidPotion"},{"floor":13,"key":"FairyPotion"}],"is_trial":false,"path_per_floor":["M","?","?","?","M","R","M","R","T","M","?","M","M","E","R","B",null,"M","M","?","?","M","R","E"],"character_chosen":"THE_SILENT","items_purchased":[],"campfire_rested":0,"item_purchase_floors":[],"current_hp_per_floor":[56,45,45,45,45,45,43,43,43,37,37,34,31,9,9,9,52,52,32,32,32,26,26,0,0],"gold":753,"neow_bonus":"HUNDRED_GOLD","is_daily":false,"chose_seed":false,"campfire_upgraded":4,"win_rate":0.0,"timestamp":1612580668,"path_taken":["M","?","?","?","M","R","?","R","T","M","?","M","M","E","R","BOSS","M","M","?","?","?","R","E"],"items_purchased_type":[],"build_version":"2020-12-22","purchased_purges":0,"victory":false,"max_hp_per_floor":[66,66,66,66,66,66,66,66,66,66,66,66,66,66,66,66,66,66,66,33,33,33,33,33,33],"relic_stats":{"Sozu":0,"Dream Catcher":0,"counters":[12,77],"obtain_stats":[{"Sozu":17,"Dream Catcher":9,"StrikeDummy":14,"Ring of the Snake":0},{"Sozu":8,"Dream Catcher":3,"StrikeDummy":7,"Ring of the Snake":0},{"Sozu":53,"Dream Catcher":12,"StrikeDummy":36,"Ring of the Snake":0}],"Ring of the Snake":[24]},"card_choices":[{"not_picked":["Cloak And Dagger","Terror"],"picked":"Flying Knee","floor":1},{"not_picked":["Flying Knee","Dodge and Roll"],"picked":"Blade Dance","floor":5},{"not_picked":["Setup","Bane"],"picked":"Malaise","floor":7},{"not_picked":["Riddle With Holes","Slice"],"picked":"Cloak And Dagger","floor":10},{"not_picked":["Slice","Backstab"],"picked":"Quick Slash","floor":12},{"not_picked":["Slice","Setup"],"picked":"Crippling Poison","floor":13},{"not_picked":["Dodge and Roll","Bullet Time"],"picked":"Infinite Blades","floor":14},{"not_picked":["Doppelganger","Tools of the Trade"],"picked":"Unload","floor":16},{"not_picked":["All Out Attack+1","Acrobatics"],"picked":"Calculated Gamble","floor":18},{"not_picked":["Crippling Poison","Quick Slash","Sucker Punch"],"picked":"SKIP","floor":19},{"not_picked":["Quick Slash","Backstab"],"picked":"Blade Dance","floor":22}],"player_experience":3020166,"relics_obtained":[{"floor":9,"key":"Dream Catcher"},{"floor":14,"key":"StrikeDummy"}],"event_choices":[{"damage_healed":0,"gold_gain":75,"player_choice":"Gather Gold","damage_taken":11,"max_hp_gain":0,"max_hp_loss":0,"event_name":"World of Goop","floor":2,"gold_loss":0},{"damage_healed":0,"gold_gain":0,"player_choice":"Ignored","damage_taken":0,"max_hp_gain":0,"max_hp_loss":0,"event_name":"Liars Game","floor":3,"gold_loss":0},{"cards_removed":["Strike_G"],"damage_healed":0,"gold_gain":0,"player_choice":"Offered Basic","damage_taken":0,"max_hp_gain":0,"max_hp_loss":0,"event_name":"Bonfire Elementals","floor":4,"gold_loss":0},{"damage_healed":0,"gold_gain":30,"player_choice":"Searched \u00271\u0027 times","damage_taken":0,"max_hp_gain":0,"max_hp_loss":0,"event_name":"Dead Adventurer","floor":11,"gold_loss":0},{"damage_healed":0,"gold_gain":0,"player_choice":"Became a Ghost","damage_taken":0,"max_hp_gain":0,"max_hp_loss":33,"event_name":"Ghosts","floor":20,"gold_loss":0,"cards_obtained":["Ghostly","Ghostly","Ghostly"]},{"damage_healed":0,"gold_gain":200,"player_choice":"Gold","damage_taken":0,"max_hp_gain":0,"max_hp_loss":0,"event_name":"Wheel of Change","floor":21,"gold_loss":0}],"is_beta":false,"boss_relics":[{"not_picked":["Runic Pyramid","Black Star"],"picked":"Sozu"}],"items_purged_floors":[],"is_endless":false,"potions_floor_spawned":[10,13],"killed_by":"Gremlin Leader","ascension_level":20}}