{"host":"u7bb6mvzuirwfcqo","time":1612626923,"event":{"mods":["2.2 Compatiblity","AchievementEnabler","BaseMod","Card Forge","Downfall","Hermit","Minty Spire (QoL Compilation)","Relic Stats","Replay The Spire","StSLib"],"gold_per_floor":[99,114,133,133,148,148,148,180,195,195,34,34,54,71,89,89,89,89],"floor_reached":16,"language":"ENG","playtime":1321,"items_purged":[],"score":104,"play_id":"996e7740-0beb-46a9-a430-76ec3ad03c4d","local_time":"20210206105523","is_ascension_mode":false,"campfire_choices":[],"circlet_count":0,"master_deck":["hexamod:Strike","hexamod:Strike","hexamod:Strike","hexamod:Defend","hexamod:Defend","hexamod:Defend","hexamod:Defend","hexamod:Sear","hexamod:Float","hexamod:HeatMetal","hexamod:PhantomCloak+1","hexamod:ThermalTransfer+1","hexamod:BurningTouch","hexamod:PhantomCloak+1","hexamod:Firestarter","hexamod:Hexaguard","hexamod:FirstSeal","hexamod:InspiringFlames"],"relics":["Hammer of Thor","Seething Fire","Anvil of the Gods","Oddly Smooth Stone","Replay:Wax Seal","m_DevilBlood","OrangePellets","Replay:Bottled Eggs"],"acts_visited":["Exordium"],"potions_floor_usage":[],"damage_taken":[{"damage":0,"enemies":"Small Slimes","floor":2,"turns":3},{"damage":7,"enemies":"2 Louse","floor":3,"turns":3},{"damage":4,"enemies":"Jaw Worm","floor":5,"turns":4},{"damage":15,"enemies":"3 Sentries","floor":8,"turns":9},{"damage":0,"enemies":"Blue Slaver","floor":9,"turns":4},{"damage":0,"enemies":"downfall:FleeingMerchant","floor":11,"turns":4},{"damage":0,"enemies":"Large Slime","floor":13,"turns":6},{"damage":26,"enemies":"Exordium Thugs","floor":14,"turns":8},{"damage":21,"enemies":"3 Louse","floor":15,"turns":4},{"damage":34,"enemies":"DF_ARCHETYPE_STREAMLINE","floor":16,"turns":8}],"seed_played":"4989142522747250958","potions_obtained":[{"floor":2,"key":"hexamod:EctoCoolerPotion"},{"floor":3,"key":"LiquidBronze"},{"floor":13,"key":"champ:CounterPotion"}],"is_trial":false,"path_per_floor":["R","M","M","?","M","?","T","E","M","?","$","?","M","M","M","B"],"character_chosen":"THE_SPIRIT","items_purchased":["OrangePellets"],"campfire_rested":0,"item_purchase_floors":[11],"current_hp_per_floor":[77,77,70,70,66,66,66,51,51,51,57,50,56,43,33,0,0,0],"gold":89,"neow_bonus":"TEN_PERCENT_HP_BONUS","is_daily":false,"chose_seed":false,"campfire_upgraded":0,"win_rate":0.0,"timestamp":1612626923,"path_taken":["R","M","M","?","M","?","T","E","M","?","$","?","?","M","M","BOSS"],"items_purchased_type":["Relic"],"build_version":"2020-12-22","purchased_purges":0,"victory":false,"max_hp_per_floor":[77,77,77,77,77,77,77,77,77,77,77,77,77,77,77,77,77,77],"relic_stats":{"OrangePellets":[7],"counters":[10,53],"obtain_stats":[{"OrangePellets":11,"Anvil of the Gods":0,"Oddly Smooth Stone":7,"m_DevilBlood":10,"Hammer of Thor":0,"Seething Fire":0,"Replay:Wax Seal":8,"Replay:Bottled Eggs":12,"hexamod:SpiritBrand":0},{"OrangePellets":6,"Anvil of the Gods":0,"Oddly Smooth Stone":3,"m_DevilBlood":5,"Hammer of Thor":0,"Seething Fire":0,"Replay:Wax Seal":4,"Replay:Bottled Eggs":6,"hexamod:SpiritBrand":0},{"OrangePellets":27,"Anvil of the Gods":0,"Oddly Smooth Stone":10,"m_DevilBlood":23,"Hammer of Thor":0,"Seething Fire":0,"Replay:Wax Seal":19,"Replay:Bottled Eggs":27,"hexamod:SpiritBrand":0}]},"card_choices":[{"not_picked":["hexamod:ChargedBarrage","hexamod:InspiringFlames"],"picked":"hexamod:PhantomCloak","floor":2},{"not_picked":["hexamod:BacktrackSmack","hexamod:HauntingEcho"],"picked":"hexamod:ThermalTransfer","floor":3},{"not_picked":["hexamod:AdvancingGuard","hexamod:SwordOfDarkness"],"picked":"hexamod:BurningTouch","floor":5},{"not_picked":["hexamod:SwordOfDarkness","hexamod:SpectersWail"],"picked":"hexamod:PhantomCloak","floor":8},{"not_picked":["hexamod:BacktrackSmack","hexamod:HeatMetal"],"picked":"hexamod:Firestarter","floor":9},{"not_picked":["Defy Death","hexamod:AdvancingGuard"],"picked":"hexamod:Hexaguard","floor":11},{"not_picked":["hexamod:Haunt","Ghostly Armor"],"picked":"hexamod:FirstSeal","floor":13},{"not_picked":["Fiend Fire","hexamod:Firestarter","hexamod:Haunt"],"picked":"SKIP","floor":14},{"not_picked":["hexamod:HeatMetal","hexamod:GhostLash"],"picked":"hexamod:InspiringFlames","floor":15}],"player_experience":18162,"relics_obtained":[{"floor":7,"key":"Oddly Smooth Stone"},{"floor":8,"key":"Replay:Wax Seal"}],"event_choices":[{"damage_healed":0,"gold_gain":0,"player_choice":"Grow","damage_taken":0,"max_hp_gain":0,"max_hp_loss":0,"event_name":"Living Wall","floor":6,"gold_loss":0,"cards_upgraded":["hexamod:ThermalTransfer"]},{"damage_healed":0,"gold_gain":0,"player_choice":"Success","damage_taken":7,"relics_obtained":["Replay:Bottled Eggs"],"max_hp_gain":0,"max_hp_loss":0,"event_name":"Scrap Ooze","floor":12,"gold_loss":0}],"is_beta":false,"boss_relics":[],"items_purged_floors":[],"is_endless":false,"potions_floor_spawned":[2,3,13,15],"killed_by":"DF_ARCHETYPE_STREAMLINE","ascension_level":0}}