{"host":"52lujqhsyicpcskq","time":1612600582,"event":{"mods":["BaseMod","Colored Map","Minty Spire (QoL Compilation)","Permanent Neow","StSLib","SuperFastMode","everything is the same but u backflip on backflip"],"gold_per_floor":[112,62,82,98,108,138,138,164,164,187,200,227,241,241,241,319,319,338,338,338,437,471,499,499,499,499],"floor_reached":25,"language":"KOR","playtime":898,"items_purged":[],"score":394,"play_id":"65c11be3-ae8d-413c-9ba4-04e227778c76","local_time":"20210206173622","is_ascension_mode":true,"campfire_choices":[{"floor":7,"key":"REST"},{"floor":15,"key":"REST"},{"data":"Adrenaline","floor":24,"key":"SMITH"}],"circlet_count":0,"master_deck":["AscendersBane","Strike_G","Strike_G","Strike_G","Strike_G","Defend_G","Defend_G","Defend_G","Defend_G","Survivor","Neutralize","Adrenaline+1","Slice","All Out Attack","Endless Agony","Dagger Spray","Deflect","Escape Plan","Sucker Punch","Phantasmal Killer","Poisoned Stab","Night Terror","Crippling Poison+1","Flying Knee","Quick Slash"],"relics":["Ring of the Snake","Bottled Lightning","Turnip","Shuriken","Omamori","Pantograph","Calling Bell","Tingsha","Snake Skull","HornCleat","MutagenicStrength","Red Mask","Toy Ornithopter"],"acts_visited":["Exordium","TheCity"],"potions_floor_usage":[6,8,12,16,18,23],"damage_taken":[{"damage":3,"enemies":"2 Louse","floor":1,"turns":4},{"damage":0,"enemies":"Jaw Worm","floor":3,"turns":4},{"damage":1,"enemies":"Cultist","floor":4,"turns":3},{"damage":2,"enemies":"Large Slime","floor":5,"turns":7},{"damage":42,"enemies":"Lagavulin","floor":6,"turns":6},{"damage":6,"enemies":"3 Sentries","floor":8,"turns":6},{"damage":0,"enemies":"2 Fungi Beasts","floor":11,"turns":2},{"damage":12,"enemies":"Lagavulin","floor":12,"turns":6},{"damage":6,"enemies":"Blue Slaver","floor":13,"turns":2},{"damage":43,"enemies":"Slime Boss","floor":16,"turns":9},{"damage":0,"enemies":"Spheric Guardian","floor":18,"turns":3},{"damage":7,"enemies":"Masked Bandits","floor":22,"turns":3},{"damage":3,"enemies":"Gremlin Leader","floor":23,"turns":4},{"damage":47,"enemies":"Book of Stabbing","floor":25,"turns":5}],"seed_played":"4676881771508993399","potions_obtained":[{"floor":1,"key":"CunningPotion"},{"floor":5,"key":"Block Potion"},{"floor":8,"key":"Block Potion"},{"floor":11,"key":"PowerPotion"},{"floor":16,"key":"Swift Potion"},{"floor":22,"key":"Fire Potion"}],"is_trial":false,"path_per_floor":["M","?","M","M","M","E","R","E","T","T","M","E","M","?","R","B",null,"M","?","?","?","?","E","R","E"],"character_chosen":"THE_SILENT","items_purchased":[],"campfire_rested":2,"item_purchase_floors":[],"current_hp_per_floor":[60,60,60,59,57,15,36,30,30,30,30,18,12,12,33,15,56,56,56,56,56,49,46,46,0,0],"gold":499,"neow_bonus":"ONE_RANDOM_RARE_CARD","is_daily":false,"chose_seed":false,"campfire_upgraded":1,"win_rate":0.0,"timestamp":1612600582,"path_taken":["M","?","M","M","M","E","R","E","T","?","M","E","M","?","R","BOSS","M","?","?","?","?","E","R","E"],"items_purchased_type":[],"build_version":"2020-12-22","purchased_purges":0,"victory":false,"max_hp_per_floor":[70,70,70,70,70,70,70,70,70,70,70,70,70,70,70,70,70,70,70,70,70,70,70,70,70,70],"card_choices":[{"not_picked":["Eviscerate","Outmaneuver"],"picked":"Slice","floor":1},{"not_picked":["Flechettes","Deflect"],"picked":"All Out Attack","floor":3},{"not_picked":["Prepared","Deadly Poison"],"picked":"Endless Agony","floor":4},{"not_picked":["Deflect","Noxious Fumes"],"picked":"Dagger Spray","floor":5},{"not_picked":["Prepared","Skewer"],"picked":"Deflect","floor":6},{"not_picked":["Prepared","Quick Slash"],"picked":"Escape Plan","floor":8},{"not_picked":["Predator","Tactician"],"picked":"Sucker Punch","floor":11},{"not_picked":["Eviscerate","Poisoned Stab"],"picked":"Phantasmal Killer","floor":12},{"not_picked":["Dagger Spray","Expertise"],"picked":"Poisoned Stab","floor":13},{"not_picked":["Burst","Die Die Die"],"picked":"Night Terror","floor":16},{"not_picked":["Outmaneuver","Backflip"],"picked":"Crippling Poison+1","floor":18},{"not_picked":["Acrobatics","Underhanded Strike"],"picked":"Flying Knee","floor":22},{"not_picked":["All Out Attack","Bane"],"picked":"Quick Slash","floor":23}],"player_experience":763384,"relics_obtained":[{"floor":6,"key":"Bottled Lightning"},{"floor":8,"key":"Turnip"},{"floor":9,"key":"Shuriken"},{"floor":10,"key":"Omamori"},{"floor":12,"key":"Pantograph"},{"floor":17,"key":"Tingsha"},{"floor":17,"key":"Snake Skull"},{"floor":17,"key":"HornCleat"},{"floor":22,"key":"Red Mask"},{"floor":23,"key":"Toy Ornithopter"}],"event_choices":[{"cards_removed":["Strike_G"],"damage_healed":0,"gold_gain":0,"player_choice":"Card Removal","damage_taken":0,"max_hp_gain":0,"max_hp_loss":0,"event_name":"The Cleric","floor":2,"gold_loss":50},{"cards_removed":["Defend_G"],"damage_healed":0,"gold_gain":0,"player_choice":"Purged","damage_taken":0,"max_hp_gain":0,"max_hp_loss":0,"event_name":"Purifier","floor":14,"gold_loss":0},{"damage_healed":0,"gold_gain":0,"player_choice":"Inject Mutagens","damage_taken":0,"relics_obtained":["MutagenicStrength"],"max_hp_gain":0,"max_hp_loss":0,"event_name":"Drug Dealer","floor":19,"gold_loss":0},{"damage_healed":0,"gold_gain":0,"player_choice":"Ignored","damage_taken":0,"max_hp_gain":0,"max_hp_loss":0,"event_name":"Cursed Tome","floor":20,"gold_loss":0},{"damage_healed":0,"gold_gain":99,"player_choice":"Stole From Cult","damage_taken":0,"max_hp_gain":0,"max_hp_loss":0,"event_name":"Nest","floor":21,"gold_loss":0},{"damage_healed":0,"gold_gain":0,"player_choice":"Fought Bandits","damage_taken":0,"max_hp_gain":0,"max_hp_loss":0,"event_name":"Masked Bandits","floor":22,"gold_loss":0}],"is_beta":false,"boss_relics":[{"not_picked":["Tiny House","Busted Crown"],"picked":"Calling Bell"}],"items_purged_floors":[],"is_endless":false,"potions_floor_spawned":[1,5,8,11,16,22],"killed_by":"Book of Stabbing","ascension_level":13}}