{"host":"svad1nuufomhazap","time":1612588572,"event":{"mods":["Act Like it!","Aspiration","BaseMod","Bestiary","BetterRewards","Conspire","Custom Start","Downfall","GifTheSpireLib","Minty Spire (QoL Compilation)","Morshu Shopkeeper","Pale of the Ancients","Permanent Neow","Shop Mod","StSLib","Unceasing Turn Reminder"],"gold_per_floor":[99,111,123,135,148,148,217,247,257,10,48,61,83,83,97,210,210,110,131,131,148,133,168,168,194,194,94,108,132,32,63,87,87,87,87],"floor_reached":33,"language":"ENG","playtime":2298,"items_purged":[],"score":348,"play_id":"392274c0-b56f-4522-a32b-edb5989c0235","local_time":"20210205231612","is_ascension_mode":true,"campfire_choices":[{"data":"hexamod:Float","floor":1,"key":"SMITH"},{"floor":27,"key":"RECALL"}],"circlet_count":0,"master_deck":["hexamod:Strike+1","hexamod:Strike","hexamod:Defend","hexamod:Defend","hexamod:Defend","hexamod:Sear","hexamod:Float+1","hexamod:SpectersWail","hexamod:ExtraCrispy","hexamod:FlamesFromBeyond","hexamod:FirstSeal","Die Die Die","Flechettes+1","Blur","hexamod:SuperheatedStrike","hexamod:SuperheatedStrike+1","hexamod:Firestarter","hexamod:SecondSeal","hexamod:ForkedFlame","hexamod:GhostShield","hexamod:BurningTouch","downfall:Malfunctioning","hexamod:SoulSteal","hexamod:HexaLevel","hexamod:Hexaguard","hexamod:GhostShield","hexamod:StepThrough","hexamod:FlamesFromBeyond","hexamod:Firestarter","hexamod:BurningTouch","hexamod:HeatCrush","hexamod:BurningTouch","hexamod:GhostflameBarrier","hexamod:GhostShield"],"relics":["hexamod:SpiritBrand","bronze:DecasWashers","Vajra","aspiration:ArtOfWarUpgrade","Smiling Mask","Fusion Hammer","downfall:HeartBlessingGreen","Dream Catcher","downfall:HeartBlessingBlue","downfall:HeartBlessingRed","conspire:TreasureMap","Lantern"],"acts_visited":["TheCity"],"potions_floor_usage":[9,33],"damage_taken":[{"damage":0,"enemies":"conspire:RoseBush","floor":2,"turns":3},{"damage":0,"enemies":"Cultist","floor":3,"turns":3},{"damage":2,"enemies":"Small Slimes","floor":4,"turns":4},{"damage":2,"enemies":"2 Fungi Beasts","floor":5,"turns":3},{"damage":26,"enemies":"Lagavulin","floor":8,"turns":6},{"damage":2,"enemies":"conspire:2 RoseBushes","floor":9,"turns":3},{"damage":5,"enemies":"downfall:FleeingMerchant","floor":10,"turns":4},{"damage":0,"enemies":"3 Sentries","floor":11,"turns":4},{"damage":1,"enemies":"Exordium Wildlife","floor":12,"turns":2},{"damage":1,"enemies":"Lots of Slimes","floor":13,"turns":2},{"damage":1,"enemies":"2 Fungi Beasts","floor":15,"turns":2},{"damage":38,"enemies":"DF_ARCHETYPE_STREAMLINE","floor":16,"turns":8},{"damage":3,"enemies":"conspire:FuzzyDice","floor":19,"turns":3},{"damage":6,"enemies":"Spheric Guardian","floor":21,"turns":4},{"damage":2,"enemies":"downfall:FleeingMerchant","floor":22,"turns":4},{"damage":28,"enemies":"Slavers","floor":23,"turns":3},{"damage":8,"enemies":"conspire:HollyBat","floor":25,"turns":7},{"damage":8,"enemies":"Centurion and Healer","floor":28,"turns":4},{"damage":7,"enemies":"Cultist and Chosen","floor":29,"turns":6},{"damage":1,"enemies":"downfall:FleeingMerchant","floor":31,"turns":3},{"damage":0,"enemies":"Chosen and Byrds","floor":32,"turns":4},{"damage":67,"enemies":"SI_MIRROR_ARCHETYPE","floor":33,"turns":8}],"seed_played":"8981724170806569773","potions_obtained":[{"floor":2,"key":"DuplicationPotion"},{"floor":3,"key":"Weak Potion"},{"floor":8,"key":"Block Potion"},{"floor":9,"key":"SteroidPotion"},{"floor":29,"key":"hexamod:DoubleChargePotion"}],"is_trial":false,"path_per_floor":["R","M","M","M","M","?","T","E","M","$","E","M","M","?","M","B",null,"R","M","?","M","$","E","T","M","?","R","M","M","R","$","M","B"],"character_chosen":"THE_SPIRIT","items_purchased":["hexamod:SecondSeal","Art of War","conspire:TreasureMap","Lantern"],"campfire_rested":0,"item_purchase_floors":[10,10,31,31],"current_hp_per_floor":[77,77,77,75,73,73,73,54,59,61,68,74,73,73,77,39,77,77,77,77,77,75,54,54,53,53,63,62,62,62,61,61,0,0,0],"gold":87,"neow_bonus":"TEN_PERCENT_HP_BONUS","is_daily":false,"chose_seed":false,"campfire_upgraded":1,"win_rate":0.0,"timestamp":1612588572,"path_taken":["R","M","M","M","M","?","T","E","?","$","E","M","M","?","M","BOSS","R","M","?","M","$","E","T","M","?","R","?","?","R","$","M","BOSS"],"items_purchased_type":["Card","Relic","Relic","Relic"],"build_version":"2020-12-22","purchased_purges":0,"victory":false,"max_hp_per_floor":[77,77,77,77,77,77,77,77,77,77,77,77,77,77,77,77,77,77,77,77,77,77,77,77,77,77,87,87,87,87,87,87,87,87,87],"card_choices":[{"not_picked":["hexamod:GhostOfSpirePast","hexamod:GhostLash"],"picked":"hexamod:SpectersWail","floor":2},{"not_picked":["hexamod:Rewind","hexamod:ThermalTransfer"],"picked":"hexamod:ExtraCrispy","floor":3},{"not_picked":["hexamod:SwordOfDarkness","hexamod:SpectralAdrenaline"],"picked":"hexamod:FlamesFromBeyond","floor":4},{"not_picked":["hexamod:DynamicBlow","hexamod:PhantomCloak"],"picked":"hexamod:FirstSeal","floor":5},{"not_picked":["hexamod:GiftsFromTheDead","hexamod:NightmareGuise"],"picked":"hexamod:SuperheatedStrike","floor":8},{"not_picked":["hexamod:ThermalTransfer","hexamod:SwordOfDarkness"],"picked":"hexamod:SuperheatedStrike","floor":9},{"not_picked":["hexamod:PhantomFireball","hexamod:FastForward"],"picked":"hexamod:Firestarter","floor":10},{"not_picked":["hexamod:NightmareGuise","hexamod:NightmareStrike"],"picked":"hexamod:ForkedFlame","floor":11},{"not_picked":["hexamod:Haunt","hexamod:BacktrackSmack"],"picked":"hexamod:GhostShield","floor":12},{"not_picked":["hexamod:PhantomFireball","hexamod:ThermalTransfer"],"picked":"hexamod:BurningTouch","floor":13},{"not_picked":["hexamod:HeatMetal","hexamod:ThermalTransfer"],"picked":"hexamod:SoulSteal","floor":15},{"not_picked":["hexamod:ParanormalForm","hexamod:ApocalypticArmor"],"picked":"hexamod:HexaLevel","floor":16},{"not_picked":["hexamod:PhantomFireball","hexamod:FastForward"],"picked":"hexamod:Hexaguard","floor":19},{"not_picked":["hexamod:InspiringFlames","hexamod:NightmareStrike"],"picked":"hexamod:GhostShield","floor":21},{"not_picked":["hexamod:HeatMetal","hexamod:HexaLevel"],"picked":"hexamod:StepThrough","floor":22},{"not_picked":["hexamod:Firestarter","hexamod:PhantomCloak"],"picked":"hexamod:FlamesFromBeyond","floor":23},{"not_picked":["hexamod:Haunt","hexamod:GhostflameBarrier"],"picked":"hexamod:Firestarter","floor":25},{"not_picked":["hexamod:ShieldOfDarkness+1","hexamod:Hexaguard"],"picked":"hexamod:HeatCrush","floor":28},{"not_picked":["hexamod:GhostLash","hexamod:Again+1"],"picked":"hexamod:BurningTouch","floor":29},{"not_picked":["hexamod:SwordOfDarkness","hexamod:ShieldOfDarkness"],"picked":"hexamod:GhostflameBarrier","floor":31},{"not_picked":["hexamod:Again","hexamod:CatchUp"],"picked":"hexamod:GhostShield","floor":32}],"player_experience":329593,"relics_obtained":[{"floor":7,"key":"bronze:DecasWashers"},{"floor":8,"key":"Vajra"},{"floor":11,"key":"Smiling Mask"},{"floor":23,"key":"Dream Catcher"}],"event_choices":[{"damage_healed":0,"gold_gain":0,"player_choice":"Ignored","damage_taken":0,"max_hp_gain":0,"max_hp_loss":0,"event_name":"Vampires","floor":20,"gold_loss":0},{"damage_healed":0,"gold_gain":0,"player_choice":"Read","damage_taken":0,"max_hp_gain":0,"max_hp_loss":0,"event_name":"The Library","floor":26,"gold_loss":0,"cards_obtained":["hexamod:BurningTouch"]}],"is_beta":false,"boss_relics":[{"not_picked":["conspire:SlowCooker","Runic Pyramid"],"picked":"Fusion Hammer"}],"items_purged_floors":[],"is_endless":false,"potions_floor_spawned":[2,3,8,9,11,16,21,28,29],"killed_by":"SI_MIRROR_ARCHETYPE","ascension_level":1}}