{"host":"og2dufvjgkards7m","time":1612639763,"event":{"mods":["AchievementEnabler","BaseMod","Better Match","Better Note","Better Sensory Stone","Block Reminder","Colored Map","Colored Powertips","DeckTracker","Highlight Path","Minty Spire (QoL Compilation)","Rare Cards Sparkle","Relic Sorter","StSLib","SuperFastMode"],"gold_per_floor":[367,37,37,50,67,102,114,114,114,114,114],"floor_reached":10,"language":"SPA","playtime":622,"items_purged":["Regret"],"score":85,"play_id":"91d0a2f1-543b-4f46-a0b6-50da298db0b8","local_time":"20210206112923","is_ascension_mode":true,"campfire_choices":[{"floor":8,"key":"REST"}],"circlet_count":0,"master_deck":["Strike_P","Strike_P","Strike_P","Strike_P","Defend_P","Defend_P","Defend_P","Eruption","Vigilance","Sanctity+1","ClearTheMind+1","Swivel+1","Meditate+1"],"relics":["PureWater","Toxic Egg 2","Frozen Egg 2","Calipers"],"acts_visited":["Exordium"],"potions_floor_usage":[10],"damage_taken":[{"damage":3,"enemies":"Jaw Worm","floor":1,"turns":5},{"damage":0,"enemies":"Small Slimes","floor":4,"turns":4},{"damage":0,"enemies":"2 Louse","floor":5,"turns":2},{"damage":51,"enemies":"3 Sentries","floor":6,"turns":11},{"damage":0,"enemies":"Exordium Wildlife","floor":7,"turns":2},{"damage":39,"enemies":"Lagavulin","floor":10,"turns":11}],"seed_played":"4072661661704938916","potions_obtained":[{"floor":6,"key":"Ambrosia"}],"is_trial":false,"path_per_floor":["M","$","?","M","M","E","M","R","T","E"],"character_chosen":"WATCHER","items_purchased":["Toxic Egg 2"],"campfire_rested":1,"item_purchase_floors":[2],"current_hp_per_floor":[69,69,69,69,69,18,18,39,39,0,0],"gold":114,"neow_bonus":"TWO_FIFTY_GOLD","is_daily":false,"chose_seed":false,"campfire_upgraded":0,"win_rate":0.0,"timestamp":1612639763,"path_taken":["M","$","?","M","M","E","M","R","T","E"],"items_purchased_type":["Relic"],"build_version":"2020-12-22","purchased_purges":1,"victory":false,"max_hp_per_floor":[72,72,72,72,72,72,72,72,72,72,72],"card_choices":[{"not_picked":["BowlingBash","EmptyFist","SashWhip"],"picked":"SKIP","floor":1},{"not_picked":["Prostrate+1","Crescendo+1"],"picked":"Sanctity+1","floor":4},{"not_picked":["BowlingBash","Tantrum"],"picked":"ClearTheMind+1","floor":5},{"not_picked":["FlyingSleeves","DeceiveReality+1"],"picked":"Swivel+1","floor":6},{"not_picked":["ThirdEye+1","SashWhip"],"picked":"Meditate+1","floor":7}],"player_experience":181616,"relics_obtained":[{"floor":6,"key":"Frozen Egg 2"},{"floor":9,"key":"Calipers"}],"event_choices":[{"cards_removed":["Defend_P"],"damage_healed":0,"gold_gain":0,"player_choice":"Forget","damage_taken":0,"max_hp_gain":0,"max_hp_loss":0,"event_name":"Living Wall","floor":3,"gold_loss":0}],"is_beta":false,"boss_relics":[],"items_purged_floors":[2],"is_endless":false,"potions_floor_spawned":[6],"killed_by":"Lagavulin","ascension_level":5}}