{"host":"1mv6gj0zv8k9e9tz","time":1612604421,"event":{"mods":["AchievementEnabler","BaseMod","Better Third Choice","Colored Map","DeckTracker","Highlight Path","KOR Keyword Fix","Keyboard Shortcuts","Minty Spire (QoL Compilation)","Permanent Neow","Quick Restart","Rare Cards Sparkle","StSLib","SuperFastMode","everything is the same but u backflip on backflip"],"gold_per_floor":[365,287,298,313,323,323,357,303,350,350,350,350,10,20,20,92,92,102,115,115,115],"floor_reached":20,"language":"KOR","playtime":381,"items_purged":["Strike_B"],"score":322,"play_id":"39dc5a00-01d3-455f-8ea9-62e72bf4cb6e","local_time":"20210206184021","is_ascension_mode":true,"campfire_choices":[{"data":"Sunder","floor":6.0,"key":"SMITH"},{"floor":10.0,"key":"REST"},{"data":"Genetic Algorithm","floor":12.0,"key":"SMITH"},{"data":"Double Energy","floor":15.0,"key":"SMITH"}],"circlet_count":0,"master_deck":["AscendersBane","Strike_B","Strike_B","Strike_B","Defend_B","Defend_B","Defend_B","Defend_B","Zap","Dualcast","Sunder+1","Genetic Algorithm+1","Ball Lightning","Rebound","Ball Lightning","Double Energy+1","Biased Cognition"],"relics":["Cracked Core","Shuriken","Membership Card","Pear","Nuclear Battery"],"acts_visited":["Exordium","TheCity"],"potions_floor_usage":[16,16],"damage_taken":[{"damage":0.0,"enemies":"Small Slimes","floor":1.0,"turns":3.0},{"damage":6.0,"enemies":"Jaw Worm","floor":3.0,"turns":3.0},{"damage":4.0,"enemies":"2 Louse","floor":4.0,"turns":2.0},{"damage":24.0,"enemies":"Exordium Thugs","floor":5.0,"turns":5.0},{"damage":19.0,"enemies":"Gremlin Nob","floor":7.0,"turns":4.0},{"damage":6.0,"enemies":"Looter","floor":14.0,"turns":2.0},{"damage":37,"enemies":"The Guardian","floor":16,"turns":10},{"damage":20,"enemies":"Chosen","floor":18,"turns":4},{"damage":35,"enemies":"3 Byrds","floor":19,"turns":4},{"damage":13,"enemies":"Snecko","floor":20,"turns":2}],"seed_played":"-5140066208079665301","potions_obtained":[{"floor":3.0,"key":"Dexterity Potion"},{"floor":7.0,"key":"Block Potion"}],"is_trial":false,"path_per_floor":["M","$","M","M","M","R","E","?","T","R","?","R","$","M","R","B",null,"M","M","M"],"character_chosen":"DEFECT","items_purchased":["Genetic Algorithm","Membership Card","Pear"],"campfire_rested":1,"item_purchase_floors":[2,13,13],"current_hp_per_floor":[64,64,58,54,30,30,11,11,11,30,35,35,45,39,39,2,60,40,5,0,0],"gold":115,"neow_bonus":"TWO_FIFTY_GOLD","is_daily":false,"chose_seed":false,"campfire_upgraded":3,"win_rate":0.0,"timestamp":1612604421,"path_taken":["M","$","M","M","M","R","E","?","T","R","?","R","$","M","R","BOSS","M","M","M"],"items_purchased_type":["Card","Relic","Relic"],"build_version":"2020-12-22","purchased_purges":1,"victory":false,"max_hp_per_floor":[64,64,64,64,64,64,64,64,64,64,69,69,79,79,79,79,79,79,79,79,79],"card_choices":[{"not_picked":["Compile Driver","Auto Shields"],"picked":"Sunder","floor":1.0},{"not_picked":["Conserve Battery","Leap"],"picked":"Ball Lightning","floor":3.0},{"not_picked":["Rebound","Redo","Steam"],"picked":"SKIP","floor":4.0},{"not_picked":["Redo","Steam"],"picked":"Rebound","floor":4.0},{"not_picked":["Fusion","Beam Cell","Turbo"],"picked":"SKIP","floor":5.0},{"not_picked":["Stack","Chaos"],"picked":"Ball Lightning","floor":7.0},{"not_picked":["Tempest","Streamline"],"picked":"Double Energy","floor":14.0},{"not_picked":["Reboot","Buffer"],"picked":"Biased Cognition","floor":16},{"not_picked":["Doom and Gloom+1","Fusion","Rip and Tear"],"picked":"SKIP","floor":18},{"not_picked":["Gash","Sweeping Beam","Storm"],"picked":"SKIP","floor":19}],"player_experience":627751,"relics_obtained":[{"floor":7.0,"key":"Shuriken"}],"event_choices":[{"damage_healed":0.0,"max_hp_gain":0.0,"max_hp_loss":0.0,"gold_gain":0.0,"event_name":"betterThird:BetterGoop","player_choice":"Left","floor":8.0,"gold_loss":54.0,"damage_taken":0.0},{"damage_healed":0.0,"max_hp_gain":5.0,"max_hp_loss":0.0,"gold_gain":0.0,"event_name":"Big Fish","player_choice":"Donut","floor":11.0,"gold_loss":0.0,"damage_taken":0.0}],"is_beta":false,"boss_relics":[{"not_picked":["Fusion Hammer","Coffee Dripper"],"picked":"Nuclear Battery"}],"items_purged_floors":[13],"is_endless":false,"potions_floor_spawned":[3,7,14],"killed_by":"Snecko","ascension_level":17}}