{"host":"osk2oboccoevp2u5","time":1612573624,"event":{"mods":["AchievementEnabler","Alarm Clock","BaseMod","Colored Powertips","Disable Question Mark Monsters","Displayed Cursed Tome","FoggyMod","Key Reminder","Minty Spire (QoL Compilation)","Potion Indicator Mod","Quick Restart","Rare Cards Sparkle","Reorder Act Four","StSLib","The Senshi","Useless Jewels Mod"],"gold_per_floor":[113,188,363,638,638,638,673,673,720,33,33,33,33,33,33,137,137,155,155,155,155,6,6,6],"floor_reached":23,"language":"ENG","playtime":1019,"items_purged":["Regret","Decay"],"score":279,"play_id":"78fc19e3-e356-4ed7-9863-7e24d979c7d0","local_time":"20210205210704","is_ascension_mode":false,"campfire_choices":[{"data":"theSenshi:MoonPrismPowerMakeUp","floor":6,"key":"SMITH"},{"data":"Iron Wave","floor":8,"key":"SMITH"},{"floor":15,"key":"REST"}],"circlet_count":0,"master_deck":["theSenshi:SailorKick","theSenshi:SailorKick","theSenshi:SailorKick","theSenshi:SailorKick+1","theSenshi:SailorBlock+1","theSenshi:SailorBlock","theSenshi:SailorBlock","theSenshi:SailorBlock","theSenshi:MoonPrismPowerMakeUp+1","theSenshi:SteeledNerves","Doubt","Iron Wave+1","theSenshi:SchoolBag","theSenshi:MoonPrismPowerMakeUp+1","theSenshi:FatedKiss","theSenshi:SailorVenusAssists"],"relics":["theSenshi:TransformationBroochRelic","NeowsBlessing","theSenshi:CrisisMoonCompactRelic","Orichalcum","DollysMirror","MealTicket","Vajra","SlaversCollar"],"acts_visited":["Exordium","TheCity"],"potions_floor_usage":[1],"damage_taken":[{"damage":0,"enemies":"2 Louse","floor":1,"turns":1},{"damage":0,"enemies":"3 Sentries","floor":7,"turns":1},{"damage":0,"enemies":"Hexaghost","floor":16,"turns":1},{"damage":80,"enemies":"Chosen","floor":18,"turns":12},{"damage":10,"enemies":"Shell Parasite","floor":23,"turns":8}],"seed_played":"3746317485373460207","potions_obtained":[{"floor":1,"key":"Fruit Juice"},{"floor":7,"key":"LiquidMemories"},{"floor":21,"key":"PowerPotion"},{"floor":21,"key":"EssenceOfSteel"}],"is_trial":false,"path_per_floor":["M","?","?","?","?","R","E","R","T","$","?","?","?","?","R","B",null,"M","?","?","?","$","M"],"character_chosen":"THE_SENSHI","items_purchased":["DollysMirror","MealTicket","Vajra","Thinking Ahead","theSenshi:SailorVenusAssists"],"campfire_rested":1,"item_purchase_floors":[10,10,10,10,22],"current_hp_per_floor":[80,72,72,72,72,72,72,72,72,72,77,95,76,67,95,95,95,15,15,15,15,30,20,20],"gold":6,"neow_bonus":"THREE_ENEMY_KILL","is_daily":false,"chose_seed":false,"campfire_upgraded":2,"win_rate":0.0,"timestamp":1612573624,"path_taken":["M","?","?","?","?","R","E","R","T","$","?","?","?","?","R","BOSS","M","?","?","?","$","?"],"items_purchased_type":["Relic","Relic","Relic","Card","Card"],"build_version":"2020-12-22","purchased_purges":2,"victory":false,"max_hp_per_floor":[80,80,80,80,80,80,80,80,80,80,85,95,95,95,95,95,95,95,95,95,95,95,95,95],"card_choices":[{"not_picked":["theSenshi:MoonPrincessHalation","theSenshi:SailorMercuryAssists"],"picked":"theSenshi:SteeledNerves","floor":1},{"not_picked":["theSenshi:SailorChibiMoonAssists","theSenshi:KlutzyLuck"],"picked":"theSenshi:SchoolBag","floor":7},{"not_picked":["theSenshi:IWillPunishYou","theSenshi:SailorCosmosAssists"],"picked":"theSenshi:FatedKiss","floor":16},{"not_picked":["theSenshi:OdangoHead","theSenshi:PlutosSolemnity+1","theSenshi:LunasBite"],"picked":"SKIP","floor":18}],"player_experience":921797,"relics_obtained":[{"floor":7,"key":"theSenshi:CrisisMoonCompactRelic"},{"floor":9,"key":"Orichalcum"}],"event_choices":[{"damage_healed":0,"gold_gain":75,"player_choice":"Touch","damage_taken":8,"max_hp_gain":0,"max_hp_loss":0,"event_name":"FaceTrader","floor":2,"gold_loss":0},{"damage_healed":0,"gold_gain":175,"player_choice":"AGREE","damage_taken":0,"max_hp_gain":0,"max_hp_loss":0,"event_name":"Liars Game","floor":3,"gold_loss":0,"cards_obtained":["Doubt"]},{"damage_healed":0,"gold_gain":275,"player_choice":"Desecrate","damage_taken":0,"max_hp_gain":0,"max_hp_loss":0,"event_name":"Golden Shrine","floor":4,"gold_loss":0,"cards_obtained":["Regret"]},{"cards_removed":["theSenshi:RoseThrow"],"damage_healed":0,"gold_gain":0,"player_choice":"Took Card","damage_taken":0,"max_hp_gain":0,"max_hp_loss":0,"event_name":"NoteForYourself","floor":5,"gold_loss":0,"cards_obtained":["Iron Wave"]},{"damage_healed":0,"gold_gain":0,"player_choice":"Donut","damage_taken":0,"max_hp_gain":5,"max_hp_loss":0,"event_name":"Big Fish","floor":11,"gold_loss":0},{"cards_removed":["Thinking Ahead"],"damage_healed":8,"gold_gain":0,"player_choice":"Offered Rare","damage_taken":0,"max_hp_gain":10,"max_hp_loss":0,"event_name":"Bonfire Elementals","floor":12,"gold_loss":0},{"damage_healed":0,"gold_gain":0,"player_choice":"Entered Light","damage_taken":19,"max_hp_gain":0,"max_hp_loss":0,"event_name":"Shining Light","floor":13,"gold_loss":0,"cards_upgraded":["theSenshi:SailorKick","theSenshi:SailorBlock"]},{"damage_healed":0,"gold_gain":0,"player_choice":"Damaged","damage_taken":9,"max_hp_gain":0,"max_hp_loss":0,"event_name":"Wheel of Change","floor":14,"gold_loss":0},{"damage_healed":0,"gold_gain":0,"player_choice":"Smashed Altar","damage_taken":0,"max_hp_gain":0,"max_hp_loss":0,"event_name":"Forgotten Altar","floor":19,"gold_loss":0,"cards_obtained":["Decay"]},{"damage_healed":0,"gold_gain":0,"player_choice":"Ignored","damage_taken":0,"max_hp_gain":0,"max_hp_loss":0,"event_name":"Vampires","floor":20,"gold_loss":0},{"damage_healed":0,"gold_gain":0,"player_choice":"Got Potions","damage_taken":0,"max_hp_gain":0,"max_hp_loss":0,"event_name":"Lab","floor":21,"gold_loss":0}],"is_beta":false,"boss_relics":[{"not_picked":["SacredBark","Busted Crown"],"picked":"SlaversCollar"}],"items_purged_floors":[10,22],"is_endless":false,"potions_floor_spawned":[1,7],"killed_by":"Shell Parasite","ascension_level":0}}