{"host":"0cnf9zf1gia27zti","time":1612582373,"event":{"mods":["BaseMod","Better Third Choice","BetterRewards","Card Forge","ChefMod","Colored Map","Colored Powertips","Conspire","Downfall","Googly Eyes","Infinite Spire","Minty Spire (QoL Compilation)","Practice Mode","Quick Restart","Replay The Spire","Shade Mod","Spicy Shops","StSLib","The Marked"],"gold_per_floor":[114,114,134,134,149,177,177,222,298,309,344,2,27,177,177,249,249,263,263,178,178,26,56,56,56,56,56,67,67,78,104,104,181,181,196,209,209,209,227,259,276,276,276,276,293,78,107,123,123,123],"floor_reached":51,"language":"ENG","playtime":7715,"items_purged":["Strike_G","Strike_G","Strike_G"],"score":1836,"play_id":"9df94aaa-48d3-4f45-98a6-5aa689846ac2","local_time":"20210206033253","is_ascension_mode":true,"campfire_choices":[{"data":"Accuracy","floor":7,"key":"SMITH"},{"floor":15,"key":"REST"},{"data":"1","floor":27,"key":"LIFT"},{"floor":32,"key":"DIG"},{"data":"2","floor":42,"key":"LIFT"},{"floor":49,"key":"DIG"}],"circlet_count":0,"master_deck":["AscendersBane","Strike_G","Defend_G","Defend_G","Defend_G+1","Defend_G","Defend_G+1","Survivor","Neutralize","Infinite Blades+1","Infinite Blades+1","Noxious Fumes+1","The Bomb+1","Blade Dance","Noxious Fumes","Accuracy+1","Pot Of Greed+1","Pot Of Greed+1","Blade Dance","Infinite Blades+1","Backflip","Replay:Bag of Tricks+1","Backflip","Backflip+1","Pot Of Greed+1","Tools of the Trade+1","infinitespire:Execution","Prepared","infinitespire:Fortify","Cloak And Dagger+1","Footwork+1","Infinite Blades"],"relics":["Ring of the Snake","Hammer of Thor","Seething Fire","Anvil of the Gods","Golden Egg","DollysMirror","Omamori","Matryoshka","Nunchaku","Tiny Chest","ReplayFunnel","Bag of Marbles","Grinning Jar","infinitespire:WardingShard","Ancient Tea Set","Shuriken","Ninja Scroll","ReplayTheSpireMod:CursedCoin","Replay:Blank Codex","Girya","Replay:Bottled Steam","Anchor","conspire:Dentures","Mercury Hourglass","Bronze Scales","Pen Nib","Black Star","Du-Vu Doll","infinitespire:ShieldingShard","Vampiric Spirits","War Paint","Bag of Preparation","Vajra","Dream Catcher","Byrd Skull","conspire:Boomerang"],"acts_visited":["Exordium","TheCity","TheBeyond"],"potions_floor_usage":[5,10,10,18,23,45,45],"damage_taken":[{"damage":0,"enemies":"Cultist","floor":1,"turns":4},{"damage":0,"enemies":"conspire:RoseBush","floor":3,"turns":5},{"damage":0,"enemies":"Small Slimes","floor":5,"turns":4},{"damage":12,"enemies":"3 Sentries","floor":6,"turns":7},{"damage":0,"enemies":"3 Louse","floor":10,"turns":4},{"damage":13,"enemies":"Gremlin Nob","floor":11,"turns":3},{"damage":0,"enemies":"Lagavulin","floor":13,"turns":4},{"damage":0,"enemies":"Fading Forest","floor":16,"turns":9},{"damage":2,"enemies":"Shell Parasite","floor":18,"turns":4},{"damage":4,"enemies":"Gremlin Leader","floor":23,"turns":4},{"damage":0,"enemies":"2 Thieves","floor":28,"turns":2},{"damage":0,"enemies":"Snake Plant","floor":30,"turns":1},{"damage":4,"enemies":"Book of Stabbing","floor":31,"turns":4},{"damage":24,"enemies":"conspire:MysteriousRune","floor":33,"turns":4},{"damage":0,"enemies":"Orb Walker","floor":35,"turns":2},{"damage":0,"enemies":"3 Shapes","floor":36,"turns":3},{"damage":0,"enemies":"Sphere and 2 Shapes","floor":39,"turns":3},{"damage":0,"enemies":"Giant Head","floor":40,"turns":4},{"damage":0,"enemies":"4 Shapes","floor":41,"turns":3},{"damage":19,"enemies":"Maw","floor":45,"turns":4},{"damage":0,"enemies":"Reptomancer","floor":47,"turns":4},{"damage":0,"enemies":"Jaw Worm Horde","floor":48,"turns":2},{"damage":5,"enemies":"infinitespire:MassOfShapes","floor":50,"turns":6}],"seed_played":"-3395497453567556780","potions_obtained":[{"floor":1,"key":"Dexterity Potion"},{"floor":6,"key":"Regen Potion"},{"floor":13,"key":"Explosive Potion"},{"floor":18,"key":"LifebloodPotion"},{"floor":28,"key":"SneckoOil"},{"floor":31,"key":"Block Potion"},{"floor":39,"key":"LiquidBronze"},{"floor":40,"key":"EntropicBrew"}],"is_trial":false,"path_per_floor":["M","$","M","$","M","E","R","T","T","M","E","$","E","$","R","B",null,"M","?","?","T","$","E","$","?","T","R","M","?","M","E","R_BF","B",null,"M","M","AVR","T","M","E","M","R","T","?","M","$","E","M","R_BF","B",null],"character_chosen":"THE_SILENT","items_purchased":["Golden Egg","Infinite Blades","DollysMirror","Omamori","Matryoshka","Noxious Fumes","Nunchaku","champ:CounterPotion","Shuriken","Infinite Blades","ReplayTheSpireMod:CursedCoin","Anchor","Footwork","Vajra"],"campfire_rested":1,"item_purchase_floors":[0,0,0,0,0,0,0,0,12,12,14,22,46,46],"current_hp_per_floor":[59,59,59,59,59,47,47,47,47,59,46,46,46,46,65,65,66,64,48,48,48,48,44,44,44,44,44,44,44,44,40,40,16,54,54,54,54,54,54,54,61,61,61,46,33,33,44,63,63,61],"gold":123,"neow_bonus":"","is_daily":false,"chose_seed":false,"campfire_upgraded":1,"win_rate":0.0,"timestamp":1612582373,"path_taken":["M","?","M","$","M","E","R","?","T","M","E","$","E","$","R","BOSS","M","?","?","?","$","E","$","?","T","R","?","?","M","E","R_BF","BOSS","M","M","AVR","?","M","E","M","R","T","?","M","$","E","M","R_BF","BOSS"],"items_purchased_type":["Relic","Card","Relic","Relic","Relic","Card","Relic","Potion","Relic","Card","Relic","Relic","Card","Relic"],"build_version":"2020-12-22","purchased_purges":3,"victory":true,"max_hp_per_floor":[66,66,66,66,66,66,66,66,66,66,66,66,66,66,66,66,66,66,66,66,66,66,66,66,66,66,66,66,66,66,66,66,66,66,66,66,66,66,66,66,66,66,66,66,66,66,66,66,66,66],"card_choices":[{"not_picked":["Leg Sweep","Expertise","Bane"],"picked":"SKIP","floor":1},{"not_picked":["conspire:DoublingDagger","Escape Plan"],"picked":"Blade Dance","floor":3},{"not_picked":["Backflip","PiercingWail"],"picked":"Noxious Fumes","floor":5},{"not_picked":["Deadly Poison","Slice"],"picked":"Accuracy","floor":6},{"not_picked":["conspire:PoisonWeapons","Dagger Throw","Bane"],"picked":"SKIP","floor":10},{"not_picked":["Noxious Fumes","Flying Knee"],"picked":"Blade Dance","floor":11},{"not_picked":["Dagger Spray","PiercingWail"],"picked":"Backflip","floor":13},{"not_picked":["infinitespire:Neurotoxin","ReplayTheSpireMod:From All Sides"],"picked":"Replay:Bag of Tricks","floor":16},{"not_picked":["Sucker Punch","PiercingWail","Quick Slash"],"picked":"SKIP","floor":18},{"not_picked":["Dodge and Roll+1","Sucker Punch"],"picked":"Backflip","floor":23},{"not_picked":["Concentrate","Dodge and Roll"],"picked":"Backflip+1","floor":28},{"not_picked":["PiercingWail+1","All Out Attack","Sucker Punch"],"picked":"SKIP","floor":30},{"not_picked":["Quick Slash+1","Flying Knee","infinitespire:Neurotoxin"],"picked":"SKIP","floor":31},{"not_picked":["Unload","Bullet Time"],"picked":"Tools of the Trade","floor":33},{"not_picked":["Finisher","Outmaneuver","ReplayTheSpireMod:The Works"],"picked":"SKIP","floor":35},{"not_picked":["Bane","Quick Slash+1","Draining Mist+1"],"picked":"SKIP","floor":36},{"not_picked":["Dodge and Roll+1","Dagger Throw+1","Deadly Poison"],"picked":"SKIP","floor":39},{"not_picked":["Caltrops","Backflip"],"picked":"Prepared","floor":40},{"not_picked":["Sneak Up","Deflect+1","PiercingWail"],"picked":"SKIP","floor":41},{"not_picked":["infinitespire:Punishment","infinitespire:FinalStrike"],"picked":"infinitespire:Fortify","floor":44},{"not_picked":["Bane","Dagger Spray+1"],"picked":"Cloak And Dagger+1","floor":45},{"not_picked":["Leg Sweep","Outmaneuver","Concentrate"],"picked":"SKIP","floor":47},{"not_picked":["Backflip","Underhanded Strike+1"],"picked":"Infinite Blades","floor":48}],"player_experience":3636885,"relics_obtained":[{"floor":6,"key":"Tiny Chest"},{"floor":8,"key":"ReplayFunnel"},{"floor":8,"key":"Bag of Marbles"},{"floor":9,"key":"Grinning Jar"},{"floor":9,"key":"infinitespire:WardingShard"},{"floor":11,"key":"Ancient Tea Set"},{"floor":13,"key":"Ninja Scroll"},{"floor":19,"key":"Replay:Blank Codex"},{"floor":21,"key":"Replay:Bottled Steam"},{"floor":23,"key":"conspire:Dentures"},{"floor":26,"key":"Mercury Hourglass"},{"floor":31,"key":"Bronze Scales"},{"floor":32,"key":"Pen Nib"},{"floor":38,"key":"infinitespire:ShieldingShard"},{"floor":40,"key":"Vampiric Spirits"},{"floor":40,"key":"War Paint"},{"floor":43,"key":"Bag of Preparation"},{"floor":47,"key":"Dream Catcher"},{"floor":47,"key":"Byrd Skull"},{"floor":49,"key":"conspire:Boomerang"}],"event_choices":[{"damage_healed":0,"gold_gain":0,"player_choice":"Obtained Book","damage_taken":16,"max_hp_gain":0,"max_hp_loss":0,"event_name":"Cursed Tome","floor":19,"gold_loss":0},{"damage_healed":0,"gold_gain":0,"player_choice":"Obtained Relic","damage_taken":0,"relics_obtained":["Girya"],"max_hp_gain":0,"max_hp_loss":0,"event_name":"Addict","floor":20,"gold_loss":85},{"cards_removed":["Strike_G"],"damage_healed":0,"gold_gain":0,"player_choice":"Offered Basic","damage_taken":0,"max_hp_gain":0,"max_hp_loss":0,"event_name":"Bonfire Elementals","floor":25,"gold_loss":0}],"is_beta":false,"boss_relics":[{"not_picked":["conspire:SlowCooker","Replay:Bronze Core","Snecko Eye"]},{"not_picked":["Replay:Ancient Bell","conspire:RoyalGoblet"],"picked":"Black Star"}],"items_purged_floors":[0,0,37],"is_endless":false,"potions_floor_spawned":[1,6,13,18,28,31,39,40,45,48],"ascension_level":14}}