{"host":"49pjgf1q9ev52n8z","time":1612597155,"event":{"mods":["BaseMod","Bestiary","Colored Map","Keyboard Shortcuts","Minty Spire (QoL Compilation)","Practice Mode","Relic Stats","StSLib"],"gold_per_floor":[115,127,147,112,125,125,125,141,141,175,189,189,202,2,2,102,102,120,136,136,150,15,346,346,364,364,398,398,411,440,456,456,456,456],"floor_reached":33,"language":"ENG","playtime":3632,"items_purged":[],"score":428,"play_id":"772b259d-0719-43f9-8f1c-d77b27457e27","local_time":"20210205233915","is_ascension_mode":true,"campfire_choices":[{"floor":6,"key":"REST"},{"data":"Bash","floor":12,"key":"SMITH"},{"floor":15,"key":"REST"},{"floor":24,"key":"REST"},{"floor":28,"key":"REST"},{"floor":32,"key":"REST"}],"circlet_count":0,"master_deck":["Strike_R","Strike_R","Strike_R","Defend_R","Defend_R","Defend_R","Bash+1","Offering","Rupture","True Grit","Iron Wave+1","Rampage","Carnage","Shrug It Off","Hemokinesis","Immolate","Combust+1","Exhume+1","Reckless Charge+1","Metallicize","Feel No Pain","Heavy Blade+1","Body Slam+1","Twin Strike+1","Cleave","Clothesline+1"],"relics":["Burning Blood","Gremlin Horn","Strawberry","Membership Card","Astrolabe","MutagenicStrength","Toy Ornithopter","Old Coin","Anchor","Pear","Bag of Preparation"],"acts_visited":["Exordium","TheCity"],"potions_floor_usage":[10,14,16,16,21,23,25,29,31,33],"damage_taken":[{"damage":10,"enemies":"Jaw Worm","floor":1,"turns":3},{"damage":6,"enemies":"Cultist","floor":2,"turns":3},{"damage":13,"enemies":"2 Louse","floor":3,"turns":3},{"damage":46,"enemies":"Exordium Thugs","floor":5,"turns":7},{"damage":6,"enemies":"Exordium Wildlife","floor":8,"turns":3},{"damage":13,"enemies":"Gremlin Nob","floor":10,"turns":4},{"damage":10,"enemies":"Red Slaver","floor":11,"turns":4},{"damage":19,"enemies":"Large Slime","floor":13,"turns":8},{"damage":44,"enemies":"The Guardian","floor":16,"turns":12},{"damage":44,"enemies":"Shell Parasite","floor":18,"turns":4},{"damage":48,"enemies":"3 Byrds","floor":19,"turns":4},{"damage":31,"enemies":"Snake Plant","floor":21,"turns":5},{"damage":0,"enemies":"Slavers","floor":23,"turns":1},{"damage":19,"enemies":"Snecko","floor":25,"turns":4},{"damage":20,"enemies":"Gremlin Leader","floor":27,"turns":6},{"damage":14,"enemies":"Chosen and Byrds","floor":29,"turns":5},{"damage":64,"enemies":"Book of Stabbing","floor":30,"turns":6},{"damage":10,"enemies":"Shelled Parasite and Fungi","floor":31,"turns":8},{"damage":79,"enemies":"Champ","floor":33,"turns":9}],"seed_played":"2431405680895585146","potions_obtained":[{"floor":3,"key":"Regen Potion"},{"floor":10,"key":"FairyPotion"},{"floor":11,"key":"Fruit Juice"},{"floor":13,"key":"Block Potion"},{"floor":18,"key":"BloodPotion"},{"floor":27,"key":"HeartOfIron"},{"floor":29,"key":"Ancient Potion"},{"floor":30,"key":"GamblersBrew"}],"is_trial":false,"path_per_floor":["M","M","M","?","M","R","?","M","T","E","M","R","M","$","R","B",null,"M","M","?","M","$","E","R","M","T","E","R","M","E","M","R","B"],"character_chosen":"IRONCLAD","items_purchased":["Membership Card","Hemokinesis","Fire Potion","Toy Ornithopter","Fire Potion","LiquidMemories"],"campfire_rested":5,"item_purchase_floors":[14,14,14,22,22,22],"current_hp_per_floor":[52,52,45,65,25,49,33,33,33,42,38,38,25,30,57,19,92,54,12,12,32,32,43,70,62,62,58,88,85,27,28,58,0,0],"gold":456,"neow_bonus":"THREE_RARE_CARDS","is_daily":false,"chose_seed":false,"campfire_upgraded":1,"win_rate":0.0,"timestamp":1612597155,"path_taken":["M","M","M","?","M","R","?","?","T","E","M","R","M","$","R","BOSS","M","M","?","M","$","E","R","M","T","E","R","M","E","M","R","BOSS"],"items_purchased_type":["Relic","Card","Potion","Relic","Potion","Potion"],"build_version":"2020-12-22","purchased_purges":0,"victory":false,"max_hp_per_floor":[80,80,80,80,80,80,80,80,80,87,87,87,87,92,92,92,92,92,92,92,92,92,92,92,92,92,102,102,102,102,102,102,102,102],"relic_stats":{"Gremlin Horn":[13,13],"counters":[19,99],"Astrolabe":["Combust","Exhume","Reckless Charge"],"Bag of Preparation":[4],"obtain_stats":[{"Anchor":26,"Pear":27,"Gremlin Horn":9,"Strawberry":10,"Astrolabe":17,"MutagenicStrength":20,"Bag of Preparation":30,"Membership Card":14,"Burning Blood":0,"Toy Ornithopter":22,"Old Coin":23},{"Anchor":14,"Pear":15,"Gremlin Horn":5,"Strawberry":6,"Astrolabe":9,"MutagenicStrength":11,"Bag of Preparation":17,"Membership Card":8,"Burning Blood":0,"Toy Ornithopter":12,"Old Coin":13},{"Anchor":65,"Pear":71,"Gremlin Horn":19,"Strawberry":23,"Astrolabe":47,"MutagenicStrength":55,"Bag of Preparation":82,"Membership Card":35,"Burning Blood":0,"Toy Ornithopter":60,"Old Coin":61}],"Burning Blood":108,"Toy Ornithopter":25},"card_choices":[{"not_picked":["Corruption","Limit Break"],"picked":"Offering","floor":0},{"not_picked":["Warcry","Sword Boomerang"],"picked":"Rupture","floor":1},{"not_picked":["Twin Strike","Flex"],"picked":"True Grit","floor":2},{"not_picked":["Pummel","True Grit"],"picked":"Iron Wave","floor":3},{"not_picked":["Searing Blow","Dual Wield"],"picked":"Rampage","floor":5},{"not_picked":["Clash","Perfected Strike","Body Slam"],"picked":"SKIP","floor":8},{"not_picked":["Dropkick","Warcry"],"picked":"Carnage","floor":10},{"not_picked":["Clash","Limit Break"],"picked":"Shrug It Off","floor":11},{"not_picked":["Shrug It Off","Warcry","Twin Strike"],"picked":"SKIP","floor":13},{"not_picked":["Exhume","Corruption"],"picked":"Immolate","floor":16},{"not_picked":["Pummel+1","Headbutt"],"picked":"Metallicize","floor":18},{"not_picked":["Heavy Blade","Hemokinesis"],"picked":"Feel No Pain","floor":19},{"not_picked":["Sword Boomerang","Flex"],"picked":"Heavy Blade+1","floor":21},{"not_picked":["Wild Strike","Sword Boomerang","Clash"],"picked":"SKIP","floor":23},{"not_picked":["Dark Embrace","Sword Boomerang+1"],"picked":"Body Slam+1","floor":25},{"not_picked":["Feel No Pain","Carnage"],"picked":"Twin Strike+1","floor":27},{"not_picked":["Anger","Hemokinesis"],"picked":"Cleave","floor":29},{"not_picked":["Warcry","Brutality"],"picked":"Clothesline+1","floor":30},{"not_picked":["True Grit+1","Clash+1","Perfected Strike"],"picked":"SKIP","floor":31}],"player_experience":750909,"relics_obtained":[{"floor":9,"key":"Gremlin Horn"},{"floor":10,"key":"Strawberry"},{"floor":23,"key":"Old Coin"},{"floor":26,"key":"Anchor"},{"floor":27,"key":"Pear"},{"floor":30,"key":"Bag of Preparation"}],"event_choices":[{"damage_healed":20,"gold_gain":0,"player_choice":"Healed","damage_taken":0,"max_hp_gain":0,"max_hp_loss":0,"event_name":"The Cleric","floor":4,"gold_loss":35},{"damage_healed":0,"gold_gain":0,"player_choice":"Entered Light","damage_taken":16,"max_hp_gain":0,"max_hp_loss":0,"event_name":"Shining Light","floor":7,"gold_loss":0,"cards_upgraded":["Iron Wave","Strike_R"]},{"damage_healed":0,"gold_gain":0,"player_choice":"Inject Mutagens","damage_taken":0,"relics_obtained":["MutagenicStrength"],"max_hp_gain":0,"max_hp_loss":0,"event_name":"Drug Dealer","floor":20,"gold_loss":0}],"is_beta":false,"boss_relics":[{"not_picked":["Velvet Choker","Fusion Hammer"],"picked":"Astrolabe"}],"items_purged_floors":[],"is_endless":false,"potions_floor_spawned":[3,10,11,13,18,27,29,30],"killed_by":"Champ","ascension_level":4}}