{"host":"1mv6gj0zv8k9e9tz","time":1612605503,"event":{"mods":["AchievementEnabler","BaseMod","Better Third Choice","Colored Map","DeckTracker","Highlight Path","KOR Keyword Fix","Keyboard Shortcuts","Minty Spire (QoL Compilation)","Permanent Neow","Quick Restart","Rare Cards Sparkle","StSLib","SuperFastMode","everything is the same but u backflip on backflip"],"gold_per_floor":[11,25,36,55,67,67,85,98,98,98,198,198,217,247,247,247,247],"floor_reached":16,"language":"KOR","playtime":322,"items_purged":[],"score":196,"play_id":"0de969f4-d89c-4a4a-825b-de7bd0a3e0fe","local_time":"20210206185823","is_ascension_mode":true,"campfire_choices":[{"data":"Genetic Algorithm","floor":6.0,"key":"SMITH"},{"floor":12,"key":"REST"},{"data":"Tempest","floor":15,"key":"SMITH"}],"circlet_count":0,"master_deck":["AscendersBane","Strike_B","Strike_B","Strike_B","Defend_B","Defend_B","Defend_B","Zap","Dualcast","Tempest+1","Double Energy","Genetic Algorithm+1","Hologram","Sweeping Beam","White Noise","Melter"],"relics":["Cracked Core","Matryoshka","Symbiotic Virus"],"acts_visited":["Exordium"],"potions_floor_usage":[13,14,14],"damage_taken":[{"damage":6.0,"enemies":"Cultist","floor":1.0,"turns":3.0},{"damage":10.0,"enemies":"Small Slimes","floor":2.0,"turns":3.0},{"damage":3.0,"enemies":"2 Louse","floor":3.0,"turns":3.0},{"damage":4.0,"enemies":"Looter","floor":4.0,"turns":4.0},{"damage":9.0,"enemies":"Blue Slaver","floor":5.0,"turns":4.0},{"damage":20.0,"enemies":"3 Louse","floor":7.0,"turns":3.0},{"damage":6.0,"enemies":"Exordium Thugs","floor":8.0,"turns":3.0},{"damage":0,"enemies":"Exordium Wildlife","floor":13,"turns":3},{"damage":15,"enemies":"Lagavulin","floor":14,"turns":5},{"damage":12,"enemies":"Slime Boss","floor":16,"turns":5}],"seed_played":"3436242792439625599","potions_obtained":[{"floor":1.0,"key":"AttackPotion"},{"floor":7.0,"key":"LiquidBronze"},{"floor":8.0,"key":"BlessingOfTheForge"},{"floor":13,"key":"SkillPotion"},{"floor":14,"key":"SmokeBomb"}],"is_trial":false,"path_per_floor":["M","M","M","M","M","R","M","M","T","?","?","R","M","E","R","B"],"character_chosen":"DEFECT","items_purchased":[],"campfire_rested":1,"item_purchase_floors":[],"current_hp_per_floor":[58,48,45,41,32,32,12,6,6,6,6,27,27,12,12,0,0],"gold":247,"neow_bonus":"TRANSFORM_TWO_CARDS","is_daily":false,"chose_seed":false,"campfire_upgraded":2,"win_rate":0.0,"timestamp":1612605503,"path_taken":["M","M","M","M","M","R","?","M","T","?","?","R","?","E","R","BOSS"],"items_purchased_type":[],"build_version":"2020-12-22","purchased_purges":0,"victory":false,"max_hp_per_floor":[71,71,71,71,71,71,71,71,71,71,71,71,71,71,71,71,71],"card_choices":[{"not_picked":["Reinforced Body","Compile Driver","Rebound"],"picked":"SKIP","floor":1.0},{"not_picked":["Rebound","Scrape"],"picked":"Genetic Algorithm","floor":2.0},{"not_picked":["Beam Cell","Steam","Redo"],"picked":"SKIP","floor":3.0},{"not_picked":["Fusion","Turbo","Blizzard"],"picked":"SKIP","floor":4.0},{"not_picked":["Go for the Eyes","Reprogram"],"picked":"Hologram","floor":5.0},{"not_picked":["Steam","Conserve Battery"],"picked":"Sweeping Beam","floor":7.0},{"not_picked":["Blizzard","Cold Snap"],"picked":"White Noise","floor":8.0},{"not_picked":["Undo","Beam Cell"],"picked":"Melter","floor":13},{"not_picked":["Compile Driver","Skim","Cold Snap"],"picked":"SKIP","floor":14}],"player_experience":628656,"relics_obtained":[{"floor":9.0,"key":"Matryoshka"},{"floor":14,"key":"Symbiotic Virus"}],"event_choices":[{"damage_healed":0,"gold_gain":1,"player_choice":"LEAVE","damage_taken":0,"max_hp_gain":0,"max_hp_loss":0,"event_name":"betterThird:BetterScrap","floor":10,"gold_loss":0,"cards_obtained":["Feed"]},{"damage_healed":0,"gold_gain":100,"player_choice":"Gold","damage_taken":0,"max_hp_gain":0,"max_hp_loss":0,"event_name":"Wheel of Change","floor":11,"gold_loss":0}],"is_beta":false,"boss_relics":[],"items_purged_floors":[],"is_endless":false,"potions_floor_spawned":[1,7,8,13,14],"killed_by":"Slime Boss","ascension_level":17}}