{"host":"c44ey07ufggfw2m8","time":1612596439,"event":{"mods":["2.2 Compatiblity","BaseMod","Colored Map","DeckTracker","Highlight Path","Keyboard Shortcuts","Minty Spire (QoL Compilation)","Permanent Neow","Quick Restart","StSLib","SuperFastMode","UnlockEverythingMod"],"gold_per_floor":[109,109,128,140,140,140,140,140,140,163,12,28,62,73,73,177,177,195,120,134,148,148,148,175,175,175,75,75,75,75,94,94,94,94],"floor_reached":33,"language":"KOR","playtime":1107,"items_purged":["Strike_G","Strike_G"],"score":408,"play_id":"d37ff334-7e31-40ee-91b9-5c3bbe0367bb","local_time":"20210206162719","is_ascension_mode":true,"campfire_choices":[{"data":"Wraith Form v2","floor":6,"key":"SMITH"},{"data":"Leg Sweep","floor":8,"key":"SMITH"},{"data":"Cloak And Dagger","floor":15,"key":"SMITH"},{"data":"Well Laid Plans","floor":23,"key":"SMITH"},{"data":"After Image","floor":25,"key":"SMITH"},{"data":"Blur","floor":30,"key":"SMITH"},{"data":"Blade Dance","floor":32,"key":"SMITH"}],"circlet_count":0,"master_deck":["AscendersBane","Defend_G","Defend_G+1","Defend_G+1","Defend_G","Defend_G+1","Survivor","Neutralize","Wraith Form v2+1","Blade Dance+1","Deadly Poison","Leg Sweep+1","Backflip","Well Laid Plans+1","Cloak And Dagger+1","Poisoned Stab","Prepared","After Image+1","Blur+1","PiercingWail","Blade Dance+1"],"relics":["Ring of the Snake","Du-Vu Doll","Odd Mushroom","Centennial Puzzle","Empty Cage","War Paint","Eternal Feather","PreservedInsect"],"acts_visited":["Exordium","TheCity"],"potions_floor_usage":[10,20,33],"damage_taken":[{"damage":0,"enemies":"2 Louse","floor":1,"turns":3},{"damage":2,"enemies":"Cultist","floor":3,"turns":5},{"damage":3,"enemies":"Jaw Worm","floor":4,"turns":3},{"damage":0,"enemies":"The Mushroom Lair","floor":10,"turns":6},{"damage":0,"enemies":"Blue Slaver","floor":12,"turns":5},{"damage":10,"enemies":"Gremlin Nob","floor":13,"turns":6},{"damage":0,"enemies":"Exordium Wildlife","floor":14,"turns":3},{"damage":18,"enemies":"The Guardian","floor":16,"turns":11},{"damage":10,"enemies":"Spheric Guardian","floor":18,"turns":6},{"damage":2,"enemies":"Chosen","floor":20,"turns":6},{"damage":10,"enemies":"Snake Plant","floor":21,"turns":8},{"damage":12,"enemies":"Book of Stabbing","floor":24,"turns":9},{"damage":0,"enemies":"Sentry and Sphere","floor":31,"turns":9},{"damage":51,"enemies":"Automaton","floor":33,"turns":14}],"seed_played":"9134367245787179243","potions_obtained":[{"floor":1,"key":"GhostInAJar"},{"floor":10,"key":"Strength Potion"},{"floor":13,"key":"DuplicationPotion"},{"floor":20,"key":"Fruit Juice"}],"is_trial":false,"path_per_floor":["M","?","M","M","?","R","?","R","T","?","$","M","E","M","R","B",null,"M","?","M","M","?","R","E","R","T","$","T","$","R","M","R","B"],"character_chosen":"THE_SILENT","items_purchased":["Well Laid Plans"],"campfire_rested":0,"item_purchase_floors":[11],"current_hp_per_floor":[63,63,61,58,44,44,49,49,49,49,49,49,39,39,39,21,62,52,52,55,45,45,45,33,33,33,33,33,33,45,45,57,6,6],"gold":94,"neow_bonus":"ONE_RANDOM_RARE_CARD","is_daily":false,"chose_seed":false,"campfire_upgraded":7,"win_rate":0.0,"timestamp":1612596439,"path_taken":["M","?","M","?","?","R","?","R","T","?","$","M","E","M","R","BOSS","M","?","M","M","?","R","E","R","T","$","?","?","R","M","R","BOSS"],"items_purchased_type":["Card"],"build_version":"2020-12-22","purchased_purges":2,"victory":false,"max_hp_per_floor":[70,70,70,70,70,70,75,75,75,75,75,75,75,75,75,75,75,75,75,80,80,80,80,80,80,80,80,80,80,80,80,80,80,80],"card_choices":[{"not_picked":["All Out Attack","Acrobatics"],"picked":"Blade Dance","floor":1},{"not_picked":["Slice","Acrobatics"],"picked":"Deadly Poison","floor":3},{"not_picked":["Dodge and Roll","Infinite Blades"],"picked":"Leg Sweep","floor":4},{"not_picked":["Deflect","Quick Slash"],"picked":"Backflip","floor":10},{"not_picked":["Masterful Stab","Bane"],"picked":"Cloak And Dagger","floor":12},{"not_picked":["All Out Attack","Night Terror"],"picked":"Poisoned Stab","floor":13},{"not_picked":["Flying Knee","Poisoned Stab"],"picked":"Prepared","floor":14},{"not_picked":["Doppelganger","Night Terror"],"picked":"After Image","floor":16},{"not_picked":["Sucker Punch+1","Concentrate","Masterful Stab"],"picked":"SKIP","floor":18},{"not_picked":["Flying Knee","Expertise","Dagger Spray"],"picked":"SKIP","floor":20},{"not_picked":["Outmaneuver+1","Bane","Flechettes+1"],"picked":"SKIP","floor":21},{"not_picked":["Acrobatics","Bane"],"picked":"PiercingWail","floor":24},{"not_picked":["Dagger Spray+1","Caltrops"],"picked":"Blade Dance","floor":31}],"player_experience":112875,"relics_obtained":[{"floor":9,"key":"Du-Vu Doll"},{"floor":10,"key":"Odd Mushroom"},{"floor":13,"key":"Centennial Puzzle"},{"floor":24,"key":"War Paint"},{"floor":26,"key":"Eternal Feather"},{"floor":28,"key":"PreservedInsect"}],"event_choices":[{"damage_healed":0,"gold_gain":0,"player_choice":"0 cards matched","damage_taken":0,"max_hp_gain":0,"max_hp_loss":0,"event_name":"Match and Keep!","floor":2,"gold_loss":0,"cards_obtained":[]},{"damage_healed":0,"gold_gain":0,"player_choice":"Entered Light","damage_taken":14,"max_hp_gain":0,"max_hp_loss":0,"event_name":"Shining Light","floor":5,"gold_loss":0,"cards_upgraded":["Defend_G","Blade Dance"]},{"damage_healed":0,"gold_gain":0,"player_choice":"Donut","damage_taken":0,"max_hp_gain":5,"max_hp_loss":0,"event_name":"Big Fish","floor":7,"gold_loss":0},{"damage_healed":0,"gold_gain":0,"player_choice":"Fought Mushrooms","damage_taken":0,"max_hp_gain":0,"max_hp_loss":0,"event_name":"Mushrooms","floor":10,"gold_loss":0},{"cards_removed":["Strike_G"],"damage_healed":0,"gold_gain":0,"player_choice":"Gave Gold","damage_taken":0,"max_hp_gain":0,"max_hp_loss":0,"event_name":"Beggar","floor":19,"gold_loss":75},{"damage_healed":0,"gold_gain":0,"player_choice":"Read","damage_taken":0,"max_hp_gain":0,"max_hp_loss":0,"event_name":"The Library","floor":22,"gold_loss":0,"cards_obtained":["Blur"]}],"is_beta":false,"boss_relics":[{"not_picked":["Busted Crown","Calling Bell"],"picked":"Empty Cage"}],"items_purged_floors":[11,27],"is_endless":false,"potions_floor_spawned":[1,10,13,16,20],"killed_by":"Automaton","ascension_level":11}}