{"host":"5s7sm4h73jkd9266","time":1612532180,"event":{"mods":["AchievementEnabler","Bartender","BaseMod","Better Vampires","BetterRewards","Colored Map","Colored Powertips","Conspire","Downfall","Energized Spire","Hermit","Hubris","Magitek Elite","Minty Spire (QoL Compilation)","Potion Indicator Mod","Rare Cards Sparkle","Shop Mod","StSLib","The Blue Laboratory","The Necromancer","The Witch","Virulent Crown","everything is the same but u backflip on backflip","slay the spire mod where everything is the same but ironclad has a cowboy hat"],"gold_per_floor":[119,269,279,22,37,37,37,48,72,72,85,85,95,95,95,190,190,204,204,204,216,229,229,248,278,278,289,289,301,315,12,12,91,91,109,127,127,146,146,173,173,173,219,219,252,252,11,28,28,28,28],"floor_reached":50,"language":"ENG","playtime":3775,"items_purged":[],"score":1278,"play_id":"d11bfee7-76c3-471a-ba5f-c6593847dd24","local_time":"20210205083620","is_ascension_mode":true,"campfire_choices":[{"floor":6.0,"key":"REST"},{"floor":10.0,"key":"REST"},{"data":"conspire:SharedLibrary","floor":12.0,"key":"SMITH"},{"floor":15.0,"key":"REST"},{"floor":23.0,"key":"REST"},{"data":"Echo Form","floor":32.0,"key":"SMITH"},{"data":"Echo Form","floor":42.0,"key":"SMITH"},{"data":"Echo Form","floor":44.0,"key":"SMITH"},{"data":"White Noise","floor":49.0,"key":"SMITH"}],"circlet_count":0,"master_deck":["AscendersBane","Strike_B","Strike_B","Strike_B","Strike_B","Defend_B","Defend_B","Defend_B","Defend_B","Zap","Dualcast","Capacitor","Cold Snap","Melter","Glacier","Blind","Capacitor","Doubt","Beam Cell","Loop","Ball Lightning","Biased Cognition","conspire:SharedLibrary+1","Chill","Hologram","Hello World","Injury","Self Repair","Seek","Sweeping Beam+1","White Noise+1","Coolheaded","Static Discharge","Double Energy","Rip and Tear","Self Repair","Leap","Echo Form+1","Echo Form+1","Chill","Reprogram","Biased Cognition","Turbo","Lockon+1","Stack","Echo Form+1","Fusion+1","Doubt","Hologram","Compile Driver+1"],"relics":["Cracked Core","Ginger","Sling","HornCleat","Regal Pillow","Dream Catcher","Bloody Idol","hubris:HollowSoul","FaceOfCleric","White_Cape","Akabeko","Meat on the Bone","DollysMirror","Nuclear Battery","hubris:BottledRain","Centennial Puzzle","Cleaning_Rag","TheAbacus"],"acts_visited":["Exordium","TheCity","TheBeyond"],"potions_floor_usage":[50,50],"damage_taken":[{"damage":0.0,"enemies":"2 Louse","floor":1.0,"turns":3.0},{"damage":0.0,"enemies":"conspire:RoseBush","floor":3.0,"turns":4.0},{"damage":6.0,"enemies":"Small Slimes","floor":5.0,"turns":3.0},{"damage":0.0,"enemies":"Exordium Thugs","floor":8.0,"turns":5.0},{"damage":7.0,"enemies":"Gremlin Gang","floor":11.0,"turns":4.0},{"damage":2.0,"enemies":"Looter","floor":13.0,"turns":4.0},{"damage":41.0,"enemies":"Slime Boss","floor":16.0,"turns":14.0},{"damage":17.0,"enemies":"conspire:FuzzyDice","floor":18.0,"turns":9.0},{"damage":0.0,"enemies":"Spheric Guardian","floor":21.0,"turns":3.0},{"damage":5.0,"enemies":"3 Cultists","floor":22.0,"turns":6.0},{"damage":15.0,"enemies":"Shelled Parasite and Fungi","floor":24.0,"turns":9.0},{"damage":24.0,"enemies":"conspire:Head Lice","floor":25.0,"turns":6.0},{"damage":9.0,"enemies":"conspire:HollyBat","floor":27.0,"turns":9.0},{"damage":10.0,"enemies":"Sentry and Sphere","floor":29.0,"turns":4.0},{"damage":0.0,"enemies":"Shelled Parasite and Fungi","floor":30.0,"turns":8.0},{"damage":72.0,"enemies":"hubris:MusketHawk","floor":33.0,"turns":12.0},{"damage":33.0,"enemies":"3 Shapes","floor":35.0,"turns":10.0},{"damage":3.0,"enemies":"Orb Walker","floor":36.0,"turns":5.0},{"damage":23.0,"enemies":"Maw","floor":38.0,"turns":7.0},{"damage":31.0,"enemies":"Giant Head","floor":40.0,"turns":8.0},{"damage":65.0,"enemies":"Nemesis","floor":45.0,"turns":9.0},{"damage":35.0,"enemies":"Sphere and 2 Shapes","floor":48.0,"turns":8.0},{"damage":24,"enemies":"hubris:GrandSnecko","floor":50,"turns":1}],"seed_played":"3957409635203828166","potions_obtained":[{"floor":3.0,"key":"blueLaboratory:FrostheartPotion"},{"floor":8.0,"key":"champ:CounterPotion"},{"floor":11.0,"key":"EntropicBrew"},{"floor":13.0,"key":"Fire Potion"},{"floor":22.0,"key":"DistilledChaos"},{"floor":24.0,"key":"sneckomod:MuddlingPotion"},{"floor":30.0,"key":"Strength Potion"},{"floor":35.0,"key":"SkillPotion"},{"floor":36.0,"key":"blueLaboratory:NullPotion"},{"floor":38.0,"key":"Guardian:BlockOnCardUsePotion"}],"is_trial":false,"path_per_floor":["M","?","M","$","M","R","?","M","T","R","M","R","M","?","R","B",null,"M","?","?","M","M","R","M","E","T","M","T","M","M","$","R","B",null,"M","M","?","M","?","E","?","R","T","R","E","?","$","M","R","B"],"character_chosen":"DEFECT","items_purchased":["Ginger","Sling","HornCleat","Capacitor","Cold Snap","Melter","Glacier","Blind","Regal Pillow","Loop","Ball Lightning","DollysMirror","Chill","Reprogram","TheAbacus","blueLaboratory:RelayPotion","Hologram"],"campfire_rested":4,"item_purchase_floors":[0,0,0,0,0,0,0,0,4,4,4,31,31,31,47,47,47],"current_hp_per_floor":[22,22,22,22,16,52,48,48,48,71,64,64,62,62,71,37,63,53,53,53,59,67,73,71,53,53,57,57,60,78,78,78,52,72,78,81,81,82,82,71,71,71,76,76,50,84,84,83,83,0,0],"gold":28,"neow_bonus":"","is_daily":false,"chose_seed":false,"campfire_upgraded":5,"win_rate":0.0,"timestamp":1612532180,"path_taken":["M","?","M","$","M","R","?","M","T","R","M","R","M","?","R","BOSS","M","?","?","?","M","R","M","E","T","M","?","M","M","$","R","BOSS","M","?","?","M","?","E","?","R","T","R","E","?","$","M","R","BOSS"],"items_purchased_type":["Relic","Relic","Relic","Card","Card","Card","Card","Card","Relic","Card","Card","Relic","Card","Card","Relic","Potion","Card"],"build_version":"2020-12-22","purchased_purges":0,"victory":false,"max_hp_per_floor":[71,71,71,71,71,71,71,71,71,71,71,71,71,71,71,71,71,71,71,71,72,73,73,74,75,75,76,76,77,78,78,78,79,79,80,81,81,82,82,83,83,83,83,83,84,84,84,85,85,85,85],"card_choices":[{"not_picked":["Sweeping Beam","Turbo"],"picked":"Capacitor","floor":1.0},{"not_picked":["Turbo","Chaos"],"picked":"Beam Cell","floor":3.0},{"not_picked":["Redo","Steam"],"picked":"Biased Cognition","floor":5.0},{"not_picked":["Cold Snap","Redo"],"picked":"conspire:SharedLibrary","floor":8.0},{"not_picked":["Stack","Sweeping Beam"],"picked":"Chill","floor":10.0},{"not_picked":["Blizzard","Compile Driver"],"picked":"Hologram","floor":11.0},{"not_picked":["Heatsinks","Aggregate"],"picked":"Hello World","floor":13.0},{"not_picked":["Fusion","hubris:Prefetch"],"picked":"Self Repair","floor":15.0},{"not_picked":["hubris:SpecializedCircuitry","Creative AI"],"picked":"Seek","floor":16.0},{"not_picked":["Redo","Compile Driver"],"picked":"Sweeping Beam+1","floor":18.0},{"not_picked":["Undo","Sweeping Beam"],"picked":"White Noise","floor":21.0},{"not_picked":["Ball Lightning+1","Steam Power+1"],"picked":"Coolheaded","floor":22.0},{"not_picked":["Tempest","Aggregate"],"picked":"Static Discharge","floor":23.0},{"not_picked":["Scrape","Capacitor"],"picked":"Double Energy","floor":24.0},{"not_picked":["Multi-Cast","Redo"],"picked":"Rip and Tear","floor":25.0},{"not_picked":["Steam Power","Sweeping Beam"],"picked":"Self Repair","floor":27.0},{"not_picked":["Cold Snap","Compile Driver"],"picked":"Leap","floor":29.0},{"not_picked":["Glacier","Conserve Battery"],"picked":"Echo Form","floor":30.0},{"not_picked":["hubris:Prefetch","Creative AI"],"picked":"Biased Cognition","floor":33.0},{"not_picked":["Heatsinks","Coolheaded"],"picked":"Turbo","floor":35.0},{"not_picked":["Ball Lightning+1","conspire:SharedLibrary"],"picked":"Lockon+1","floor":36.0},{"not_picked":["Static Discharge","Conserve Battery"],"picked":"Stack","floor":38.0},{"not_picked":["Conserve Battery+1","Turbo"],"picked":"Echo Form","floor":40.0},{"not_picked":["Beam Cell","Stack+1"],"picked":"Fusion+1","floor":45.0},{"not_picked":["hubris:PowerSurge","conspire:Rain"],"picked":"Compile Driver+1","floor":48.0}],"player_experience":5529961,"relics_obtained":[{"floor":9.0,"key":"Dream Catcher"},{"floor":25.0,"key":"White_Cape"},{"floor":26.0,"key":"Akabeko"},{"floor":28.0,"key":"Meat on the Bone"},{"floor":40.0,"key":"hubris:BottledRain"},{"floor":43.0,"key":"Centennial Puzzle"},{"floor":45.0,"key":"Cleaning_Rag"}],"event_choices":[{"damage_healed":0.0,"max_hp_gain":0.0,"max_hp_loss":0.0,"gold_gain":150.0,"event_name":"Liars Game","player_choice":"AGREE","floor":2.0,"gold_loss":0.0,"damage_taken":0.0,"cards_obtained":["Doubt"]},{"damage_healed":0.0,"max_hp_gain":0.0,"max_hp_loss":0.0,"gold_gain":0.0,"event_name":"conspire:Investor","player_choice":"Leave","floor":7.0,"gold_loss":0.0,"damage_taken":0.0},{"damage_healed":0.0,"max_hp_gain":0.0,"max_hp_loss":0.0,"gold_gain":0.0,"event_name":"Golden Idol","player_choice":"Take Wound","floor":14.0,"gold_loss":0.0,"damage_taken":0.0,"relics_obtained":["Golden Idol"],"cards_obtained":["Injury"]},{"damage_healed":0.0,"max_hp_gain":0.0,"max_hp_loss":0.0,"gold_gain":0.0,"event_name":"Forgotten Altar","player_choice":"Gave Idol","floor":19.0,"relics_lost":["Golden Idol"],"gold_loss":0.0,"damage_taken":0.0,"relics_obtained":["Bloody Idol"]},{"damage_healed":0.0,"max_hp_gain":0.0,"max_hp_loss":0.0,"gold_gain":0.0,"event_name":"FaceTrader","player_choice":"Trade","floor":20.0,"gold_loss":0.0,"damage_taken":0.0,"relics_obtained":["FaceOfCleric"]},{"damage_healed":0.0,"max_hp_gain":0.0,"max_hp_loss":0.0,"gold_gain":0.0,"event_name":"Mysterious Sphere","player_choice":"Ignored","floor":37.0,"gold_loss":0.0,"damage_taken":0.0},{"damage_healed":0.0,"max_hp_gain":0.0,"max_hp_loss":0.0,"gold_gain":0.0,"event_name":"Tomb of Lord Red Mask","player_choice":"Ignored","floor":39.0,"gold_loss":0.0,"damage_taken":0.0},{"damage_healed":34.0,"max_hp_gain":0.0,"max_hp_loss":0.0,"gold_gain":0.0,"event_name":"MindBloom","player_choice":"Heal","floor":46.0,"gold_loss":0.0,"damage_taken":0.0,"cards_obtained":["Doubt"]}],"is_beta":false,"boss_relics":[{"not_picked":["hubris:RunicObelisk","conspire:SlowCooker"],"picked":"hubris:HollowSoul"},{"not_picked":["hubris:BlackHole","Black Star"],"picked":"Nuclear Battery"}],"items_purged_floors":[],"is_endless":false,"potions_floor_spawned":[3,8,11,13,22,24,30,35,36,38],"killed_by":"hubris:GrandSnecko","ascension_level":17}}