{"host":"gg","time":1612589463,"event":{"mods":["BaseMod","Colored Map","Googly Eyes","Minty Spire (QoL Compilation)","Permanent Neow","Relic Stats","The IronCluck"],"gold_per_floor":[109,120,120,62,80,114,114,144,168,195,21,21,21,32,32,108,108,128,147,37,47,47,76,76,76,76],"floor_reached":25,"language":"ENG","playtime":1067,"items_purged":["Decay"],"score":578,"play_id":"5c2c4b9a-53f3-4e74-b807-7de17112fe73","local_time":"20210205213103","is_ascension_mode":true,"campfire_choices":[{"data":"CrushJoints","floor":7.0,"key":"SMITH"},{"data":"TalkToTheHand","floor":13.0,"key":"SMITH"},{"data":"Adaptation","floor":15.0,"key":"SMITH"}],"circlet_count":0,"master_deck":["AscendersBane","Strike_P","Strike_P","Strike_P","Strike_P","Defend_P","Defend_P","Defend_P+1","Eruption+1","Vigilance","Adaptation+1","Consecrate","FlurryOfBlows+1","CrushJoints+1","FearNoEvil","CarveReality+1","MentalFortress","TalkToTheHand+1","EmptyFist","LessonLearned","ForeignInfluence","CrushJoints","CutThroughFate","Doubt","Halt"],"relics":["Cursed Key","Boot","Bronze Scales","Oddly Smooth Stone","Turnip","Black Star","StrikeDummy","Vajra","Pantograph"],"acts_visited":["Exordium","TheCity"],"potions_floor_usage":[],"damage_taken":[{"damage":0.0,"enemies":"Cultist","floor":1.0,"turns":3.0},{"damage":0.0,"enemies":"Small Slimes","floor":2.0,"turns":2.0},{"damage":2.0,"enemies":"2 Louse","floor":5.0,"turns":2.0},{"damage":3.0,"enemies":"Gremlin Nob","floor":6.0,"turns":3.0},{"damage":7.0,"enemies":"3 Sentries","floor":8.0,"turns":5.0},{"damage":16.0,"enemies":"Gremlin Nob","floor":10.0,"turns":3.0},{"damage":0.0,"enemies":"Exordium Thugs","floor":14.0,"turns":2.0},{"damage":0.0,"enemies":"Hexaghost","floor":16.0,"turns":5.0},{"damage":2.0,"enemies":"Spheric Guardian","floor":18.0,"turns":3.0},{"damage":3.0,"enemies":"3 Byrds","floor":19.0,"turns":3.0},{"damage":2.0,"enemies":"Cultist and Chosen","floor":21.0,"turns":5.0},{"damage":24.0,"enemies":"Slavers","floor":23.0,"turns":5.0},{"damage":37,"enemies":"Gremlin Leader","floor":25,"turns":2}],"seed_played":"-6086128105505964036","potions_obtained":[{"floor":1.0,"key":"Energy Potion"},{"floor":6.0,"key":"PowerPotion"},{"floor":14.0,"key":"Regen Potion"},{"floor":18.0,"key":"Ambrosia"},{"floor":19.0,"key":"SpeedPotion"}],"is_trial":false,"path_per_floor":["M","M","?","$","M","E","R","E","T","E","$","?","R","M","R","B",null,"M","M","?","M","T","E","?","E"],"character_chosen":"WATCHER","items_purchased":["FlurryOfBlows","TalkToTheHand","AttackPotion"],"campfire_rested":0,"item_purchase_floors":[4,11,11],"current_hp_per_floor":[61,61,61,61,59,56,56,49,49,33,33,33,33,33,33,33,59,57,63,63,61,61,37,37,0,0],"gold":76,"neow_bonus":"BOSS_RELIC","is_daily":false,"chose_seed":false,"campfire_upgraded":3,"win_rate":0.0,"timestamp":1612589463,"path_taken":["M","?","?","?","M","E","R","E","T","E","$","?","R","?","R","BOSS","M","M","?","?","?","E","?","E"],"items_purchased_type":["Card","Card","Potion"],"build_version":"2020-12-18","purchased_purges":1,"victory":false,"max_hp_per_floor":[68,68,68,68,68,68,68,68,68,68,68,68,68,68,68,68,68,68,68,68,68,68,68,68,68,68],"relic_stats":{"counters":[13,43],"Bronze Scales":[126],"Pantograph":0,"Turnip":[5],"Black Star":1,"Cursed Key":2,"Boot":[20],"obtain_stats":[{"Bronze Scales":8,"Pantograph":23,"Oddly Smooth Stone":9,"Vajra":23,"Turnip":10,"Black Star":17,"PureWater":0,"Cursed Key":0,"Boot":6,"StrikeDummy":22},{"Bronze Scales":5,"Pantograph":12,"Oddly Smooth Stone":5,"Vajra":12,"Turnip":6,"Black Star":8,"PureWater":0,"Cursed Key":0,"Boot":4,"StrikeDummy":11},{"Bronze Scales":15,"Pantograph":41,"Oddly Smooth Stone":15,"Vajra":41,"Turnip":18,"Black Star":25,"PureWater":0,"Cursed Key":0,"Boot":10,"StrikeDummy":36}]},"card_choices":[{"not_picked":["MentalFortress","Crescendo"],"picked":"Adaptation","floor":1.0},{"not_picked":["ClearTheMind","Worship"],"picked":"Consecrate","floor":2.0},{"not_picked":["ReachHeaven","Protect"],"picked":"CrushJoints","floor":5.0},{"not_picked":["Prostrate","Fasting2"],"picked":"FearNoEvil","floor":6.0},{"not_picked":["ClearTheMind","ThirdEye"],"picked":"CarveReality","floor":8.0},{"not_picked":["WindmillStrike","Prostrate"],"picked":"MentalFortress","floor":10.0},{"not_picked":["BowlingBash","Consecrate"],"picked":"EmptyFist","floor":14.0},{"not_picked":["DevaForm","Omniscience"],"picked":"LessonLearned","floor":16.0},{"not_picked":["PathToVictory","Fasting2"],"picked":"ForeignInfluence","floor":18.0},{"not_picked":["Consecrate","FlyingSleeves"],"picked":"CrushJoints","floor":19.0},{"not_picked":["EmptyBody","FlurryOfBlows"],"picked":"CutThroughFate","floor":21.0},{"not_picked":["Prostrate","DeceiveReality"],"picked":"Halt","floor":23.0}],"player_experience":1296299,"relics_obtained":[{"floor":6.0,"key":"Boot"},{"floor":8.0,"key":"Bronze Scales"},{"floor":9.0,"key":"Oddly Smooth Stone"},{"floor":10.0,"key":"Turnip"},{"floor":22.0,"key":"StrikeDummy"},{"floor":23.0,"key":"Vajra"},{"floor":23.0,"key":"Pantograph"}],"event_choices":[{"damage_healed":0.0,"max_hp_gain":0.0,"max_hp_loss":0.0,"gold_gain":0.0,"event_name":"Upgrade Shrine","player_choice":"Upgraded","floor":3.0,"gold_loss":0.0,"damage_taken":0.0,"cards_upgraded":["Eruption"]},{"damage_healed":0.0,"max_hp_gain":0.0,"max_hp_loss":0.0,"gold_gain":0.0,"event_name":"Liars Game","player_choice":"Ignored","floor":12.0,"gold_loss":0.0,"damage_taken":0.0},{"cards_removed":["Defend_P"],"damage_healed":0.0,"max_hp_gain":0.0,"max_hp_loss":0.0,"gold_gain":0.0,"event_name":"Designer","player_choice":"Upgrade and Remove","floor":20.0,"gold_loss":110.0,"damage_taken":0.0,"cards_upgraded":["FlurryOfBlows"]},{"damage_healed":0.0,"max_hp_gain":0.0,"max_hp_loss":0.0,"gold_gain":0.0,"event_name":"Vampires","player_choice":"Ignored","floor":24.0,"gold_loss":0.0,"damage_taken":0.0}],"is_beta":true,"boss_relics":[{"not_picked":["Empty Cage","Astrolabe"],"picked":"Black Star"}],"items_purged_floors":[11],"is_endless":false,"potions_floor_spawned":[1,6,14,16,18,19,21],"killed_by":"Gremlin Leader","ascension_level":20}}