{"host":"9r21pjsoidsmrzpr","time":1612650927,"event":{"mods":["AchievementEnabler","BaseMod","Hermit","Minty Spire (QoL Compilation)","Reliquary","Replay The Spire","StSLib","The Disciple","The Hierophant","The Runesmith"],"gold_per_floor":[112,125,125,145,13,24,24,24,49,27,27,48,48,86,86,54,54],"floor_reached":16,"language":"ENG","playtime":4122,"items_purged":["Writhe"],"score":100,"play_id":"f82c6a7d-8706-4cb3-9ccc-45fdbd2b288a","local_time":"20210207013527","is_ascension_mode":false,"campfire_choices":[{"data":"hierophant:Doubloon","floor":8,"key":"SMITH"},{"data":"hierophant:HolyVerse","floor":11,"key":"SMITH"},{"floor":15,"key":"REST"}],"circlet_count":0,"master_deck":["hierophant:Strike_Hierophant","hierophant:Strike_Hierophant","hierophant:Strike_Hierophant","hierophant:Strike_Hierophant","hierophant:Punish","hierophant:Defend_Hierophant","hierophant:Defend_Hierophant","hierophant:Defend_Hierophant","hierophant:Defend_Hierophant","hierophant:ChurchCoffers","hierophant:Smite","hierophant:FieryStrike","hierophant:HolyVerse+1","ReplayTheSpireMod:Private Reserves","hierophant:CursedGold","hierophant:Doubloon+1","hierophant:Doubloon","hierophant:FieryStrike","hierophant:Sermon","hierophant:Doubloon","hierophant:Remorse","hierophant:Alms"],"relics":["hierophant:PropheticMaskRelic","Pet Ghost","ReplayTheSpireMod:CursedCoin","ReplayTheSpireMod:Ninjato","reliquary:SharkskinSheath","Ginger","GremlinMask"],"acts_visited":["Exordium"],"potions_floor_usage":[],"damage_taken":[{"damage":6,"enemies":"Jaw Worm","floor":1,"turns":4},{"damage":10,"enemies":"Cultist","floor":2,"turns":4},{"damage":5,"enemies":"Small Slimes","floor":4,"turns":3},{"damage":24,"enemies":"Exordium Thugs","floor":6,"turns":4},{"damage":17,"enemies":"Replay:BlueRogue","floor":12,"turns":4},{"damage":8,"enemies":"Red Slaver","floor":14,"turns":2},{"damage":27,"enemies":"Hexaghost","floor":16,"turns":4}],"seed_played":"5730127006804712331","potions_obtained":[{"floor":2,"key":"Flashbang"},{"floor":3,"key":"Ancient Potion"},{"floor":3,"key":"EssenceOfSteel"}],"is_trial":false,"path_per_floor":["M","M","?","M","$","M","T","R","T","$","R","E","?","M","R","B"],"character_chosen":"HIEROPHANT","items_purchased":["ReplayTheSpireMod:CursedCoin","ReplayTheSpireMod:Private Reserves","hierophant:CursedGold","hierophant:Doubloon","hierophant:Sermon"],"campfire_rested":1,"item_purchase_floors":[5,5,5,5,10],"current_hp_per_floor":[69,59,59,54,54,30,30,30,30,30,30,13,13,5,27,0,0],"gold":54,"neow_bonus":"RANDOM_COMMON_RELIC","is_daily":false,"chose_seed":false,"campfire_upgraded":2,"win_rate":0.0,"timestamp":1612650927,"path_taken":["M","M","?","M","?","M","?","R","T","$","R","E","?","M","R","BOSS"],"items_purchased_type":["Relic","Card","Card","Card","Card"],"build_version":"2020-12-22","purchased_purges":1,"victory":false,"max_hp_per_floor":[75,75,75,75,75,75,75,75,75,75,75,75,75,75,75,75,75],"card_choices":[{"not_picked":["hierophant:DisplayOfPower","hierophant:Mercenaries"],"picked":"hierophant:Smite","floor":1},{"not_picked":["hierophant:Purify","hierophant:Endure"],"picked":"hierophant:FieryStrike","floor":2},{"not_picked":["hierophant:ArchangelShield","hierophant:Bribe"],"picked":"hierophant:HolyVerse","floor":4},{"not_picked":["hierophant:RustyCrate","hierophant:Racketeering"],"picked":"hierophant:FieryStrike","floor":6},{"not_picked":["hierophant:Shelter","hierophant:SealAway"],"picked":"hierophant:Remorse","floor":12},{"not_picked":["hierophant:MirrorShield","hierophant:SealAway"],"picked":"hierophant:Alms","floor":14}],"player_experience":701790,"relics_obtained":[{"floor":7,"key":"ReplayTheSpireMod:Ninjato"},{"floor":9,"key":"reliquary:SharkskinSheath"},{"floor":12,"key":"Ginger"}],"event_choices":[{"damage_healed":0,"gold_gain":0,"player_choice":"Got Potions","damage_taken":0,"max_hp_gain":0,"max_hp_loss":0,"event_name":"Lab","floor":3,"gold_loss":0},{"damage_healed":0,"gold_gain":0,"player_choice":"Trade","damage_taken":0,"relics_obtained":["GremlinMask"],"max_hp_gain":0,"max_hp_loss":0,"event_name":"FaceTrader","floor":13,"gold_loss":0}],"is_beta":false,"boss_relics":[],"items_purged_floors":[5],"is_endless":false,"potions_floor_spawned":[2,4,6],"killed_by":"Hexaghost","ascension_level":0}}