{"host":"2lo6hma6kymb0g9i","time":1612631240,"event":{"mods":["BaseMod","Colored Map","DeckTracker","Minty Spire (QoL Compilation)"],"gold_per_floor":[13,27,27,27,46,46,65,65,91,103,165,193,218,244,256,268,268],"floor_reached":16,"language":"JPN","playtime":738,"items_purged":[],"score":188,"play_id":"ebde044f-8dfa-4c2a-b2c3-01b8a74d16f8","local_time":"20210207020720","is_ascension_mode":true,"campfire_choices":[{"data":"Go for the Eyes","floor":6,"key":"SMITH"},{"data":"White Noise","floor":8,"key":"SMITH"},{"data":"Streamline","floor":15,"key":"SMITH"}],"circlet_count":0,"master_deck":["AscendersBane","Strike_B","Strike_B","Strike_B","Defend_B","Defend_B","Defend_B","Defend_B","Zap","Dualcast","Seek","Go for the Eyes+1","Leap","Barrage","White Noise+1","Chill","Streamline+1"],"relics":["Cracked Core","Golden Idol","MawBank"],"acts_visited":["Exordium"],"potions_floor_usage":[16],"damage_taken":[{"damage":12,"enemies":"Small Slimes","floor":1,"turns":4},{"damage":4,"enemies":"Jaw Worm","floor":2,"turns":2},{"damage":0,"enemies":"Cultist","floor":5,"turns":4},{"damage":1,"enemies":"Looter","floor":7,"turns":3},{"damage":6,"enemies":"Blue Slaver","floor":12,"turns":3},{"damage":7,"enemies":"Red Slaver","floor":13,"turns":4},{"damage":4,"enemies":"Large Slime","floor":14,"turns":5},{"damage":32,"enemies":"Hexaghost","floor":16,"turns":10}],"seed_played":"-2814178879380474026","potions_obtained":[{"floor":2,"key":"Block Potion"},{"floor":12,"key":"Block Potion"}],"is_trial":false,"path_per_floor":["M","M","?","?","M","R","M","R","T","?","?","M","M","M","R","B"],"character_chosen":"DEFECT","items_purchased":[],"campfire_rested":0,"item_purchase_floors":[],"current_hp_per_floor":[52,48,48,48,48,48,47,47,47,47,47,41,34,30,30,0,0],"gold":268,"neow_bonus":"THREE_RARE_CARDS","is_daily":false,"chose_seed":false,"campfire_upgraded":3,"win_rate":0.0,"timestamp":1612631240,"path_taken":["M","M","?","?","?","R","M","R","T","?","?","M","M","M","R","BOSS"],"items_purchased_type":[],"build_version":"2020-12-22","purchased_purges":0,"victory":false,"max_hp_per_floor":[71,71,64,64,64,64,64,64,64,64,64,64,64,64,64,64,64],"card_choices":[{"not_picked":["Buffer","Thunder Strike"],"picked":"Seek","floor":0},{"not_picked":["Coolheaded","Heatsinks"],"picked":"Go for the Eyes","floor":1},{"not_picked":["Hologram","Rebound"],"picked":"Leap","floor":2},{"not_picked":["Ball Lightning","Go for the Eyes"],"picked":"Barrage","floor":5},{"not_picked":["Gash","White Noise","Coolheaded"],"picked":"SKIP","floor":7},{"not_picked":["Gash","Coolheaded"],"picked":"White Noise","floor":7},{"not_picked":["Static Discharge","Streamline"],"picked":"Chill","floor":12},{"not_picked":["Multi-Cast","Beam Cell"],"picked":"Streamline","floor":13},{"not_picked":["Gash","Aggregate","Self Repair"],"picked":"SKIP","floor":14}],"player_experience":1135750,"relics_obtained":[{"floor":9,"key":"MawBank"}],"event_choices":[{"damage_healed":0,"gold_gain":0,"player_choice":"Lose Max HP","damage_taken":0,"relics_obtained":["Golden Idol"],"max_hp_gain":0,"max_hp_loss":7,"event_name":"Golden Idol","floor":3,"gold_loss":0},{"cards_removed":["Strike_B"],"damage_healed":0,"gold_gain":0,"player_choice":"Card Removal","damage_taken":0,"max_hp_gain":0,"max_hp_loss":0,"event_name":"Wheel of Change","floor":4,"gold_loss":0},{"damage_healed":0,"gold_gain":0,"player_choice":"Ignored","damage_taken":0,"max_hp_gain":0,"max_hp_loss":0,"event_name":"Liars Game","floor":10,"gold_loss":0},{"damage_healed":0,"gold_gain":50,"player_choice":"Pray","damage_taken":0,"max_hp_gain":0,"max_hp_loss":0,"event_name":"Golden Shrine","floor":11,"gold_loss":0}],"is_beta":false,"boss_relics":[],"items_purged_floors":[],"is_endless":false,"potions_floor_spawned":[2,12,14],"killed_by":"Hexaghost","ascension_level":20}}