{"host":"mo324zvkdr1xwprd","time":1612612761,"event":{"mods":["BaseMod","Better Note","BetterRewards","Hermit","Highlight Path","Hubris","Minty Spire (QoL Compilation)","Quick Restart","Rare Cards Sparkle","Shop Mod","StSLib","The Cursed","The Hierophant"],"gold_per_floor":[112,129,146,3,3,3,32,42,42,69,82,98,98,114,114,223,223,246,246,246,271,117,150,150,150,150,166,271,271,305,327,327,440,440,464,1463,1463,1490,885,885,920,920,920,946,987,1011,1031,1051,1051,1051,1051,1051,48,91,91],"floor_reached":56,"language":"ENG","playtime":4389,"items_purged":[],"score":2394,"play_id":"9bf56e35-39d3-4fc1-941c-d056e0a88dd9","local_time":"20210206115921","is_ascension_mode":true,"campfire_choices":[{"floor":6.0,"key":"RECALL"},{"floor":15.0,"key":"REST"},{"floor":25.0,"key":"REST"},{"floor":29.0,"key":"REST"},{"floor":32.0,"key":"REST"},{"floor":40.0,"key":"REST"},{"floor":49.0,"key":"REST"},{"floor":52.0,"key":"REST"}],"circlet_count":0,"master_deck":["AscendersBane","TheCursedMod:Strike_TheCursed","TheCursedMod:Strike_TheCursed","TheCursedMod:Strike_TheCursed","TheCursedMod:Defend_TheCursed","TheCursedMod:Defend_TheCursed","TheCursedMod:Defend_TheCursed","TheCursedMod:Defend_TheCursed","TheCursedMod:CursedWand+1","TheCursedMod:CleanUpWorkshop","TheCursedMod:Dregs","TheCursedMod:CursedSpellbook","TheCursedMod:StingEye","TheCursedMod:CursedShiv","TheCursedMod:LuckyCharm+1","TheCursedMod:SurpriseAttack","TheCursedMod:LuckyCharm","TheCursedMod:CursedAmulet","TheCursedMod:CursedRelics","TheCursedMod:CursedShiv","TheCursedMod:SpitefulPray","TheCursedMod:CursedBlade","TheCursedMod:Stretching","TheCursedMod:SpitefulPray","hubris:Greed","TheCursedMod:AntiAging","TheCursedMod:SurpriseAttack","TheCursedMod:TroublousMinions","Writhe","TheCursedMod:CursedArmor","TheCursedMod:Torture","TheCursedMod:Hemoplague","TheCursedMod:SmokeScreen","TheCursedMod:DemonSword","TheCursedMod:SoulReap+1","TheCursedMod:Obscuration","TheCursedMod:Stigma","TheCursedMod:SmokeScreen","hubris:Greed","TheCursedMod:VoidForm","TheCursedMod:HellfireBreathing","Normality","Normality","TheCursedMod:CursedBlade+1","TheCursedMod:CircleOfCorruption","TheCursedMod:CursedBlade","Sadistic Nature","TheCursedMod:HellsGateOpen","TheCursedMod:Obscuration","TheCursedMod:DemonSword","TheCursedMod:CircleOfBlood","TheCursedMod:DoubleShield+1","TheCursedMod:SurpriseAttack","TheCursedMod:TroublousMinions","Parasite","TheCursedMod:WearCloak","hubris:Greed","TheCursedMod:SurpriseAttack","TheCursedMod:CursedSpellbook","TheCursedMod:CircleOfCorruption","Mayhem","Dark Shackles","TheCursedMod:CursedMace"],"relics":["TheCursedMod:BlackMagic101","Mercury Hourglass","hubris:Potato","Frozen Eye","Lee\u0027s Waffle","StoneCalendar","White Beast Statue","Fusion Hammer","Omamori","PreservedInsect","Bronze Scales","hubris:MedicalManual","Bottled Lightning","Potion Belt","hubris:Backtick","Ice Cream","hubris:Towel","Whetstone","FossilizedHelix","Bag of Preparation","InkBottle","Mango","TheCursedMod:Tack","Dead Branch"],"acts_visited":["Exordium","TheCity","TheBeyond","TheEnding"],"potions_floor_usage":[55,55,55],"damage_taken":[{"damage":0.0,"enemies":"Jaw Worm","floor":1.0,"turns":4.0},{"damage":0.0,"enemies":"Small Slimes","floor":2.0,"turns":2.0},{"damage":0.0,"enemies":"Cultist","floor":3.0,"turns":3.0},{"damage":8.0,"enemies":"Lagavulin","floor":7.0,"turns":7.0},{"damage":0.0,"enemies":"2 Fungi Beasts","floor":8.0,"turns":2.0},{"damage":16.0,"enemies":"Gremlin Nob","floor":10.0,"turns":4.0},{"damage":0.0,"enemies":"Blue Slaver","floor":11.0,"turns":3.0},{"damage":0.0,"enemies":"3 Louse","floor":12.0,"turns":2.0},{"damage":7.0,"enemies":"Red Slaver","floor":14.0,"turns":3.0},{"damage":1.0,"enemies":"The Guardian","floor":16.0,"turns":9.0},{"damage":4.0,"enemies":"Spheric Guardian","floor":18.0,"turns":4.0},{"damage":7.0,"enemies":"Chosen","floor":21.0,"turns":7.0},{"damage":22.0,"enemies":"Book of Stabbing","floor":23.0,"turns":6.0},{"damage":5.0,"enemies":"Shelled Parasite and Fungi","floor":27.0,"turns":3.0},{"damage":14.0,"enemies":"Colosseum Slavers","floor":28.0,"turns":4.0},{"damage":10.0,"enemies":"Colosseum Nobs","floor":28.0,"turns":4.0},{"damage":13.0,"enemies":"Gremlin Leader","floor":30.0,"turns":6.0},{"damage":9.0,"enemies":"Centurion and Healer","floor":31.0,"turns":4.0},{"damage":23.0,"enemies":"Collector","floor":33.0,"turns":10.0},{"damage":4.0,"enemies":"3 Darklings","floor":35.0,"turns":6.0},{"damage":0.0,"enemies":"Orb Walker","floor":38.0,"turns":3.0},{"damage":6.0,"enemies":"Giant Head","floor":41.0,"turns":6.0},{"damage":0.0,"enemies":"4 Shapes","floor":44.0,"turns":2.0},{"damage":9.0,"enemies":"Nemesis","floor":45.0,"turns":5.0},{"damage":0.0,"enemies":"Sphere and 2 Shapes","floor":46.0,"turns":3.0},{"damage":12.0,"enemies":"3 Darklings","floor":47.0,"turns":3.0},{"damage":8.0,"enemies":"Writhing Mass","floor":48.0,"turns":5.0},{"damage":42.0,"enemies":"Time Eater","floor":50.0,"turns":10.0},{"damage":12.0,"enemies":"Shield and Spear","floor":54.0,"turns":5.0},{"damage":104,"enemies":"The Heart","floor":55,"turns":6}],"seed_played":"2398585873080958495","potions_obtained":[{"floor":2.0,"key":"SteroidPotion"},{"floor":7.0,"key":"PowerPotion"},{"floor":10.0,"key":"Fire Potion"},{"floor":11.0,"key":"AttackPotion"},{"floor":12.0,"key":"EntropicBrew"},{"floor":16.0,"key":"FairyPotion"},{"floor":18.0,"key":"Ancient Potion"},{"floor":21.0,"key":"Weak Potion"},{"floor":23.0,"key":"Fire Potion"},{"floor":27.0,"key":"LiquidBronze"},{"floor":28.0,"key":"LiquidBronze"},{"floor":30.0,"key":"SneckoOil"},{"floor":31.0,"key":"FearPotion"},{"floor":33.0,"key":"Ancient Potion"},{"floor":35.0,"key":"BlessingOfTheForge"},{"floor":38.0,"key":"Explosive Potion"},{"floor":41.0,"key":"BlessingOfTheForge"},{"floor":44.0,"key":"PowerPotion"},{"floor":45.0,"key":"DistilledChaos"},{"floor":46.0,"key":"PowerPotion"},{"floor":47.0,"key":"Block Potion"},{"floor":48.0,"key":"DistilledChaos"},{"floor":54.0,"key":"SpeedPotion"}],"is_trial":false,"path_per_floor":["M","M","M","$","?","R","E","M","T","E","M","M","?","M","R","B",null,"M","?","?","M","$","E","?","R","T","M","?","R","E","M","R","B",null,"M","?","?","M","$","R","E","?","T","M","E","M","M","M","R","B",null,"R","$","E","B",null],"character_chosen":"THE_CURSED","items_purchased":["Mercury Hourglass","TheCursedMod:CursedSpellbook","Frozen Eye","TheCursedMod:CursedShiv","Lee\u0027s Waffle","TheCursedMod:Torture","TheCursedMod:Hemoplague","TheCursedMod:SmokeScreen","Whetstone","TheCursedMod:CircleOfCorruption","TheCursedMod:CursedBlade","Sadistic Nature","TheCursedMod:HellsGateOpen","TheCursedMod:Obscuration","CultistPotion","Mango","TheCursedMod:SurpriseAttack","TheCursedMod:CursedSpellbook","AttackPotion","BlessingOfTheForge","TheCursedMod:CircleOfCorruption","Mayhem","Dark Shackles","TheCursedMod:Tack"],"campfire_rested":7,"item_purchase_floors":[0,0,0,0,4,22,22,22,39,39,39,39,39,39,39,53,53,53,53,53,53,53,53,53],"current_hp_per_floor":[28,28,28,82,66,66,58,58,58,42,42,42,42,35,59,58,76,74,74,74,69,69,47,47,72,72,69,59,86,84,82,96,73,90,91,91,91,99,99,99,101,101,101,101,103,105,100,97,105,80,99,105,119,109,5],"gold":91,"neow_bonus":"","is_daily":false,"chose_seed":false,"campfire_upgraded":0,"win_rate":0.0,"timestamp":1612612761,"path_taken":["M","M","M","$","?","R","E","M","T","E","M","M","?","?","R","BOSS","M","?","?","M","$","E","?","R","T","?","?","R","E","M","R","BOSS","M","?","?","M","$","R","E","?","T","M","E","M","M","M","R","BOSS","R","$","E","BOSS"],"items_purchased_type":["Relic","Card","Relic","Card","Relic","Card","Card","Card","Relic","Card","Card","Card","Card","Card","Potion","Relic","Card","Card","Potion","Potion","Card","Card","Card","Relic"],"build_version":"2020-12-22","purchased_purges":0,"victory":true,"max_hp_per_floor":[75,75,75,82,82,82,82,82,82,82,82,82,82,82,82,82,82,84,84,84,86,86,86,86,86,86,88,92,92,94,96,96,96,96,96,96,96,99,99,99,101,101,101,101,103,105,105,105,105,105,105,105,119,121,121],"card_choices":[{"not_picked":["TheCursedMod:Wield","TheCursedMod:RavingStaff"],"picked":"TheCursedMod:LuckyCharm","floor":1.0},{"not_picked":["TheCursedMod:CursedBlade","TheCursedMod:FleshFromBone"],"picked":"TheCursedMod:SurpriseAttack","floor":2.0},{"not_picked":["TheCursedMod:SpitefulStrike","TheCursedMod:PrepareRite"],"picked":"TheCursedMod:LuckyCharm","floor":3.0},{"not_picked":["TheCursedMod:VitalStrike","TheCursedMod:HellfireBreathing"],"picked":"TheCursedMod:CursedAmulet","floor":7.0},{"not_picked":["TheCursedMod:SmokeScreen","TheCursedMod:RapidMovement"],"picked":"TheCursedMod:CursedRelics","floor":8.0},{"not_picked":["TheCursedMod:CircleOfFlame","TheCursedMod:CircleOfWindfury"],"picked":"TheCursedMod:CursedShiv","floor":10.0},{"not_picked":["TheCursedMod:ReleasedKnowledge","TheCursedMod:Wield"],"picked":"TheCursedMod:SpitefulPray","floor":11.0},{"not_picked":["TheCursedMod:CursedAmulet","TheCursedMod:PrepareRite"],"picked":"TheCursedMod:CursedBlade","floor":12.0},{"not_picked":["TheCursedMod:FuryStrike","TheCursedMod:AbyssShockwave"],"picked":"TheCursedMod:SpitefulPray","floor":14.0},{"not_picked":["TheCursedMod:CollectTribute","TheCursedMod:StunningStrike"],"picked":"TheCursedMod:AntiAging","floor":16.0},{"not_picked":["TheCursedMod:AshesToAshes","TheCursedMod:SpitefulStrike"],"picked":"TheCursedMod:SurpriseAttack","floor":18.0},{"not_picked":["TheCursedMod:FleshFromBone","TheCursedMod:RapidMovement"],"picked":"TheCursedMod:CursedArmor","floor":21.0},{"not_picked":["TheCursedMod:Evocation+1","TheCursedMod:WearCloak"],"picked":"TheCursedMod:DemonSword","floor":23.0},{"not_picked":["TheCursedMod:CircleOfFocus","TheCursedMod:RavingStaff"],"picked":"TheCursedMod:SoulReap","floor":27.0},{"not_picked":["TheCursedMod:CursedMace","TheCursedMod:SmokeScreen"],"picked":"TheCursedMod:Obscuration","floor":28.0},{"not_picked":["TheCursedMod:EmpowerCircles","TheCursedMod:CircleOfAmplification+1"],"picked":"TheCursedMod:Stigma","floor":30.0},{"not_picked":["TheCursedMod:SoulCrush+1","TheCursedMod:CircleOfAmplification"],"picked":"TheCursedMod:SmokeScreen","floor":31.0},{"not_picked":["TheCursedMod:CircleOfAbyss","TheCursedMod:ShockAndAwe"],"picked":"TheCursedMod:VoidForm","floor":33.0},{"not_picked":["TheCursedMod:SpitefulStrike+1","TheCursedMod:VitalStrike"],"picked":"TheCursedMod:HellfireBreathing","floor":35.0},{"not_picked":["TheCursedMod:SmokeScreen","TheCursedMod:CircleOfFlame+1"],"picked":"TheCursedMod:CursedBlade","floor":38.0},{"not_picked":["TheCursedMod:CursedRelics","TheCursedMod:Stigma"],"picked":"TheCursedMod:DemonSword","floor":41.0},{"not_picked":["TheCursedMod:SpitefulStrike+1","TheCursedMod:HellsGateOpen"],"picked":"TheCursedMod:CircleOfBlood","floor":44.0},{"not_picked":["TheCursedMod:CursedArmor","TheCursedMod:SmokeScreen"],"picked":"TheCursedMod:DoubleShield+1","floor":45.0},{"not_picked":["TheCursedMod:BloodBarrier+1","TheCursedMod:Wield"],"picked":"TheCursedMod:SurpriseAttack","floor":46.0},{"not_picked":["TheCursedMod:SpitefulPray","TheCursedMod:Torture"],"picked":"TheCursedMod:TroublousMinions","floor":47.0},{"not_picked":["TheCursedMod:FuryStrike","TheCursedMod:Stretching"],"picked":"TheCursedMod:WearCloak","floor":48.0},{"not_picked":["TheCursedMod:SmokeScreen","TheCursedMod:ReleasedKnowledge"],"picked":"TheCursedMod:CursedMace","floor":54.0}],"player_experience":478192,"relics_obtained":[{"floor":7.0,"key":"StoneCalendar"},{"floor":10.0,"key":"White Beast Statue"},{"floor":23.0,"key":"PreservedInsect"},{"floor":26.0,"key":"Bronze Scales"},{"floor":28.0,"key":"hubris:MedicalManual"},{"floor":28.0,"key":"Bottled Lightning"},{"floor":30.0,"key":"Potion Belt"},{"floor":41.0,"key":"FossilizedHelix"},{"floor":43.0,"key":"Bag of Preparation"},{"floor":45.0,"key":"InkBottle"},{"floor":54.0,"key":"Dead Branch"}],"event_choices":[{"damage_healed":0.0,"max_hp_gain":0.0,"max_hp_loss":0.0,"gold_gain":0.0,"event_name":"Shining Light","player_choice":"Entered Light","floor":5.0,"gold_loss":0.0,"damage_taken":16.0,"cards_upgraded":["TheCursedMod:LuckyCharm","TheCursedMod:CursedWand"]},{"damage_healed":0.0,"max_hp_gain":0.0,"max_hp_loss":0.0,"gold_gain":0.0,"cards_transformed":["TheCursedMod:Strike_TheCursed"],"event_name":"Transmorgrifier","player_choice":"Transformed","floor":13.0,"gold_loss":0.0,"damage_taken":0.0,"cards_obtained":["TheCursedMod:Stretching"]},{"damage_healed":0.0,"max_hp_gain":0.0,"max_hp_loss":0.0,"gold_gain":0.0,"event_name":"The Mausoleum","player_choice":"Opened","floor":20.0,"gold_loss":0.0,"damage_taken":0.0,"relics_obtained":["Omamori"],"cards_obtained":["Writhe"]},{"damage_healed":0.0,"max_hp_gain":0.0,"max_hp_loss":0.0,"gold_gain":0.0,"event_name":"Fountain of Cleansing","player_choice":"Ignored","floor":24.0,"gold_loss":0.0,"damage_taken":0.0},{"damage_healed":0.0,"max_hp_gain":0.0,"max_hp_loss":0.0,"gold_gain":0.0,"event_name":"Colosseum","player_choice":"Fight","floor":28.0,"gold_loss":0.0,"damage_taken":0.0},{"damage_healed":0.0,"max_hp_gain":0.0,"max_hp_loss":0.0,"gold_gain":0.0,"event_name":"Colosseum","player_choice":"Fought Nobs","floor":28.0,"gold_loss":0.0,"damage_taken":0.0},{"damage_healed":0.0,"max_hp_gain":0.0,"max_hp_loss":0.0,"gold_gain":999.0,"event_name":"MindBloom","player_choice":"Gold","floor":36.0,"gold_loss":0.0,"damage_taken":0.0,"cards_obtained":["Normality","Normality"]},{"damage_healed":0.0,"max_hp_gain":0.0,"max_hp_loss":0.0,"gold_gain":0.0,"event_name":"The Woman in Blue","player_choice":"Bought 0 Potions","floor":42.0,"gold_loss":0.0,"damage_taken":0.0}],"is_beta":false,"boss_relics":[{"not_picked":["Empty Cage","hubris:VirtuousBlindfold"],"picked":"Fusion Hammer"},{"not_picked":["Runic Pyramid","SacredBark"],"picked":"hubris:Backtick"}],"items_purged_floors":[],"is_endless":false,"potions_floor_spawned":[2,7,10,11,12,14,16,18,21,23,27,28,28,30,31,33,35,38,41,44,45,46,47,48,54],"ascension_level":12}}