{"host":"m7jrdcbl89w2s34c","time":1612650709,"event":{"mods":["AchievementEnabler","BaseMod","Bestiary","Block Reminder","Colored Map","Colored Powertips","Minty Spire (QoL Compilation)","Permanent Neow","Relic Stats","StSLib"],"gold_per_floor":[13,26,45,55,55,86,86,119,146,146,246,289,289,308,308,438,438,453,90,90,90,2,2,43,43,43,81,81,114,114,128,128,128,128],"floor_reached":33,"language":"ENG","playtime":1738,"items_purged":["Strike_B"],"score":550,"play_id":"105b2526-6185-472d-97b7-526a3a012a25","local_time":"20210206233149","is_ascension_mode":true,"campfire_choices":[{"data":"Zap","floor":7,"key":"SMITH"},{"data":"Electrodynamics","floor":13,"key":"SMITH"},{"data":"Coolheaded","floor":15,"key":"SMITH"},{"data":"Fission","floor":23,"key":"SMITH"},{"data":"Sunder","floor":25,"key":"SMITH"},{"floor":28,"key":"REST"},{"data":"Go for the Eyes","floor":30,"key":"SMITH"},{"floor":32,"key":"REST"}],"circlet_count":0,"master_deck":["AscendersBane","Strike_B+1","Strike_B+1","Defend_B+1","Defend_B+1","Defend_B+1","Zap+1","Dualcast","Cold Snap","Ball Lightning","Coolheaded+1","Glacier","Sweeping Beam","Electrodynamics+1","Ball Lightning","Fission+1","Go for the Eyes+1","Sunder+1","Auto Shields","Stack","Chill","Coolheaded","Glacier","Capacitor+1","Reinforced Body"],"relics":["Cracked Core","Potion Belt","Omamori","Akabeko","Bag of Preparation","Golden Idol","Vajra","Philosopher\u0027s Stone","Membership Card","Oddly Smooth Stone","Bronze Scales","Medical Kit","Blue Candle","Eternal Feather","Dream Catcher","Boot"],"acts_visited":["Exordium","TheCity"],"potions_floor_usage":[4,6,8],"damage_taken":[{"damage":3,"enemies":"Jaw Worm","floor":1,"turns":4},{"damage":0,"enemies":"Small Slimes","floor":2,"turns":3},{"damage":0,"enemies":"Cultist","floor":3,"turns":3},{"damage":12,"enemies":"Large Slime","floor":4,"turns":8},{"damage":8,"enemies":"3 Sentries","floor":6,"turns":6},{"damage":0,"enemies":"Gremlin Nob","floor":8,"turns":3},{"damage":6,"enemies":"3 Sentries","floor":12,"turns":5},{"damage":2,"enemies":"2 Fungi Beasts","floor":14,"turns":3},{"damage":10,"enemies":"The Guardian","floor":16,"turns":11},{"damage":13,"enemies":"3 Byrds","floor":18,"turns":2},{"damage":15,"enemies":"Book of Stabbing","floor":24,"turns":5},{"damage":37,"enemies":"Slavers","floor":27,"turns":5},{"damage":25,"enemies":"Book of Stabbing","floor":29,"turns":6},{"damage":0,"enemies":"Spheric Guardian","floor":31,"turns":2},{"damage":78,"enemies":"Champ","floor":33,"turns":14}],"seed_played":"4694524485652959399","potions_obtained":[{"floor":2,"key":"Fruit Juice"},{"floor":3,"key":"AttackPotion"},{"floor":4,"key":"DuplicationPotion"},{"floor":29,"key":"SmokeBomb"}],"is_trial":false,"path_per_floor":["M","M","M","M","?","E","R","E","T","?","?","E","R","M","R","B",null,"M","$","?","?","$","R","E","R","T","E","R","E","R","M","R","B"],"character_chosen":"DEFECT","items_purchased":["Membership Card","Oddly Smooth Stone","Bronze Scales","Sunder","Stack","Medical Kit"],"campfire_rested":2,"item_purchase_floors":[19,19,19,19,22,22],"current_hp_per_floor":[65,65,65,58,51,43,43,43,43,43,43,37,37,35,35,25,66,53,53,53,53,53,53,38,38,38,1,37,12,24,24,60,0,0],"gold":128,"neow_bonus":"REMOVE_TWO","is_daily":false,"chose_seed":false,"campfire_upgraded":6,"win_rate":0.0,"timestamp":1612650709,"path_taken":["M","M","M","M","?","E","R","E","T","?","?","E","R","?","R","BOSS","M","$","?","?","$","R","E","R","T","E","R","E","R","?","R","BOSS"],"items_purchased_type":["Relic","Relic","Relic","Card","Card","Relic"],"build_version":"2020-12-22","purchased_purges":1,"victory":false,"max_hp_per_floor":[75,75,75,80,80,80,80,80,80,80,80,80,80,80,80,80,80,80,80,80,80,80,80,80,80,80,80,80,80,80,80,80,80,80],"relic_stats":{"Dream Catcher":2,"counters":[15,80],"Golden Idol":68,"Bronze Scales":[118],"Blue Candle":[0],"Eternal Feather":36,"Bag of Preparation":[18],"Medical Kit":[3],"Boot":[7],"obtain_stats":[{"Potion Belt":5,"Golden Idol":10,"Blue Candle":24,"Vajra":12,"Oddly Smooth Stone":19,"Eternal Feather":26,"Omamori":6,"Bag of Preparation":9,"Medical Kit":22,"Boot":29,"Akabeko":8,"Dream Catcher":27,"Bronze Scales":19,"Philosopher\u0027s Stone":17,"Membership Card":19,"Cracked Core":0},{"Potion Belt":4,"Golden Idol":6,"Blue Candle":11,"Vajra":7,"Oddly Smooth Stone":10,"Eternal Feather":11,"Omamori":5,"Bag of Preparation":6,"Medical Kit":10,"Boot":13,"Akabeko":6,"Dream Catcher":12,"Bronze Scales":10,"Philosopher\u0027s Stone":9,"Membership Card":10,"Cracked Core":0},{"Potion Belt":18,"Golden Idol":27,"Blue Candle":53,"Vajra":32,"Oddly Smooth Stone":48,"Eternal Feather":53,"Omamori":24,"Bag of Preparation":27,"Medical Kit":48,"Boot":64,"Akabeko":27,"Dream Catcher":58,"Bronze Scales":48,"Philosopher\u0027s Stone":46,"Membership Card":48,"Cracked Core":0}]},"card_choices":[{"not_picked":["Ball Lightning","Scrape"],"picked":"Cold Snap","floor":1},{"not_picked":["Barrage","Hello World"],"picked":"Ball Lightning","floor":2},{"not_picked":["Lockon","BootSequence"],"picked":"Coolheaded","floor":3},{"not_picked":["Turbo","Beam Cell"],"picked":"Glacier","floor":4},{"not_picked":["Streamline","Rebound"],"picked":"Sweeping Beam","floor":6},{"not_picked":["Gash","Beam Cell","Redo"],"picked":"SKIP","floor":8},{"not_picked":["Coolheaded","Recycle"],"picked":"Electrodynamics","floor":12},{"not_picked":["Storm","Fusion"],"picked":"Ball Lightning","floor":14},{"not_picked":["Hyperbeam","Machine Learning"],"picked":"Fission","floor":16},{"not_picked":["BootSequence","Blizzard+1"],"picked":"Go for the Eyes","floor":18},{"not_picked":["Turbo","Tempest"],"picked":"Chill","floor":24},{"not_picked":["Turbo","Redo"],"picked":"Coolheaded","floor":27},{"not_picked":["Cold Snap","Rebound+1"],"picked":"Glacier","floor":28},{"not_picked":["Stack","Hologram"],"picked":"Capacitor+1","floor":29},{"not_picked":["Recycle","Tempest","Storm"],"picked":"SKIP","floor":31},{"not_picked":["Streamline","Coolheaded"],"picked":"Reinforced Body","floor":32}],"player_experience":239970,"relics_obtained":[{"floor":6,"key":"Omamori"},{"floor":8,"key":"Akabeko"},{"floor":9,"key":"Bag of Preparation"},{"floor":12,"key":"Vajra"},{"floor":24,"key":"Blue Candle"},{"floor":26,"key":"Eternal Feather"},{"floor":27,"key":"Dream Catcher"},{"floor":29,"key":"Boot"}],"event_choices":[{"damage_healed":0,"gold_gain":0,"player_choice":"Success","damage_taken":7,"relics_obtained":["Potion Belt"],"max_hp_gain":0,"max_hp_loss":0,"event_name":"Scrap Ooze","floor":5,"gold_loss":0},{"damage_healed":0,"gold_gain":0,"player_choice":"Take Wound","damage_taken":0,"relics_obtained":["Golden Idol"],"max_hp_gain":0,"max_hp_loss":0,"event_name":"Golden Idol","floor":10,"gold_loss":0,"cards_obtained":["Injury"]},{"damage_healed":0,"gold_gain":100,"player_choice":"Pray","damage_taken":0,"max_hp_gain":0,"max_hp_loss":0,"event_name":"Golden Shrine","floor":11,"gold_loss":0},{"damage_healed":0,"gold_gain":0,"player_choice":"Read","damage_taken":0,"max_hp_gain":0,"max_hp_loss":0,"event_name":"The Library","floor":20,"gold_loss":0,"cards_obtained":["Auto Shields"]},{"damage_healed":0,"gold_gain":0,"player_choice":"Simplicity","damage_taken":0,"max_hp_gain":0,"max_hp_loss":0,"event_name":"Back to Basics","floor":21,"gold_loss":0,"cards_upgraded":["Strike_B","Strike_B","Defend_B","Defend_B","Defend_B"]}],"is_beta":false,"boss_relics":[{"not_picked":["Ectoplasm","Inserter"],"picked":"Philosopher\u0027s Stone"}],"items_purged_floors":[19],"is_endless":false,"potions_floor_spawned":[2,3,4,29],"killed_by":"Champ","ascension_level":12}}