{"host":"l5zfpd2l2htson6l","time":1612573804,"event":{"mods":["AchievementEnabler","BaseMod","Colored Map","Colored Powertips","Minty Spire (QoL Compilation)","Permanent Neow","Quick Restart","Rare Cards Sparkle","Relic Stats","SuperFastMode"],"gold_per_floor":[109,109,124,135,152,40,74,74,121,36,67,67,78,110,110,187,187,201,201,246,260,279,308,328,328,328,343,343,343],"floor_reached":28,"language":"ENG","playtime":1905,"items_purged":["Pain"],"score":520,"play_id":"7e43d281-fb44-4613-94d5-24923efed0ba","local_time":"20210205171004","is_ascension_mode":true,"campfire_choices":[{"floor":8,"key":"REST"},{"floor":15,"key":"REST"},{"floor":25,"key":"REST"}],"circlet_count":0,"master_deck":["AscendersBane","Strike_R","Strike_R","Strike_R","Strike_R","Defend_R","Defend_R","Defend_R","Defend_R","Bash","Hemokinesis","Headbutt","Flame Barrier","Blood for Blood","True Grit","Fire Breathing","Inflame","Offering","Clothesline","Shrug It Off","Rage","Barricade","Spot Weakness"],"relics":["Fusion Hammer","WarpedTongs","Lantern","Blood Vial","Runic Pyramid","Mummified Hand","Pen Nib","Shovel","Tiny Chest"],"acts_visited":["Exordium","TheCity"],"potions_floor_usage":[7,14,14,28,28],"damage_taken":[{"damage":1,"enemies":"Cultist","floor":1,"turns":3},{"damage":1,"enemies":"2 Louse","floor":3,"turns":2},{"damage":13,"enemies":"Jaw Worm","floor":4,"turns":3},{"damage":7,"enemies":"Blue Slaver","floor":5,"turns":2},{"damage":27,"enemies":"3 Sentries","floor":7,"turns":7},{"damage":12,"enemies":"Lagavulin","floor":11,"turns":5},{"damage":7,"enemies":"Exordium Thugs","floor":13,"turns":4},{"damage":14,"enemies":"3 Sentries","floor":14,"turns":5},{"damage":4,"enemies":"Slime Boss","floor":16,"turns":7},{"damage":8,"enemies":"Chosen","floor":18,"turns":5},{"damage":20,"enemies":"3 Byrds","floor":21,"turns":5},{"damage":3,"enemies":"Centurion and Healer","floor":22,"turns":5},{"damage":9,"enemies":"Gremlin Leader","floor":23,"turns":5},{"damage":14,"enemies":"Snake Plant","floor":24,"turns":4},{"damage":31,"enemies":"Chosen and Byrds","floor":27,"turns":7},{"damage":20,"enemies":"Slavers","floor":28,"turns":1}],"seed_played":"8638496034248852163","potions_obtained":[{"floor":1,"key":"AttackPotion"},{"floor":3,"key":"DistilledChaos"},{"floor":13,"key":"EntropicBrew"}],"is_trial":false,"path_per_floor":["M","?","M","M","M","$","E","R","T","$","E","?","M","E","R","B",null,"M","T","T","M","M","E","M","R","T","M","E"],"character_chosen":"IRONCLAD","items_purchased":["Blood for Blood","Fire Breathing"],"campfire_rested":3,"item_purchase_floors":[6,10],"current_hp_per_floor":[67,67,66,53,46,46,19,41,41,41,29,29,22,8,30,28,63,57,57,57,39,38,31,19,41,41,12,0,0],"gold":343,"neow_bonus":"BOSS_RELIC","is_daily":false,"chose_seed":false,"campfire_upgraded":0,"win_rate":0.0,"timestamp":1612573804,"path_taken":["M","?","M","M","?","?","E","R","T","$","E","?","M","E","R","BOSS","M","?","?","M","M","E","M","R","T","M","E"],"items_purchased_type":["Card","Card"],"build_version":"2020-12-22","purchased_purges":1,"victory":false,"max_hp_per_floor":[75,75,75,75,75,75,75,75,75,75,75,75,75,75,75,75,75,75,75,75,75,75,75,75,75,75,75,75,75],"relic_stats":{"Blood Vial":16,"Shovel":0,"counters":[16,70],"Mummified Hand":[14],"Tiny Chest":0,"Pen Nib":[4],"obtain_stats":[{"Blood Vial":14,"Lantern":11,"Shovel":23,"Mummified Hand":19,"Tiny Chest":26,"Fusion Hammer":0,"Pen Nib":20,"Burning Blood":0,"WarpedTongs":2,"Runic Pyramid":17},{"Blood Vial":8,"Lantern":6,"Shovel":13,"Mummified Hand":10,"Tiny Chest":14,"Fusion Hammer":0,"Pen Nib":10,"Burning Blood":0,"WarpedTongs":1,"Runic Pyramid":9},{"Blood Vial":31,"Lantern":22,"Shovel":58,"Mummified Hand":43,"Tiny Chest":62,"Fusion Hammer":0,"Pen Nib":43,"Burning Blood":0,"WarpedTongs":3,"Runic Pyramid":38}],"WarpedTongs":[67]},"card_choices":[{"not_picked":["Infernal Blade","True Grit"],"picked":"Hemokinesis","floor":1},{"not_picked":["Sword Boomerang","Combust","Cleave"],"picked":"SKIP","floor":3},{"not_picked":["Cleave","Havoc"],"picked":"Headbutt","floor":4},{"not_picked":["Cleave","Clash"],"picked":"Flame Barrier","floor":5},{"not_picked":["Perfected Strike","Limit Break"],"picked":"True Grit","floor":7},{"not_picked":["Flex","Clash","Dropkick"],"picked":"SKIP","floor":11},{"not_picked":["Intimidate","Sword Boomerang","Perfected Strike"],"picked":"SKIP","floor":13},{"not_picked":["Exhume","Pommel Strike"],"picked":"Inflame","floor":14},{"not_picked":["Juggernaut","Impervious"],"picked":"Offering","floor":16},{"not_picked":["Cleave","Battle Trance+1"],"picked":"Clothesline","floor":18},{"not_picked":["Body Slam","Anger+1"],"picked":"Shrug It Off","floor":21},{"not_picked":["Sword Boomerang+1","Twin Strike+1"],"picked":"Rage","floor":22},{"not_picked":["Hemokinesis+1","Brutality"],"picked":"Barricade","floor":23},{"not_picked":["Thunderclap","True Grit"],"picked":"Spot Weakness","floor":24},{"not_picked":["Uppercut","Shrug It Off","Sever Soul"],"picked":"SKIP","floor":27}],"player_experience":898806,"relics_obtained":[{"floor":11,"key":"Lantern"},{"floor":14,"key":"Blood Vial"},{"floor":19,"key":"Mummified Hand"},{"floor":20,"key":"Pen Nib"},{"floor":23,"key":"Shovel"},{"floor":26,"key":"Tiny Chest"}],"event_choices":[{"damage_healed":0,"gold_gain":0,"player_choice":"Rummage","damage_taken":0,"relics_obtained":["WarpedTongs"],"max_hp_gain":0,"max_hp_loss":0,"event_name":"Accursed Blacksmith","floor":2,"gold_loss":0,"cards_obtained":["Pain"]},{"cards_removed":["Strike_R"],"damage_healed":0,"gold_gain":0,"player_choice":"Purged","damage_taken":0,"max_hp_gain":0,"max_hp_loss":0,"event_name":"Purifier","floor":12,"gold_loss":0}],"is_beta":false,"boss_relics":[{"not_picked":["Mark of Pain","Pandora\u0027s Box"],"picked":"Runic Pyramid"}],"items_purged_floors":[6],"is_endless":false,"potions_floor_spawned":[1,3,4,13,18,21,23],"killed_by":"Slavers","ascension_level":20}}