{"host":"u0hb5we0hmj7y3yv","time":1612616143,"event":{"mods":["BaseMod","Colored Powertips","Conspire","KinomotoSakuraMod(Ä¾Ö®±¾Ó£)","Minty Spire (QoL Compilation)"],"gold_per_floor":[119,65,65,77,77,77,102,122,122,44,64,14,44,67,67,174,174,191,290,314,329,348,400,417,429,480,480,512,512,557,676,676,791,791,802,802,434,477,513,513,552,599,599,126,143,143,143,192,192,199,199,199,47,89,89],"floor_reached":56,"language":"ZHS","playtime":3693,"items_purged":["ClowCardTheShield","ClowCardTheShield"],"score":1895,"play_id":"79452a53-0e72-462b-9735-ebfcecdd6a48","local_time":"20210206205543","is_ascension_mode":true,"campfire_choices":[{"data":"ClowCardTheArrow","floor":6.0,"key":"SMITH"},{"data":"ClowCardTheWave","floor":15.0,"key":"SMITH"},{"data":"ClowCardTheWave","floor":27.0,"key":"SMITH"},{"data":"ClowCardTheLight","floor":29.0,"key":"SMITH"},{"data":"ClowCardTheTwin","floor":32.0,"key":"SMITH"},{"data":"ClowCardTheFlower","floor":40.0,"key":"SMITH"},{"floor":47,"key":"RECALL"},{"data":"ClowCardTheSnow","floor":49,"key":"SMITH"},{"data":"ClowCardTheGlow","floor":52,"key":"SMITH"}],"circlet_count":0,"master_deck":["ClowCardTheBubbles","ClowCardTheDash","SakuraCardTheBig+","ClowCardTheTwin","ClowCardTheDark","SakuraCardTheFirey+","ClowCardTheReturn","ClowCardTheBubbles","ClowCardTheTwin","ClowCardTheGlow+1","ClowCardTheWave","ClowCardTheLight+1","SakuraCardTheSword+","ClowCardTheTwin+1","ClowCardTheSword","ClowCardTheSword","ClowCardTheSword","ClowCardTheShield","ClowCardTheShield","SpellCardSeal","SpellCardRelease","ClowCardTheArrow+1","ClowCardTheSweet","ClowCardTheWave+1","ClowCardTheFreeze","ClowCardTheMove","ClowCardTheWave+1","conspire:SpireCoStock","ClowCardTheSleep","ClowCardTheTime","ClowCardTheLoop+1","ClowCardTheFlower+1","ClowCardTheFloat","ClowCardTheDash","ClowCardTheShadow","ClowCardTheDash","ClowCardTheRain","ClowCardTheChange+1","ClowCardTheFlower+1","ClowCardTheSnow+1"],"relics":["KSMOD_SealedBook","KSMOD_SealedWand","NeowsBlessing","Eternal Feather","KSMOD_SwordJade","KSMOD_Compass","Regal Pillow","Philosopher\u0027s Stone","Vajra","Centennial Puzzle","KSMOD_RollerSkates","Boot","conspire:GlowingRock","Darkstone Periapt","KSMOD_DarknessWand","Thread and Needle","KSMOD_TouyasBicycle","Mango","DollysMirror","Pen Nib","Unceasing Top","Sundial","KSMOD_TeddyBear","FossilizedHelix"],"acts_visited":["Exordium","TheCity","TheBeyond","TheEnding"],"potions_floor_usage":[55,55],"damage_taken":[{"damage":0.0,"enemies":"2 Louse","floor":1.0,"turns":4.0},{"damage":2.0,"enemies":"Small Slimes","floor":4.0,"turns":3.0},{"damage":0.0,"enemies":"3 Sentries","floor":7.0,"turns":2.0},{"damage":0.0,"enemies":"Jaw Worm","floor":8.0,"turns":1.0},{"damage":0.0,"enemies":"3 Louse","floor":11.0,"turns":1.0},{"damage":0.0,"enemies":"Lagavulin","floor":13.0,"turns":2.0},{"damage":6.0,"enemies":"Exordium Wildlife","floor":14.0,"turns":2.0},{"damage":12.0,"enemies":"Hexaghost","floor":16.0,"turns":10.0},{"damage":4.0,"enemies":"conspire:FuzzyDice","floor":18.0,"turns":4.0},{"damage":0.0,"enemies":"Spheric Guardian","floor":21.0,"turns":3.0},{"damage":0.0,"enemies":"Snake Plant","floor":22.0,"turns":4.0},{"damage":37.0,"enemies":"Book of Stabbing","floor":23.0,"turns":5.0},{"damage":9.0,"enemies":"conspire:HollyBat","floor":24.0,"turns":7.0},{"damage":0.0,"enemies":"Snecko","floor":25.0,"turns":3.0},{"damage":31.0,"enemies":"Slavers","floor":28.0,"turns":7.0},{"damage":0.0,"enemies":"conspire:SneckoGhost","floor":30.0,"turns":6.0},{"damage":9.0,"enemies":"Colosseum Slavers","floor":31.0,"turns":4.0},{"damage":23.0,"enemies":"Colosseum Nobs","floor":31.0,"turns":4.0},{"damage":19.0,"enemies":"Champ","floor":33.0,"turns":9.0},{"damage":5.0,"enemies":"Orb Walker","floor":35.0,"turns":4.0},{"damage":19.0,"enemies":"3 Darklings","floor":38.0,"turns":8.0},{"damage":17.0,"enemies":"4 Shapes","floor":39.0,"turns":7.0},{"damage":0.0,"enemies":"Jaw Worm Horde","floor":41.0,"turns":4.0},{"damage":0,"enemies":"Reptomancer","floor":42,"turns":5},{"damage":26,"enemies":"3 Darklings","floor":45,"turns":6},{"damage":13,"enemies":"Nemesis","floor":48,"turns":6},{"damage":47,"enemies":"Awakened One","floor":50,"turns":6},{"damage":19,"enemies":"Shield and Spear","floor":54,"turns":3},{"damage":27,"enemies":"The Heart","floor":55,"turns":6}],"seed_played":"6221980091077265272","potions_obtained":[{"floor":1.0,"key":"KSMOD_MagickBottle"},{"floor":4.0,"key":"Weak Potion"},{"floor":7.0,"key":"Strength Potion"},{"floor":14.0,"key":"KSMOD_MagickBottle"},{"floor":16.0,"key":"EssenceOfSteel"},{"floor":23.0,"key":"SneckoOil"},{"floor":24.0,"key":"PowerPotion"},{"floor":25.0,"key":"FairyPotion"},{"floor":28.0,"key":"Swift Potion"},{"floor":31.0,"key":"GamblersBrew"},{"floor":36.0,"key":"FearPotion"},{"floor":36.0,"key":"PowerPotion"},{"floor":42,"key":"Fire Potion"},{"floor":45,"key":"PowerPotion"}],"is_trial":false,"path_per_floor":["M","$","?","M","?","R","E","M","T","$","M","?","E","M","R","B",null,"M","?","T","M","M","E","M","M","T","R","E","R","E","?","R","B",null,"M","?","$","M","M","R","M","E","T","$","M","?","R","E","R","B",null,"R","$","E","B",null],"character_chosen":"KINOMOTOSAKURA","items_purchased":["ClowCardTheArrow","ClowCardTheMove","Thread and Needle","DollysMirror","ClowCardTheSnow","Pen Nib","KSMOD_TeddyBear"],"campfire_rested":0,"item_purchase_floors":[2,10,37,44,44,44,53],"current_hp_per_floor":[63,63,60,58,58,64,64,64,64,64,64,64,64,63,70,63,68,69,69,69,69,69,37,33,38,38,56,56,70,70,64,70,70,70,65,65,65,63,70,70,70,70,84,84,68,68,84,76,84,84,84,84,84,70,48],"gold":89,"neow_bonus":"THREE_ENEMY_KILL","is_daily":false,"chose_seed":false,"campfire_upgraded":8,"win_rate":0.0,"timestamp":1612616143,"path_taken":["M","$","?","M","?","R","E","M","T","$","M","?","E","?","R","BOSS","M","?","?","M","?","E","M","M","T","R","E","R","E","?","R","BOSS","M","?","$","M","?","R","M","E","T","$","M","?","R","E","R","BOSS","R","$","E","BOSS"],"items_purchased_type":["Card","Card","Relic","Relic","Card","Relic","Relic"],"build_version":"2020-12-22","purchased_purges":2,"victory":true,"max_hp_per_floor":[70,70,70,70,70,70,70,70,70,70,70,70,70,70,70,70,70,70,70,70,70,70,70,70,70,70,70,70,70,70,70,70,70,70,70,70,70,70,70,70,70,70,84,84,84,84,84,84,84,84,84,84,84,84,84],"card_choices":[{"not_picked":["ClowCardTheWindy","ClowCardTheIllusion","ClowCardTheVoice"],"picked":"SKIP","floor":1.0},{"not_picked":["ClowCardTheMist","ClowCardTheSong"],"picked":"ClowCardTheSweet","floor":4.0},{"not_picked":["ClowCardTheArrow","ClowCardTheSnow"],"picked":"ClowCardTheWave","floor":7.0},{"not_picked":["ClowCardTheSilent","ClowCardTheMaze"],"picked":"ClowCardTheFreeze","floor":8.0},{"not_picked":["ClowCardTheWindy","ClowCardTheDream"],"picked":"ClowCardTheWave","floor":11.0},{"not_picked":["ClowCardTheArrow","ClowCardTheMirror"],"picked":"ClowCardTheSleep","floor":13.0},{"not_picked":["ClowCardTheLock","ClowCardTheShot","ClowCardTheMirror"],"picked":"SKIP","floor":14.0},{"not_picked":["ClowCardTheThunder","ClowCardTheLight"],"picked":"ClowCardTheTime","floor":16.0},{"not_picked":["ClowCardTheSnow","ClowCardTheLoop","ClowCardTheErase+1"],"picked":"SKIP","floor":18.0},{"not_picked":["ClowCardTheWood","ClowCardTheWindy+1"],"picked":"ClowCardTheLoop+1","floor":21.0},{"not_picked":["ClowCardTheMaze+1","ClowCardTheSweet+1"],"picked":"ClowCardTheFlower","floor":22.0},{"not_picked":["ClowCardTheVoice","ClowCardThePower"],"picked":"ClowCardTheFloat","floor":23.0},{"not_picked":["ClowCardTheWatery+1","ClowCardTheMist","ClowCardTheDream"],"picked":"SKIP","floor":24.0},{"not_picked":["ClowCardTheCloud","ClowCardTheVoice"],"picked":"ClowCardTheFirey","floor":25.0},{"not_picked":["ClowCardTheEarthy","ClowCardTheMaze"],"picked":"ClowCardTheDash","floor":28.0},{"not_picked":["ClowCardTheShadow","ClowCardTheWave","ClowCardTheReturn"],"picked":"SKIP","floor":30.0},{"not_picked":["ClowCardTheWave","ClowCardTheReturn"],"picked":"ClowCardTheShadow","floor":30.0},{"not_picked":["ClowCardTheDark","ClowCardTheLight"],"picked":"ClowCardTheDash","floor":33.0},{"not_picked":["ClowCardTheErase","ClowCardTheIllusion+1","ClowCardThePower+1"],"picked":"SKIP","floor":35.0},{"not_picked":["ClowCardTheLibra+1","ClowCardTheMist"],"picked":"ClowCardTheRain","floor":38.0},{"not_picked":["ClowCardTheLock","ClowCardTheLibra+1","ClowCardTheArrow"],"picked":"SKIP","floor":39.0},{"not_picked":["ClowCardTheWood+1","ClowCardTheSleep","ClowCardTheSweet"],"picked":"SKIP","floor":41.0},{"not_picked":["ClowCardTheSand","ClowCardTheSnow+1"],"picked":"ClowCardTheChange+1","floor":42},{"not_picked":["ClowCardTheLoop","ClowCardTheIllusion","ClowCardTheSand+1"],"picked":"SKIP","floor":45},{"not_picked":["ClowCardTheStorm+1","ClowCardTheLoop+1","ClowCardTheLibra+1"],"picked":"SKIP","floor":48},{"not_picked":["ClowCardTheArrow+1","ClowCardTheLoop","ClowCardTheFloat"],"picked":"SKIP","floor":54}],"player_experience":95144,"relics_obtained":[{"floor":7.0,"key":"KSMOD_SwordJade"},{"floor":9.0,"key":"KSMOD_Compass"},{"floor":13.0,"key":"Regal Pillow"},{"floor":23.0,"key":"Vajra"},{"floor":26.0,"key":"Centennial Puzzle"},{"floor":28.0,"key":"KSMOD_RollerSkates"},{"floor":30.0,"key":"Boot"},{"floor":31.0,"key":"conspire:GlowingRock"},{"floor":31.0,"key":"Darkstone Periapt"},{"floor":42,"key":"KSMOD_TouyasBicycle"},{"floor":43,"key":"Mango"},{"floor":48,"key":"Sundial"},{"floor":54,"key":"FossilizedHelix"}],"event_choices":[{"damage_healed":0.0,"max_hp_gain":0.0,"max_hp_loss":0.0,"gold_gain":0.0,"event_name":"Scrap Ooze","player_choice":"Success","floor":3.0,"gold_loss":0.0,"damage_taken":3.0,"relics_obtained":["Eternal Feather"]},{"damage_healed":0.0,"max_hp_gain":0.0,"max_hp_loss":0.0,"gold_gain":0.0,"event_name":"conspire:LoneGhost","player_choice":"Disagree","floor":5.0,"gold_loss":0.0,"damage_taken":0.0},{"damage_healed":0.0,"max_hp_gain":0.0,"max_hp_loss":0.0,"gold_gain":0.0,"event_name":"conspire:Investor","player_choice":"Invest 1","floor":12.0,"gold_loss":0.0,"damage_taken":0.0},{"damage_healed":0.0,"max_hp_gain":0.0,"max_hp_loss":0.0,"gold_gain":99.0,"event_name":"Nest","player_choice":"Stole From Cult","floor":19.0,"gold_loss":0.0,"damage_taken":0.0},{"damage_healed":0.0,"max_hp_gain":0.0,"max_hp_loss":0.0,"gold_gain":0.0,"event_name":"Colosseum","player_choice":"Fight","floor":31.0,"gold_loss":0.0,"damage_taken":0.0},{"damage_healed":0.0,"max_hp_gain":0.0,"max_hp_loss":0.0,"gold_gain":0.0,"event_name":"Colosseum","player_choice":"Fought Nobs","floor":31.0,"gold_loss":0.0,"damage_taken":0.0},{"damage_healed":0.0,"max_hp_gain":0.0,"max_hp_loss":0.0,"gold_gain":0.0,"event_name":"Lab","player_choice":"Got Potions","floor":36.0,"gold_loss":0.0,"damage_taken":0.0},{"damage_healed":0,"gold_gain":0,"player_choice":"Gave Potion","damage_taken":0,"relics_obtained":["Unceasing Top"],"max_hp_gain":0,"max_hp_loss":0,"event_name":"WeMeetAgain","floor":46,"gold_loss":0}],"is_beta":false,"boss_relics":[{"not_picked":["Astrolabe","conspire:RoyalGoblet"],"picked":"Philosopher\u0027s Stone"},{"not_picked":["Busted Crown","Fusion Hammer"],"picked":"KSMOD_DarknessWand"}],"items_purged_floors":[37,44],"is_endless":false,"potions_floor_spawned":[1,4,7,14,16,23,24,25,28,31,42,45],"ascension_level":9}}