{"host":"fdshyddtzqm8gey2","time":1612597885,"event":{"mods":["AchievementEnabler","Act Like it!","Arknights","BaseMod","Colored Map","Colored Powertips","Decade(王小明)","Downfall","Friendly Minions","Kiyohime（清姬）","Koishi","LagranYue(拉格朗・月)","Marisa（F雨　魔理沙）","Minty Spire (QoL Compilation)","Prisma Mod","Reimu（博丽灵梦）","Remilia（蕾米莉亚）","Replay The Spire","StSLib","The Alterego","The Servant 0.9.4","TheSwordswoman","WarShipGirlsR/战舰少女R mod","Yakumo Yukari mod","Youmu（魂魄妖梦）","Yuyuko"],"gold_per_floor":[130,331,331,346,271,271,281,293,293,304,304,337,401,451,451,536,536,531,581,381,381,381,381,60,57,81,81,61,61],"floor_reached":28,"language":"ZHS","playtime":4035,"items_purged":[],"score":222,"play_id":"3eccc3b6-aea8-4302-b713-35d0fcfa718b","local_time":"20210206155125","is_ascension_mode":false,"campfire_choices":[{"floor":6.0,"key":"REST"},{"floor":11.0,"key":"REST"},{"floor":15.0,"key":"DIG"},{"floor":23,"key":"REST"}],"circlet_count":0,"master_deck":["AT_purpleEX","AT_purpleEX","AT_purpleEX","AT_purpleEX","Defend_purpleEX","Defend_purpleEX","Defend_purpleEX","Defend_purpleEX","Observe_purple_1","Observe_purple_2+1","MeetDecomposer_purple","StateDuplicate_purple","Mirror_FourBoundary_purple","AdvanceAttack_purple","Boundary_DreamRealityDamnation_purple","SharpContractionReality_purple","CommonSense_AntiCommonSense_purple","AdvanceAttack_purple","Poor:ReiMu","LoveAcrossDimensions_purple","MNeedle_purple+1","GremboGang","StateDuplicate_purple","Worldmountain_purple","Fantasy_PerpetualMotionMachine_purple","Bait_HighSpeedFlying_purple","Pot Of Greed","Pot Of Greed","Pot Of Greed","StretchesForeverDream_purple+1"],"relics":["Boundary_crack","Memoryfragments_purpleEX","Darkstone Periapt","SsserpentHead","Blood Vial","Replay:Multitool","YidongShenshe:ReiMu","ReplayTheSpireMod:Lightbulb","Replay:Grab Bag","Velvet Choker","SlaversCollar","Black Star","Onion Ring","Grinning Jar"],"acts_visited":["Exordium","TheCity"],"potions_floor_usage":[16,16,27,27],"damage_taken":[{"damage":2.0,"enemies":"2 Louse","floor":1.0,"turns":3.0},{"damage":5.0,"enemies":"Small Slimes","floor":4.0,"turns":5.0},{"damage":0.0,"enemies":"Jaw Worm","floor":7.0,"turns":7.0},{"damage":24.0,"enemies":"Exordium Thugs","floor":8.0,"turns":8.0},{"damage":0.0,"enemies":"Looter","floor":10.0,"turns":3.0},{"damage":26.0,"enemies":"3 Sentries","floor":12.0,"turns":7.0},{"damage":7.0,"enemies":"Gremlin Gang","floor":13.0,"turns":4.0},{"damage":29,"enemies":"Fading Forest","floor":16,"turns":11},{"damage":1,"enemies":"Shell Parasite","floor":18,"turns":10},{"damage":11,"enemies":"Chosen","floor":21,"turns":6},{"damage":15,"enemies":"Snecko","floor":22,"turns":7},{"damage":47,"enemies":"Snake Plant","floor":25,"turns":7},{"damage":8,"enemies":"Centurion and Healer","floor":27,"turns":9},{"damage":29,"enemies":"Sentry and Sphere","floor":28,"turns":5}],"seed_played":"8309653418410196545","potions_obtained":[{"floor":1.0,"key":"Block Potion"},{"floor":8.0,"key":"Strength Potion"},{"floor":10.0,"key":"Fire Potion"},{"floor":16,"key":"Elixir"},{"floor":18,"key":"SteroidPotion"},{"floor":25,"key":"Dexterity Potion"}],"is_trial":false,"path_per_floor":["M","?","?","M","?","R","M","M","T","M","R","E","M","?","R","B",null,"M","?","?","M","M","R","$","M","T","M","M"],"character_chosen":"Youkari","items_purchased":["Onion Ring","Fantasy_PerpetualMotionMachine_purple"],"campfire_rested":3,"item_purchase_floors":[24,24],"current_hp_per_floor":[70,53,41,39,39,60,64,42,42,46,67,45,45,51,51,43,76,76,53,53,48,40,62,62,22,22,21,0,0],"gold":61,"neow_bonus":"RANDOM_EVENT","is_daily":false,"chose_seed":false,"campfire_upgraded":0,"win_rate":0.0,"timestamp":1612597885,"path_taken":["M","?","?","?","?","R","M","M","T","M","R","E","?","?","R","BOSS","M","?","?","M","M","R","$","M","T","M","M"],"items_purchased_type":["Relic","Card"],"build_version":"2020-12-22","purchased_purges":0,"victory":false,"max_hp_per_floor":[70,70,70,70,70,70,70,70,70,70,70,70,70,76,76,76,76,76,76,76,76,76,76,76,76,76,76,76,76],"card_choices":[{"not_picked":["SfantasyHide_purple","Boundary_LightAndDark_purple"],"picked":"MeetDecomposer_purple","floor":1.0},{"not_picked":["SharpContractionReality_purple","Photoelasticity_Doppler_Effect_purple"],"picked":"StateDuplicate_purple","floor":2.0},{"not_picked":["Mirror_WaveAndshot_purple","SharpContractionReality_purple"],"picked":"Mirror_FourBoundary_purple","floor":4.0},{"not_picked":["Erosivefilter_purple","StateDuplicate_purple"],"picked":"AdvanceAttack_purple","floor":7.0},{"not_picked":["WatchEChange_purple","MetroBOOM_purple"],"picked":"Boundary_DreamRealityDamnation_purple","floor":8.0},{"not_picked":["RuleDissolution_purple","SfantasyHide_purple"],"picked":"SharpContractionReality_purple","floor":10.0},{"not_picked":["OmniscientAndOmnipotent_Monster_purple","Shallow_ocean_purpleEX"],"picked":"CommonSense_AntiCommonSense_purple","floor":12.0},{"not_picked":["EighthInstrument_OneDividesIntoTwo_purple","StateErode_purple"],"picked":"AdvanceAttack_purple","floor":13.0},{"not_picked":["Boundary_LifeAndDeath_purple","MagicEyes_LaplaceDemon_purple"],"picked":"LoveAcrossDimensions_purple","floor":16},{"not_picked":["AdvanceAttack_purple","Umbrella_purple+1"],"picked":"MNeedle_purple+1","floor":18},{"not_picked":["ExistenceContinue_purple","RuleDissolution_purple"],"picked":"StateDuplicate_purple","floor":21},{"not_picked":["RuleDissolution_purple","StateErode_purple"],"picked":"Worldmountain_purple","floor":22},{"not_picked":["Bait_Toxicbait_purple","AdvanceAttack_purple+1"],"picked":"Bait_HighSpeedFlying_purple","floor":25},{"not_picked":["GluttonyofRealm_purpleEX","Mirror_FormAndEmptin_purple"],"picked":"StretchesForeverDream_purple+1","floor":27}],"player_experience":102157,"relics_obtained":[{"floor":9.0,"key":"Blood Vial"},{"floor":12.0,"key":"Replay:Multitool"},{"floor":15.0,"key":"ReplayTheSpireMod:Lightbulb"},{"floor":26,"key":"Grinning Jar"}],"event_choices":[{"damage_healed":0.0,"max_hp_gain":0.0,"max_hp_loss":0.0,"gold_gain":0.0,"event_name":"Living Wall","player_choice":"Grow","floor":0.0,"gold_loss":0.0,"damage_taken":0.0,"cards_upgraded":["Observe_purple_2"]},{"damage_healed":0.0,"max_hp_gain":0.0,"max_hp_loss":0.0,"gold_gain":0.0,"event_name":"Scrap Ooze","player_choice":"Success","floor":3.0,"gold_loss":0.0,"damage_taken":12.0,"relics_obtained":["Darkstone Periapt"]},{"damage_healed":0.0,"max_hp_gain":0.0,"max_hp_loss":0.0,"gold_gain":0.0,"event_name":"FaceTrader","player_choice":"Trade","floor":5.0,"gold_loss":0.0,"damage_taken":0.0,"relics_obtained":["SsserpentHead"]},{"damage_healed":0.0,"max_hp_gain":0.0,"max_hp_loss":0.0,"gold_gain":0.0,"event_name":"yidonshenshe","player_choice":"带走神社","floor":14.0,"gold_loss":0.0,"damage_taken":0.0,"relics_obtained":["YidongShenshe:ReiMu"],"cards_obtained":["Poor:ReiMu"]}],"is_beta":false,"boss_relics":[{"not_picked":["Empty Cage","Runic Dome"],"picked":"Replay:Grab Bag"},{"not_picked":["LagranYue:SoulBurningRelic","LagranYue:ContractPerformanceRelic"],"picked":"Velvet Choker"},{"not_picked":["Coffee Dripper","Philosopher\u0027s Stone"],"picked":"SlaversCollar"},{"not_picked":["Ring of Chaos","SacredBark"],"picked":"Black Star"}],"items_purged_floors":[],"is_endless":false,"potions_floor_spawned":[1,8,10,12,16,18,25],"killed_by":"Sentry and Sphere","ascension_level":0}}