{"host":"3e3mwsgb9gfqiuxm","time":1612589694,"event":{"mods":["Act Like it!","BaseMod","BetterRewards","Colored Map","Colored Powertips","Downfall","Gensokyo","Hermit","Infinite Spire","Koishi","Marisa????????","Minty Spire (QoL Compilation)","Quick Restart","Reimu??????","Remilia??????","Replay The Spire","Shop Mod","StSLib","SuperFastMode","The Animator","The Bug Knight","The Cursed","The Jungle","The Servant 0.9.4","everything is the same but u backflip on backflip"],"gold_per_floor":[115,61,61,11,27,27,58,70,70,70,90,90,15,45,45,145,145,163,163,313,327,56,56,92,92,92,92,126,1,1,1,1],"floor_reached":31,"language":"ENG","playtime":762,"items_purged":["Strike_S","Shame","RealityMarble"],"score":384,"play_id":"ca2ee12b-4210-483e-8395-79bd48781577","local_time":"20210206003454","is_ascension_mode":false,"campfire_choices":[{"data":"Starlight","floor":6,"key":"SMITH"},{"data":"Sabotage","floor":10,"key":"SMITH"},{"data":"SoulSculpture","floor":12,"key":"SMITH"},{"data":"RealityMarble","floor":15,"key":"SMITH"},{"data":"HandOfGreed","floor":23,"key":"SMITH"},{"data":"SoulSculpture","floor":25,"key":"SMITH"},{"data":"Sunlight","floor":27,"key":"SMITH"}],"circlet_count":0,"master_deck":["KidneyShot","Exchange+1","Spin+1","Ricochet","Starlight+1","Moonlight","Sabotage+1","SoulSculpture+1","RealityMarble+1","KillingDoll","ReturningBlade","TimeWarp","Defy","Sunlight+1","Advance","FastForward","HandOfGreed+1","SoulSculpture+1","DoubleEdge"],"relics":["Uniform","NeowsBlessing","Question Card","Replay:Bottled Flurry","War Paint","Pandora\u0027s Box","theJungle:PaperFaux","Matryoshka","Juzu Bracelet","Nunchaku"],"acts_visited":["Exordium","Exordium"],"potions_floor_usage":[28,28],"damage_taken":[{"damage":0,"enemies":"Jaw Worm","floor":1,"turns":1},{"damage":0,"enemies":"2 Louse","floor":5,"turns":1},{"damage":0,"enemies":"3 Sentries","floor":7,"turns":1},{"damage":0,"enemies":"Cultist","floor":8,"turns":2},{"damage":1,"enemies":"Blue Slaver","floor":11,"turns":2},{"damage":0,"enemies":"Gremlin Nob","floor":14,"turns":2},{"damage":0,"enemies":"Slime Boss","floor":16,"turns":5},{"damage":8,"enemies":"Shell Parasite","floor":18,"turns":4},{"damage":2,"enemies":"theJungle:MUSHROOMGANG","floor":21,"turns":1},{"damage":36,"enemies":"theJungle:2_Snecko_Cultists","floor":24,"turns":4},{"damage":0,"enemies":"theJungle:Cassacara","floor":28,"turns":3},{"damage":30,"enemies":"Nightmare","floor":31,"turns":8}],"seed_played":"-5322205183663075694","potions_obtained":[{"floor":5,"key":"Venom Potion"},{"floor":14,"key":"Fire Potion"},{"floor":21,"key":"FearPotion"},{"floor":24,"key":"Guardian:BlockOnCardUsePotion"}],"is_trial":false,"path_per_floor":["M","$","?","?","M","R","E","M","T","R","M","R","$","E","R","B",null,"M","?","?","M","$","R","M","R","T","R","E","$","?","NM"],"character_chosen":"THE_SERVANT","items_purchased":["Ricochet","HandOfGreed"],"campfire_rested":0,"item_purchase_floors":[2,22],"current_hp_per_floor":[65,65,52,52,52,52,52,52,52,52,51,51,51,51,51,51,65,57,57,57,55,55,55,19,19,19,19,19,19,19,0,0],"gold":1,"neow_bonus":"THREE_ENEMY_KILL","is_daily":false,"chose_seed":false,"campfire_upgraded":7,"win_rate":0.0,"timestamp":1612589694,"path_taken":["M","$","?","?","M","R","E","M","T","R","M","R","$","E","R","BOSS","M","?","?","M","?","R","M","R","T","R","E","$","?","NM"],"items_purchased_type":["Card","Card"],"build_version":"2020-12-22","purchased_purges":3,"victory":false,"max_hp_per_floor":[65,65,65,65,65,65,65,65,65,65,65,65,65,65,65,65,65,65,65,65,65,65,65,65,65,65,65,65,65,65,65,65],"card_choices":[{"not_picked":["Alleviate","Replace"],"picked":"Spin","floor":1},{"not_picked":["TimeWarp","Revamp"],"picked":"Starlight","floor":5},{"not_picked":["Ricochet","Misdirection"],"picked":"Moonlight","floor":7},{"not_picked":["Revamp","Alleviate","FanOfKnives"],"picked":"Sabotage","floor":8},{"not_picked":["Starlight","Read","DoubleEdge"],"picked":"SoulSculpture","floor":11},{"not_picked":["Desolation","Spin","Advance"],"picked":"RealityMarble","floor":14},{"not_picked":["Dilation","PendulumOfEternity","FlawlessForm"],"picked":"KillingDoll","floor":16},{"not_picked":["Shuttle","ShatteredReality","Potential","TimeWarp"],"picked":"SKIP","floor":18},{"not_picked":["ShiftingGears","Revamp","Spin","FastForward"],"picked":"SKIP","floor":21},{"not_picked":["ShiftingGears","Revamp","Spin"],"picked":"FastForward","floor":21},{"not_picked":["Barrier","Hightail+1","Moondial"],"picked":"SoulSculpture","floor":24},{"not_picked":["StarChef","Moonlight","Defy"],"picked":"DoubleEdge","floor":28}],"player_experience":1355048,"relics_obtained":[{"floor":7,"key":"Question Card"},{"floor":9,"key":"Replay:Bottled Flurry"},{"floor":14,"key":"War Paint"},{"floor":26,"key":"Matryoshka"},{"floor":28,"key":"Juzu Bracelet"}],"event_choices":[{"damage_healed":0,"gold_gain":0,"player_choice":"Entered Light","damage_taken":13,"max_hp_gain":0,"max_hp_loss":0,"event_name":"Shining Light","floor":3,"gold_loss":0,"cards_upgraded":["Defend_S","Spin"]},{"cards_removed":["Strike_S"],"damage_healed":0,"gold_gain":0,"player_choice":"Card Removal","damage_taken":0,"max_hp_gain":0,"max_hp_loss":0,"event_name":"The Cleric","floor":4,"gold_loss":50},{"damage_healed":0,"gold_gain":0,"player_choice":"Gave Potion","damage_taken":0,"relics_obtained":["Nunchaku"],"max_hp_gain":0,"max_hp_loss":0,"event_name":"WeMeetAgain","floor":30,"gold_loss":0}],"is_beta":false,"boss_relics":[{"not_picked":["Tiny House","ChewingGum"],"picked":"Pandora\u0027s Box"}],"items_purged_floors":[13,22,29],"is_endless":false,"potions_floor_spawned":[5,14,21,24],"killed_by":"Nightmare","ascension_level":0}}