{"host":"u21q392b5xaj11fl","time":1612644190,"event":{"mods":["2.2 Compatiblity","Bard","BaseMod","Better Note","Colored Map","Colored Powertips","Conspire","Custom Start","Downfall","Faster Ascension Climbing","GifTheSpireLib","Gremlin Skip","Highlight Path","Hubris","Infinite Spire","Mad Scientist","Marisa????????","Mimic Mod","Minty Spire (QoL Compilation)","Monster B Gone","Permanent Neow","Potionbrewer","Quick Restart","READ ME - Guardian Mod","Relic Sorter","Replay The Spire","Shop Mod","Somnambulant","StSLib","Stuff the Spire","SuperFastMode","The Construct","The Disciple","The Servant 0.9.4"],"gold_per_floor":[113,133,113,39,50,85,101,128,159,159,171,171,171,184,184,263,263,275,325,8,23,40,71,16,46,46,46,65,65,78,78,78,153,153,168,181,194,294,313,348,366,366,446,446,446,446,446],"floor_reached":46,"language":"ENG","playtime":3101,"items_purged":["Strike_R"],"score":878,"play_id":"3290ca8c-f562-4b21-8250-3b58fe0135f1","local_time":"20210206144310","is_ascension_mode":true,"campfire_choices":[{"data":"ReplayTheSpireMod:Muscle Training","floor":10.0,"key":"SMITH"},{"data":"Disarm","floor":13.0,"key":"SMITH"},{"data":"Flame Barrier","floor":15.0,"key":"SMITH"},{"data":"Feel No Pain","floor":27.0,"key":"SMITH"},{"data":"StuffTheSpire:Slingshot","floor":29.0,"key":"SMITH"},{"data":"infinitespire:Collect","floor":32.0,"key":"SMITH"},{"floor":42.0,"key":"RECALL"},{"data":"Metallicize","floor":44.0,"key":"SMITH"}],"circlet_count":0,"master_deck":["AscendersBane","Strike_R","Strike_R","Strike_R","Strike_R","Defend_R","Defend_R","Defend_R","Defend_R","Bash","Iron Wave","Disarm+1","ReplayTheSpireMod:Muscle Training+1","Wild Strike","Sword Boomerang","Reaper+1","Seeing Red","Anger","Flame Barrier+1","Exhume+1","StuffTheSpire:Slingshot+1","hubris:EnhanceAbility+1","Pummel","Feel No Pain+1","Shrug It Off+1","Spot Weakness+1","Metallicize+1","infinitespire:Collect+1","infinitespire:Gouge","Limit Break+1","Flame Barrier+1","Whirlwind","StuffTheSpire:RockThrow","True Grit+1","hubris:Wrath"],"relics":["Burning Blood","NeowsBlessing","Golden Egg","Blood Vial","MealTicket","conspire:SpecialSausage","Orichalcum","Durian","StuffTheSpire:Wildfire","StuffTheSpire:DarkSteelAnvil","StuffTheSpire:MayFlowers","Cursed Key","War Paint"],"acts_visited":["Exordium","TheCity","TheBeyond"],"potions_floor_usage":[46],"damage_taken":[{"damage":0.0,"enemies":"2 Louse","floor":1.0,"turns":1.0},{"damage":0.0,"enemies":"Cultist","floor":2.0,"turns":1.0},{"damage":0.0,"enemies":"Small Slimes","floor":5.0,"turns":1.0},{"damage":37.0,"enemies":"3 Sentries","floor":6.0,"turns":9.0},{"damage":21.0,"enemies":"Exordium Wildlife","floor":7.0,"turns":5.0},{"damage":28.0,"enemies":"Gremlin Nob","floor":8.0,"turns":4.0},{"damage":17.0,"enemies":"Blue Slaver","floor":9.0,"turns":7.0},{"damage":7.0,"enemies":"Blue Slaver","floor":11.0,"turns":2.0},{"damage":5.0,"enemies":"3 Louse","floor":14.0,"turns":5.0},{"damage":52.0,"enemies":"The Guardian","floor":16.0,"turns":12.0},{"damage":34.0,"enemies":"Spheric Guardian","floor":18.0,"turns":4.0},{"damage":26.0,"enemies":"2 Thieves","floor":21.0,"turns":4.0},{"damage":38.0,"enemies":"3 Cultists","floor":22.0,"turns":5.0},{"damage":47.0,"enemies":"Gremlin Leader","floor":23.0,"turns":9.0},{"damage":36.0,"enemies":"Nightmare","floor":25.0,"turns":9.0},{"damage":8.0,"enemies":"Snake Plant","floor":28.0,"turns":10.0},{"damage":2.0,"enemies":"Centurion and Healer","floor":30.0,"turns":6.0},{"damage":31.0,"enemies":"Collector","floor":33.0,"turns":11.0},{"damage":18.0,"enemies":"3 Darklings","floor":35.0,"turns":4.0},{"damage":0.0,"enemies":"Orb Walker","floor":36.0,"turns":2.0},{"damage":12.0,"enemies":"3 Darklings","floor":37.0,"turns":5.0},{"damage":5.0,"enemies":"4 Shapes","floor":39.0,"turns":8.0},{"damage":63.0,"enemies":"Nemesis","floor":40.0,"turns":13.0},{"damage":20.0,"enemies":"Transient","floor":41.0,"turns":5.0},{"damage":85,"enemies":"Reptomancer","floor":46,"turns":3}],"seed_played":"649134452184933205","potions_obtained":[{"floor":1.0,"key":"Regen Potion"},{"floor":3.0,"key":"SteroidPotion"},{"floor":7.0,"key":"Explosive Potion"},{"floor":8.0,"key":"potionbrewer:SplittingPotion"},{"floor":16.0,"key":"potionbrewer:CleansingPotion"},{"floor":18.0,"key":"hexamod:SoulburnPotion"},{"floor":25.0,"key":"sneckomod:MuddlingPotion"},{"floor":30.0,"key":"SkillPotion"},{"floor":33.0,"key":"PowerPotion"},{"floor":36.0,"key":"hexamod:SoulburnPotion"}],"is_trial":false,"path_per_floor":["M","M","?","$","M","E","M","E","MIM","R","M","?","R","M","R","B",null,"M","?","$","M","M","E","$","NM","T","R","M","R","M","AVR","R","B",null,"M","M","M","?","M","E","M","R","T","R","?","E"],"character_chosen":"IRONCLAD","items_purchased":["ReplayTheSpireMod:Muscle Training","hubris:EnhanceAbility","Orichalcum","Spot Weakness+1"],"campfire_rested":0,"item_purchase_floors":[4,20,20,24],"current_hp_per_floor":[74,75,75,75,75,44,43,32,28,28,29,44,44,55,55,21,62,36,36,51,61,56,55,70,59,59,59,76,76,80,80,80,62,76,76,80,80,80,80,29,50,50,50,50,50,0,0],"gold":446,"neow_bonus":"THREE_ENEMY_KILL","is_daily":false,"chose_seed":false,"campfire_upgraded":7,"win_rate":0.0,"timestamp":1612644190,"path_taken":["M","M","?","$","?","E","M","E","MIM","R","M","?","R","M","R","BOSS","M","?","$","?","M","E","?","NM","T","R","M","R","M","AVR","R","BOSS","M","M","M","?","?","E","M","R","T","R","?","E"],"items_purchased_type":["Card","Card","Relic","Card"],"build_version":"2020-12-22","purchased_purges":1,"victory":false,"max_hp_per_floor":[75,75,75,75,75,75,75,75,75,75,75,75,75,75,75,75,75,75,75,75,75,75,80,80,80,80,80,80,80,80,80,80,80,80,80,80,80,80,80,80,80,80,80,80,80,80,80],"card_choices":[{"not_picked":["Intimidate","Thunderclap"],"picked":"Iron Wave","floor":1.0},{"not_picked":["Flex","Sentinel"],"picked":"Disarm","floor":2.0},{"not_picked":["Clash","True Grit"],"picked":"Wild Strike","floor":5.0},{"not_picked":["hubris:SharpeningStone","Fire Breathing"],"picked":"Sword Boomerang","floor":6.0},{"not_picked":["ReplayTheSpireMod:Limb From Limb","Wild Strike"],"picked":"Reaper","floor":7.0},{"not_picked":["Heavy Blade","Uppercut"],"picked":"Seeing Red","floor":8.0},{"not_picked":["Perfected Strike","Twin Strike"],"picked":"Anger","floor":11.0},{"not_picked":["Second Wind","Bludgeon"],"picked":"Flame Barrier","floor":14.0},{"not_picked":["Offering","Eclipse"],"picked":"Exhume","floor":16.0},{"not_picked":["Replay:Undeath\u0027s Touch","Thunderclap"],"picked":"StuffTheSpire:Slingshot","floor":18.0},{"not_picked":["Warcry","Flame Barrier"],"picked":"Pummel","floor":21.0},{"not_picked":["Anger","Heavy Blade"],"picked":"Feel No Pain","floor":22.0},{"not_picked":["Combust","StuffTheSpire:Pyroclast+1"],"picked":"Shrug It Off","floor":23.0},{"not_picked":["Brutality","Blood for Blood","Havoc"],"picked":"SKIP","floor":25.0},{"not_picked":["Infernal Blade","Bloodletting","Dark Embrace"],"picked":"SKIP","floor":28.0},{"not_picked":["Spot Weakness","Wild Strike"],"picked":"Metallicize","floor":30.0},{"not_picked":["Feed","Double Tap"],"picked":"Limit Break","floor":33.0},{"not_picked":["Combust+1","Metallicize"],"picked":"Flame Barrier+1","floor":35.0},{"not_picked":["Spot Weakness","Flex","Warcry"],"picked":"SKIP","floor":36.0},{"not_picked":["Perfected Strike","Dual Wield+1"],"picked":"Whirlwind","floor":37.0},{"not_picked":["Armaments","Berserk"],"picked":"StuffTheSpire:RockThrow","floor":39.0},{"not_picked":["Cleave","Second Wind"],"picked":"True Grit","floor":40.0},{"not_picked":["Clash","Sentinel+1","Bloodletting"],"picked":"SKIP","floor":41.0}],"player_experience":209801,"relics_obtained":[{"floor":6.0,"key":"Golden Egg"},{"floor":8.0,"key":"Blood Vial"},{"floor":9.0,"key":"MealTicket"},{"floor":23.0,"key":"Durian"},{"floor":25.0,"key":"StuffTheSpire:Wildfire"},{"floor":26.0,"key":"StuffTheSpire:DarkSteelAnvil"},{"floor":40.0,"key":"War Paint"}],"event_choices":[{"damage_healed":0.0,"max_hp_gain":0.0,"max_hp_loss":0.0,"gold_gain":0.0,"event_name":"The Woman in Blue","player_choice":"Bought 1 Potion","floor":3.0,"gold_loss":0.0,"damage_taken":0.0},{"damage_healed":0.0,"max_hp_gain":0.0,"max_hp_loss":0.0,"gold_gain":100.0,"event_name":"The Joust","player_choice":"Bet on Murderer","floor":19.0,"gold_loss":50.0,"damage_taken":0.0},{"damage_healed":0.0,"max_hp_gain":0.0,"max_hp_loss":0.0,"gold_gain":100.0,"event_name":"Golden Shrine","player_choice":"Pray","floor":38.0,"gold_loss":0.0,"damage_taken":0.0},{"damage_healed":0.0,"max_hp_gain":0.0,"max_hp_loss":0.0,"gold_gain":0.0,"event_name":"Tomb of Lord Red Mask","player_choice":"Ignored","floor":45.0,"gold_loss":0.0,"damage_taken":0.0}],"is_beta":false,"boss_relics":[{"not_picked":["Replay:Drink Me","Busted Crown"],"picked":"conspire:SpecialSausage"},{"not_picked":["hubris:Backtick","Pandora\u0027s Box"],"picked":"Cursed Key"}],"items_purged_floors":[31],"is_endless":false,"potions_floor_spawned":[1,7,8,16,18,25,30,33,36,37],"killed_by":"Reptomancer","ascension_level":14}}