{"host":"hf83sijwe64ts2lm","time":1612632715,"event":{"mods":["2.2 Compatiblity","BaseMod","Better Altar","Better Match","Better Note","Better Sensory Stone","Better Skull","Better Third Choice","Colored Map","Colored Powertips","Highlight Path","Hubris","Infinite Spire","Minty Spire (QoL Compilation)","Quick Restart","Rare Cards Sparkle","Relic Stats","Reliquary","Replay The Spire","Shop Mod","Spicy Shops","Spire Arcade","StSLib","Thieving Mod"],"gold_per_floor":[115,128,139,139,239,267,277,195,242,242,242,242,89,89,89,190,190,203,15,15,15,35,35,65,65,65,65,65,93,111,126,126,126,126],"floor_reached":33,"language":"ENG","playtime":570,"items_purged":[],"score":323,"play_id":"779a74d6-4b71-4af4-9c15-f8049a925240","local_time":"20210206123155","is_ascension_mode":true,"campfire_choices":[{"floor":10.0,"key":"REST"},{"floor":12.0,"key":"REST"},{"floor":15.0,"key":"RECALL"},{"floor":23.0,"key":"REST"},{"floor":27.0,"key":"REST"},{"floor":32.0,"key":"REST"}],"circlet_count":0,"master_deck":["Strike_G","Strike_G","Strike_G","Strike_G","Strike_G","Defend_G","Defend_G","Defend_G","Defend_G","Defend_G","Survivor","Neutralize","Noxious Fumes","Blade Dance+1","A Thousand Cuts","Discovery","Poisoned Stab","Slice","Trip","Finisher+1","Blade Dance+1","A Thousand Cuts","Endless Agony","Glass Knife","Cloak And Dagger","Shame","Masterful Stab","Hidden Blade","A Thousand Cuts","Dodge and Roll","Deflect+1"],"relics":["Ring of the Snake","NeowsBlessing","Replay:Bottled Eggs","NlothsMask","Black Star","reliquary:RoseTintedGlasses","Gremlin Horn","infinitespire:Joker Card","MutagenicStrength","Onion Ring","hubris:AstralHammer","reliquary:PorcupineQuills","infinitespire:PuzzleCube"],"acts_visited":["Exordium","TheCity"],"potions_floor_usage":[33,33],"damage_taken":[{"damage":0.0,"enemies":"2 Louse","floor":1.0,"turns":1.0},{"damage":0.0,"enemies":"Small Slimes","floor":2.0,"turns":1.0},{"damage":0.0,"enemies":"Cultist","floor":3.0,"turns":1.0},{"damage":27.0,"enemies":"3 Sentries","floor":6.0,"turns":6.0},{"damage":18.0,"enemies":"Large Slime","floor":7.0,"turns":5.0},{"damage":41.0,"enemies":"The Guardian","floor":16.0,"turns":8.0},{"damage":14.0,"enemies":"Shell Parasite","floor":18.0,"turns":2.0},{"damage":6.0,"enemies":"Chosen","floor":22.0,"turns":2.0},{"damage":14.0,"enemies":"Book of Stabbing","floor":24.0,"turns":2.0},{"damage":21.0,"enemies":"Slavers","floor":29.0,"turns":2.0},{"damage":9.0,"enemies":"Centurion and Healer","floor":30.0,"turns":2.0},{"damage":34.0,"enemies":"Shelled Parasite and Fungi","floor":31.0,"turns":4.0},{"damage":49,"enemies":"Champ","floor":33,"turns":4}],"seed_played":"-1644205715270547707","potions_obtained":[{"floor":2.0,"key":"SpeedPotion"},{"floor":7.0,"key":"AttackPotion"},{"floor":22.0,"key":"Explosive Potion"},{"floor":24.0,"key":"Strength Potion"},{"floor":31.0,"key":"DuplicationPotion"}],"is_trial":false,"path_per_floor":["M","M","M","?","?","E","M","$","T","R","?","R","$","T","R","B",null,"M","$","$","?","M","R","E","?","T","R","T","E","M","M","R","B"],"character_chosen":"THE_SILENT","items_purchased":["Trip","Finisher+1","Blade Dance","Glass Knife","Cloak And Dagger"],"campfire_rested":5,"item_purchase_floors":[8,13,13,19,19],"current_hp_per_floor":[70,70,70,70,70,43,25,25,25,46,46,67,67,67,67,26,70,56,56,56,56,50,70,56,56,56,70,70,49,40,6,27,0,0],"gold":126,"neow_bonus":"THREE_ENEMY_KILL","is_daily":false,"chose_seed":false,"campfire_upgraded":0,"win_rate":0.0,"timestamp":1612632715,"path_taken":["M","M","M","?","?","E","?","$","T","R","?","R","$","?","R","BOSS","M","?","$","?","M","R","E","?","T","R","?","E","M","?","R","BOSS"],"items_purchased_type":["Card","Card","Card","Card","Card"],"build_version":"2020-12-22","purchased_purges":0,"victory":false,"max_hp_per_floor":[70,70,70,70,70,70,70,70,70,70,70,70,70,70,70,70,70,70,70,70,70,70,70,70,70,70,70,70,70,70,70,70,70,70],"relic_stats":{"Gremlin Horn":[5,4],"counters":[13,40],"Black Star":2,"obtain_stats":[{"NeowsBlessing":0,"Gremlin Horn":24,"infinitespire:Joker Card":24,"reliquary:PorcupineQuills":29,"hubris:AstralHammer":28,"MutagenicStrength":25,"Onion Ring":26,"reliquary:RoseTintedGlasses":21,"Black Star":17,"Replay:Bottled Eggs":6,"infinitespire:PuzzleCube":29,"Ring of the Snake":0,"NlothsMask":11},{"NeowsBlessing":0,"Gremlin Horn":9,"infinitespire:Joker Card":9,"reliquary:PorcupineQuills":10,"hubris:AstralHammer":9,"MutagenicStrength":9,"Onion Ring":9,"reliquary:RoseTintedGlasses":7,"Black Star":6,"Replay:Bottled Eggs":4,"infinitespire:PuzzleCube":10,"Ring of the Snake":0,"NlothsMask":5},{"NeowsBlessing":0,"Gremlin Horn":28,"infinitespire:Joker Card":28,"reliquary:PorcupineQuills":30,"hubris:AstralHammer":28,"MutagenicStrength":28,"Onion Ring":28,"reliquary:RoseTintedGlasses":24,"Black Star":22,"Replay:Bottled Eggs":9,"infinitespire:PuzzleCube":30,"Ring of the Snake":0,"NlothsMask":14}],"Ring of the Snake":[26]},"card_choices":[{"not_picked":["hubris:SlightOfHand","Sucker Punch"],"picked":"Noxious Fumes","floor":1.0},{"not_picked":["hubris:TrickCloak","Outmaneuver"],"picked":"Blade Dance","floor":2.0},{"not_picked":["Flying Knee","Acrobatics"],"picked":"A Thousand Cuts","floor":3.0},{"not_picked":["Survey Options","Dark Shackles"],"picked":"Discovery","floor":4.0},{"not_picked":["Quick Slash","Underhanded Strike","Poisoned Stab"],"picked":"SKIP","floor":6.0},{"not_picked":["Quick Slash","Underhanded Strike"],"picked":"Poisoned Stab","floor":6.0},{"not_picked":["Predator","Draining Mist"],"picked":"Slice","floor":7.0},{"not_picked":["Tools of the Trade","Atom Bomb"],"picked":"A Thousand Cuts","floor":16.0},{"not_picked":["Deadly Poison","hubris:Sniper"],"picked":"Endless Agony","floor":18.0},{"not_picked":["Noxious Fumes+1","Acrobatics"],"picked":"Masterful Stab","floor":22.0},{"not_picked":["Crippling Poison+1","Skewer"],"picked":"Hidden Blade","floor":24.0},{"not_picked":["Masterful Stab+1","PiercingWail+1"],"picked":"A Thousand Cuts","floor":29.0},{"not_picked":["Expertise","hubris:SlightOfHand+1"],"picked":"Dodge and Roll","floor":30.0},{"not_picked":["Backflip","Dodge and Roll"],"picked":"Deflect+1","floor":31.0}],"player_experience":142658,"relics_obtained":[{"floor":6.0,"key":"Replay:Bottled Eggs"},{"floor":24.0,"key":"Gremlin Horn"},{"floor":24.0,"key":"infinitespire:Joker Card"},{"floor":26.0,"key":"Onion Ring"},{"floor":28.0,"key":"hubris:AstralHammer"},{"floor":29.0,"key":"reliquary:PorcupineQuills"},{"floor":29.0,"key":"infinitespire:PuzzleCube"}],"event_choices":[{"damage_healed":0.0,"max_hp_gain":0.0,"max_hp_loss":0.0,"gold_gain":1.0,"event_name":"betterStone:BetterStone","player_choice":"1","floor":4.0,"gold_loss":0.0,"damage_taken":0.0},{"damage_healed":0.0,"max_hp_gain":0.0,"max_hp_loss":0.0,"gold_gain":100.0,"event_name":"Golden Shrine","player_choice":"Pray","floor":5.0,"gold_loss":0.0,"damage_taken":0.0},{"damage_healed":0.0,"max_hp_gain":0.0,"max_hp_loss":0.0,"gold_gain":0.0,"event_name":"FaceTrader","player_choice":"Trade","floor":11.0,"gold_loss":0.0,"damage_taken":0.0,"relics_obtained":["NlothsMask"]},{"damage_healed":0.0,"max_hp_gain":0.0,"max_hp_loss":0.0,"gold_gain":0.0,"event_name":"Addict","player_choice":"Stole Relic","floor":21.0,"gold_loss":0.0,"damage_taken":0.0,"relics_obtained":["reliquary:RoseTintedGlasses"],"cards_obtained":["Shame"]},{"damage_healed":0.0,"max_hp_gain":0.0,"max_hp_loss":0.0,"gold_gain":0.0,"event_name":"Drug Dealer","player_choice":"Inject Mutagens","floor":25.0,"gold_loss":0.0,"damage_taken":0.0,"relics_obtained":["MutagenicStrength"]}],"is_beta":false,"boss_relics":[{"not_picked":["Fusion Hammer","ReplayTheSpireMod:DimensionalGlitch"],"picked":"Black Star"}],"items_purged_floors":[],"is_endless":false,"potions_floor_spawned":[2,7,22,24,31],"killed_by":"Champ","ascension_level":3}}