{"host":"4rvakrj1idbgia3f","time":1612623068,"event":{"mods":["BaseMod","Colored Map","Colored Powertips","DeckTracker","Highlight Path","Minty Spire (QoL Compilation)","Random Character Button","StSLib"],"gold_per_floor":[118,138,138,238,255,255,289,289,359,359,379,409,409,428,428,428,428],"floor_reached":16,"language":"JPN","playtime":558,"items_purged":[],"score":240,"play_id":"51f75f43-3f77-4acb-b07b-3cdc53f90caa","local_time":"20210206235108","is_ascension_mode":true,"campfire_choices":[{"data":"Searing Blow","floor":6.0,"key":"SMITH"},{"data":"Searing Blow+1","floor":8.0,"key":"SMITH"},{"data":"Searing Blow+2","floor":13,"key":"SMITH"},{"data":"Searing Blow+3","floor":15,"key":"SMITH"}],"circlet_count":0,"master_deck":["AscendersBane","Strike_R","Strike_R","Strike_R","Strike_R","Defend_R","Defend_R+1","Defend_R","Bash","True Grit+1","Searing Blow+4","Armaments","Headbutt","Shrug It Off","Power Through","Armaments","Immolate"],"relics":["Burning Blood","Happy Flower","Eternal Feather","Self Forming Clay"],"acts_visited":["Exordium"],"potions_floor_usage":[],"damage_taken":[{"damage":2.0,"enemies":"2 Louse","floor":1.0,"turns":3.0},{"damage":16.0,"enemies":"Cultist","floor":2.0,"turns":5.0},{"damage":2.0,"enemies":"Jaw Worm","floor":5.0,"turns":5.0},{"damage":30.0,"enemies":"Gremlin Nob","floor":7.0,"turns":4.0},{"damage":0.0,"enemies":"3 Sentries","floor":10.0,"turns":1.0},{"damage":2,"enemies":"Large Slime","floor":11,"turns":5},{"damage":22,"enemies":"Lagavulin","floor":12,"turns":7},{"damage":18,"enemies":"Exordium Thugs","floor":14,"turns":2},{"damage":26,"enemies":"Slime Boss","floor":16,"turns":5}],"seed_played":"7322463980488430535","potions_obtained":[{"floor":1.0,"key":"Fire Potion"},{"floor":2.0,"key":"SmokeBomb"}],"is_trial":false,"path_per_floor":["M","M","?","?","M","R","E","R","T","E","M","E","R","M","R","B"],"character_chosen":"IRONCLAD","items_purchased":[],"campfire_rested":0,"item_purchase_floors":[],"current_hp_per_floor":[68,58,38,38,42,42,18,18,18,24,28,12,21,9,18,0,0],"gold":428,"neow_bonus":"TRANSFORM_TWO_CARDS","is_daily":false,"chose_seed":false,"campfire_upgraded":4,"win_rate":0.0,"timestamp":1612623068,"path_taken":["M","M","?","?","M","R","E","R","T","E","M","E","R","?","R","BOSS"],"items_purchased_type":[],"build_version":"2020-12-22","purchased_purges":0,"victory":false,"max_hp_per_floor":[68,68,68,68,68,68,68,68,68,68,68,68,68,68,68,68,68],"card_choices":[{"not_picked":["Blood for Blood","True Grit"],"picked":"Armaments","floor":1.0},{"not_picked":["Thunderclap","Clash"],"picked":"Headbutt","floor":2.0},{"not_picked":["Reckless Charge","Dropkick"],"picked":"Shrug It Off","floor":5.0},{"not_picked":["Armaments","Wild Strike"],"picked":"Power Through","floor":7.0},{"not_picked":["Cleave","Dark Embrace"],"picked":"Armaments","floor":11},{"not_picked":["Body Slam","Headbutt"],"picked":"Immolate","floor":12},{"not_picked":["Metallicize","Carnage","Anger"],"picked":"SKIP","floor":14}],"player_experience":2220808,"relics_obtained":[{"floor":7.0,"key":"Happy Flower"},{"floor":9.0,"key":"Eternal Feather"},{"floor":12,"key":"Self Forming Clay"}],"event_choices":[{"damage_healed":0.0,"max_hp_gain":0.0,"max_hp_loss":0.0,"gold_gain":0.0,"event_name":"Shining Light","player_choice":"Entered Light","floor":3.0,"gold_loss":0.0,"damage_taken":20.0,"cards_upgraded":["Defend_R","True Grit"]},{"damage_healed":0.0,"max_hp_gain":0.0,"max_hp_loss":0.0,"gold_gain":100.0,"event_name":"Wheel of Change","player_choice":"Gold","floor":4.0,"gold_loss":0.0,"damage_taken":0.0}],"is_beta":false,"boss_relics":[],"items_purged_floors":[],"is_endless":false,"potions_floor_spawned":[1,2,10],"killed_by":"Slime Boss","ascension_level":20}}