{"host":"7k2a2omxz3voj5ax","time":1612625723,"event":{"mods":["BaseMod","Marisa£¨ìFÓê¡¡Ä§ÀíÉ³£©","Minty Spire (QoL Compilation)","Quick Restart","Spicy Shops","StSLib","Starting Relic: Pandora\u0027s Box","Yakumo Yukari mod","¡¾ÒÅÎï¿¨ÅÆ¡¿REMEMod","óô»ðÖ¸ÄÏ"],"gold_per_floor":[116,3132,3145,2666,2683,2683,2683],"floor_reached":6,"language":"ZHS","playtime":184,"items_purged":["Bash"],"score":76,"play_id":"2ff60e8a-a7cf-446f-9b98-259f292170bc","local_time":"20210207003523","is_ascension_mode":true,"campfire_choices":[],"circlet_count":0,"master_deck":["AscendersBane","Flex","Body Slam","Whirlwind","Power Through","Metallicize","Infernal Blade","Clash","True Grit","Rampage","UltimateShortwave","Pommel Strike","Burning Pact","REME_Scribble"],"relics":["Pandora\u0027s Box","REME_ComplimentaryCards","NeowsBlessing","Anchor","Singing Bowl"],"acts_visited":["Exordium"],"potions_floor_usage":[5,6],"damage_taken":[{"damage":0,"enemies":"Cultist","floor":1,"turns":1},{"damage":0,"enemies":"2 Louse","floor":2,"turns":1},{"damage":0,"enemies":"Small Slimes","floor":3,"turns":1},{"damage":3,"enemies":"Gremlin Gang","floor":5,"turns":2},{"damage":48,"enemies":"Gremlin Nob","floor":6,"turns":5}],"seed_played":"1489660886260027886","potions_obtained":[{"floor":1,"key":"AttackPotion"},{"floor":2,"key":"Block Potion"}],"is_trial":false,"path_per_floor":["M","M","M","$","M","E"],"character_chosen":"IRONCLAD","items_purchased":["Anchor","Singing Bowl","Burning Pact"],"campfire_rested":0,"item_purchase_floors":[4,4,4],"current_hp_per_floor":[68,68,68,68,65,19,19],"gold":2683,"neow_bonus":"THREE_ENEMY_KILL","is_daily":false,"chose_seed":false,"campfire_upgraded":0,"win_rate":0.0,"timestamp":1612625723,"path_taken":["M","M","?","$","M","E"],"items_purchased_type":["Relic","Relic","Card"],"build_version":"2020-12-22","purchased_purges":1,"victory":false,"max_hp_per_floor":[75,75,75,75,75,77,77],"card_choices":[{"not_picked":["Pommel Strike","Havoc","Shrug It Off"],"picked":"SKIP","floor":1},{"not_picked":["Havoc","Shrug It Off"],"picked":"Pommel Strike","floor":1},{"not_picked":["Hemokinesis","Heavy Blade","REME_FearOfPain"],"picked":"SKIP","floor":2},{"not_picked":["Twin Strike","Thunderclap","Spot Weakness"],"picked":"SKIP","floor":3},{"not_picked":["Power Through","Sword Boomerang"],"picked":"REME_Scribble","floor":5}],"player_experience":293737,"relics_obtained":[],"event_choices":[],"is_beta":false,"boss_relics":[],"items_purged_floors":[4],"is_endless":false,"potions_floor_spawned":[1,2],"killed_by":"Gremlin Nob","ascension_level":20}}