{"host":"49pjgf1q9ev52n8z","time":1612580870,"event":{"mods":["BaseMod","Bestiary","Colored Map","Keyboard Shortcuts","Minty Spire (QoL Compilation)","Practice Mode","Relic Stats","StSLib"],"gold_per_floor":[369,379,100,114,125,125,155,172,172,183,236,247,212,21,21,124,124,136,0,17,17,33,61,61,96,121,121,121,121,121,133,133,133,133],"floor_reached":33,"language":"ENG","playtime":2875,"items_purged":[],"score":344,"play_id":"4a024744-a2d6-4fc8-9142-cb6789cfbd80","local_time":"20210205190750","is_ascension_mode":true,"campfire_choices":[{"data":"Iron Wave","floor":6.0,"key":"SMITH"},{"floor":15.0,"key":"REST"},{"floor":24,"key":"REST"},{"floor":27,"key":"REST"},{"floor":30,"key":"REST"},{"floor":32,"key":"REST"}],"circlet_count":0,"master_deck":["Strike_R","Strike_R","Strike_R","Strike_R","Strike_R","Defend_R","Defend_R","Defend_R","Defend_R","Bash","Headbutt","Iron Wave+1","Clothesline","Combust","Pommel Strike","Exhume","Flame Barrier","Shrug It Off","Spot Weakness","Battle Trance","Fire Breathing","Fiend Fire","Evolve+1","True Grit+1","Combust+1"],"relics":["Burning Blood","Tiny Chest","Centennial Puzzle","Turnip","Mark of Pain","InkBottle","Torii","Frozen Egg 2","Red Skull","Champion Belt"],"acts_visited":["Exordium","TheCity"],"potions_floor_usage":[20,20,25,33],"damage_taken":[{"damage":2.0,"enemies":"2 Louse","floor":1.0,"turns":3.0},{"damage":7.0,"enemies":"Jaw Worm","floor":2.0,"turns":3.0},{"damage":11.0,"enemies":"Small Slimes","floor":4.0,"turns":3.0},{"damage":9.0,"enemies":"2 Fungi Beasts","floor":5.0,"turns":3.0},{"damage":15.0,"enemies":"Lagavulin","floor":7.0,"turns":5.0},{"damage":22.0,"enemies":"Large Slime","floor":8.0,"turns":4.0},{"damage":17.0,"enemies":"Lots of Slimes","floor":10.0,"turns":3.0},{"damage":4.0,"enemies":"Blue Slaver","floor":12.0,"turns":4.0},{"damage":28.0,"enemies":"Slime Boss","floor":16.0,"turns":8.0},{"damage":10,"enemies":"Spheric Guardian","floor":18,"turns":4},{"damage":0,"enemies":"Chosen","floor":20,"turns":5},{"damage":30,"enemies":"Centurion and Healer","floor":22,"turns":6},{"damage":30,"enemies":"Book of Stabbing","floor":23,"turns":5},{"damage":88,"enemies":"Gremlin Leader","floor":25,"turns":9},{"damage":1,"enemies":"Snake Plant","floor":31,"turns":2},{"damage":83,"enemies":"Champ","floor":33,"turns":15}],"seed_played":"4216590554416120137","potions_obtained":[{"floor":2.0,"key":"AttackPotion"},{"floor":4.0,"key":"Fire Potion"},{"floor":5.0,"key":"ColorlessPotion"},{"floor":12.0,"key":"EntropicBrew"},{"floor":18,"key":"DuplicationPotion"},{"floor":22,"key":"AttackPotion"},{"floor":31,"key":"Energy Potion"}],"is_trial":false,"path_per_floor":["M","M","$","M","M","R","E","M","T","M","?","M","?","$","R","B",null,"M","?","M","T","M","E","R","E","T","R","?","?","R","M","R","B"],"character_chosen":"IRONCLAD","items_purchased":["Tiny Chest","Clothesline","Combust","Spot Weakness","Battle Trance","Fire Breathing"],"campfire_rested":5,"item_purchase_floors":[3,3,3,14,14,14],"current_hp_per_floor":[60,59,59,54,51,51,42,26,26,15,15,17,37,37,61,39,80,76,76,80,80,56,32,56,8,8,32,32,17,42,47,72,0,0],"gold":133,"neow_bonus":"TWO_FIFTY_GOLD","is_daily":false,"chose_seed":false,"campfire_upgraded":1,"win_rate":0.0,"timestamp":1612580870,"path_taken":["M","M","$","M","M","R","E","M","T","M","?","M","?","$","R","BOSS","M","?","M","?","M","E","R","E","T","R","?","?","R","M","R","BOSS"],"items_purchased_type":["Relic","Card","Card","Card","Card","Card"],"build_version":"2020-12-22","purchased_purges":0,"victory":false,"max_hp_per_floor":[80,80,80,80,80,80,80,80,80,80,80,80,80,80,80,80,80,80,80,80,80,80,80,80,80,80,80,80,85,85,85,85,85,85],"relic_stats":{"Centennial Puzzle":[30],"Torii":8,"counters":[16,82],"Tiny Chest":1,"Turnip":[19],"Champion Belt":[3],"obtain_stats":[{"Centennial Puzzle":7,"Torii":23,"Tiny Chest":3,"Turnip":9,"Mark of Pain":17,"Champion Belt":28,"Frozen Egg 2":25,"Burning Blood":0,"InkBottle":21,"Red Skull":26},{"Centennial Puzzle":5,"Torii":13,"Tiny Chest":2,"Turnip":6,"Mark of Pain":9,"Champion Belt":14,"Frozen Egg 2":14,"Burning Blood":0,"InkBottle":11,"Red Skull":14},{"Centennial Puzzle":17,"Torii":56,"Tiny Chest":6,"Turnip":21,"Mark of Pain":36,"Champion Belt":65,"Frozen Egg 2":65,"Burning Blood":0,"InkBottle":45,"Red Skull":65}],"Burning Blood":88,"InkBottle":[9]},"card_choices":[{"not_picked":["Perfected Strike","Twin Strike"],"picked":"Headbutt","floor":1.0},{"not_picked":["Anger","Shrug It Off"],"picked":"Iron Wave","floor":2.0},{"not_picked":["Headbutt","Pummel","Barricade"],"picked":"SKIP","floor":4.0},{"not_picked":["Twin Strike","Sentinel"],"picked":"Pommel Strike","floor":5.0},{"not_picked":["Sentinel","Limit Break"],"picked":"Exhume","floor":7.0},{"not_picked":["Warcry","Heavy Blade"],"picked":"Flame Barrier","floor":8.0},{"not_picked":["Flex","Seeing Red"],"picked":"Shrug It Off","floor":10.0},{"not_picked":["Flame Barrier","Havoc","Entrench"],"picked":"SKIP","floor":12.0},{"not_picked":["Corruption","Berserk"],"picked":"Fiend Fire","floor":16.0},{"not_picked":["Dual Wield","Infernal Blade","Sword Boomerang"],"picked":"SKIP","floor":18},{"not_picked":["Clash","Anger","Armaments"],"picked":"SKIP","floor":20},{"not_picked":["Anger","Shrug It Off"],"picked":"Evolve+1","floor":22},{"not_picked":["Battle Trance","Twin Strike+1"],"picked":"True Grit+1","floor":23},{"not_picked":["Flex","Thunderclap","Evolve+1"],"picked":"SKIP","floor":25},{"not_picked":["Infernal Blade","Shrug It Off"],"picked":"Combust+1","floor":31}],"player_experience":735748,"relics_obtained":[{"floor":7.0,"key":"Centennial Puzzle"},{"floor":9.0,"key":"Turnip"},{"floor":21,"key":"InkBottle"},{"floor":23,"key":"Torii"},{"floor":25,"key":"Frozen Egg 2"},{"floor":26,"key":"Red Skull"}],"event_choices":[{"damage_healed":0.0,"max_hp_gain":0.0,"max_hp_loss":0.0,"gold_gain":53.0,"event_name":"Golden Wing","player_choice":"Gained Gold","floor":11.0,"gold_loss":0.0,"damage_taken":0.0},{"damage_healed":20.0,"max_hp_gain":0.0,"max_hp_loss":0.0,"gold_gain":0.0,"event_name":"The Cleric","player_choice":"Healed","floor":13.0,"gold_loss":35.0,"damage_taken":0.0},{"damage_healed":0,"gold_gain":0,"player_choice":"Paid Fearfully","damage_taken":0,"max_hp_gain":0,"max_hp_loss":0,"event_name":"Masked Bandits","floor":19,"gold_loss":136},{"damage_healed":0,"gold_gain":0,"player_choice":"Opened","damage_taken":0,"relics_obtained":["Champion Belt"],"max_hp_gain":0,"max_hp_loss":0,"event_name":"The Mausoleum","floor":28,"gold_loss":0},{"damage_healed":0,"gold_gain":0,"player_choice":"Shed Blood","damage_taken":20,"max_hp_gain":5,"max_hp_loss":0,"event_name":"Forgotten Altar","floor":29,"gold_loss":0}],"is_beta":false,"boss_relics":[{"not_picked":["SlaversCollar","Runic Dome"],"picked":"Mark of Pain"}],"items_purged_floors":[],"is_endless":false,"potions_floor_spawned":[2,4,5,12,18,22,31],"killed_by":"Champ","ascension_level":4}}