{"host":"j1eo1fqrqta44853","time":1612645029,"event":{"mods":["Act Like it!","Bartender","BaseMod","CatGirl Mod","Custom Start","Downfall","Elementarium","Gensokyo","GungeonMod","HololiveMod","Hubris","Infinite Spire","KinomotoSakuraMod(????)","Koishi","Lobotomy","LobotomyExtend","Marisa????????","Minty Spire (QoL Compilation)","Pale of the Ancients","Rare Cards Sparkle","Reimu??????","Reliquary","Replay The Spire","SIMod","Shedinja","Spire Arcade","StSLib","The Alterego","The Jungle","The Marked","The Mystic","The Runesmith","The Senshi","The Vixen","TheBandit","Waifu the Spire","WarShipGirlsR/????R mod","Yakumo Yukari mod"],"gold_per_floor":[0,17,33,53,68,68,68,87,105,90,124,24,51,51,62,62,62,62],"floor_reached":16,"language":"ENG","playtime":1727,"items_purged":[],"score":104,"play_id":"78148ad0-5169-437a-babe-07c857bd6c7e","local_time":"20210206145709","is_ascension_mode":false,"campfire_choices":[{"floor":1,"key":"RECALL"},{"data":"1","floor":6,"key":"LIFT"},{"floor":12,"key":"REST"}],"circlet_count":0,"master_deck":["champ:Strike","champ:Strike","champ:Strike","champ:Strike","champ:Defend","champ:Defend","champ:Defend","champ:Defend","champ:Execute","champ:Taunt","champ:Circumvent","champ:DefensiveShout","champ:FanOfKnives","champ:GladiatorStyle","champ:CrownThrow","champ:GutPunch","champ:TornadoPunch","champ:ShieldWall","hubris:Fate","champ:Shatter"],"relics":["champ:ChampionCrown","Girya","HornCleat","downfall:HeartBlessingRed","Odd Mushroom","DemoMod:GlassGuonStoneRelic"],"acts_visited":["Exordium"],"potions_floor_usage":[5,15,16],"damage_taken":[{"damage":11,"enemies":"Cultist","floor":2,"turns":3},{"damage":17,"enemies":"Jaw Worm","floor":3,"turns":3},{"damage":16,"enemies":"2 Louse","floor":4,"turns":4},{"damage":12,"enemies":"Exordium Thugs","floor":5,"turns":3},{"damage":39,"enemies":"Large Slime","floor":8,"turns":5},{"damage":10,"enemies":"2 Fungi Beasts","floor":9,"turns":3},{"damage":20,"enemies":"downfall:FleeingMerchant","floor":10,"turns":4},{"damage":65,"enemies":"3 Sentries","floor":11,"turns":8},{"damage":1,"enemies":"The Mushroom Lair","floor":13,"turns":3},{"damage":18,"enemies":"Large Slime","floor":15,"turns":4},{"damage":23,"enemies":"DF_ARCHETYPE_STREAMLINE","floor":16,"turns":3}],"seed_played":"5553769919354696095","potions_obtained":[{"floor":2,"key":"Toxic Potion"},{"floor":3,"key":"Strength Potion"},{"floor":5,"key":"ZuzhouPotion:ReiMu"},{"floor":15,"key":"SkillPotion"}],"is_trial":false,"path_per_floor":["R","M","M","M","M","R","T","M","M","$","E","R","?","?","M","B"],"character_chosen":"THE_CHAMP","items_purchased":[],"campfire_rested":1,"item_purchase_floors":[],"current_hp_per_floor":[90,89,82,76,74,74,74,50,50,50,15,42,41,19,9,0,0,0],"gold":62,"neow_bonus":"ONE_RARE_RELIC","is_daily":false,"chose_seed":false,"campfire_upgraded":0,"win_rate":0.0,"timestamp":1612645029,"path_taken":["R","M","?","M","M","R","T","M","M","$","E","R","?","?","M","BOSS"],"items_purchased_type":[],"build_version":"2020-12-22","purchased_purges":0,"victory":false,"max_hp_per_floor":[90,90,90,90,90,90,90,90,90,90,90,90,90,90,90,90,90,90],"card_choices":[{"not_picked":["champ:PerfectedStrike","champ:PreciseThrust"],"picked":"champ:Circumvent","floor":2},{"not_picked":["champ:Haymaker","champ:StanceDance"],"picked":"champ:DefensiveShout","floor":3},{"not_picked":["champ:Duel","champ:PerfectedStrike"],"picked":"champ:FanOfKnives","floor":4},{"not_picked":["champ:Circumvent","champ:RapidStrikes","champ:AdrenalArmor"],"picked":"SKIP","floor":5},{"not_picked":["champ:Circumvent","champ:Encircle"],"picked":"champ:GladiatorStyle","floor":8},{"not_picked":["champ:Circumvent","champ:FaceSlap"],"picked":"champ:CrownThrow","floor":9},{"not_picked":["champ:EndlessRage","champ:RapidStrikes"],"picked":"champ:GutPunch","floor":10},{"not_picked":["champ:RapidStrikes","champ:CrownThrow"],"picked":"champ:TornadoPunch","floor":11},{"not_picked":["champ:CrownThrow","champ:Shatter"],"picked":"champ:ShieldWall","floor":13},{"not_picked":["hubris:Rewind","infinitespire:Execution"],"picked":"hubris:Fate","floor":14},{"not_picked":["champ:Parry","champ:DeathBlow"],"picked":"champ:Shatter","floor":15}],"player_experience":1146199,"relics_obtained":[{"floor":11,"key":"HornCleat"},{"floor":13,"key":"Odd Mushroom"}],"event_choices":[{"damage_healed":0,"gold_gain":0,"player_choice":"Fought Mushrooms","damage_taken":0,"max_hp_gain":0,"max_hp_loss":0,"event_name":"Mushrooms","floor":13,"gold_loss":0}],"is_beta":false,"boss_relics":[],"items_purged_floors":[],"is_endless":false,"potions_floor_spawned":[2,3,5,15],"killed_by":"DF_ARCHETYPE_STREAMLINE","ascension_level":0}}