{"host":"uc9rcmnrswh1l0kc","time":1612572387,"event":{"mods":["2.2 Compatiblity","A Magickal Journey","Aspiration","BaseMod","Bestiary","Better Altar","Better Third Choice","BetterRewards","Block Reminder","Bossed Relics","Colorless Booster Pack","Conspire","Curses Come First","Custom Start","Defective Defect","Defuse TimeMaze Blight","Displayed Cursed Tome","Ekko","Energized Spire","Evolution","Fox Events","GifTheSpireLib","Good Game Mod","Infinite Spire","Ironclad Rager","Marked Mod","Minty Spire (QoL Compilation)","Poor People Problems","Prisma Mod","Rare Cards Sparkle","Red Circlet Mod","Relic Filter Mod","Relic Stats","Reliquary","Replay The Spire","Ryuuou??","SacredBarkPlus","Shop Mod","Smile Girya","Spicy Shops","StS++","StSLib","Stuff the Spire","The Blackbeard","The Bladedancer","The Blue Laboratory","The Cursed","The Death Knight","The Edgeheg","The Necromancer","Uncapped","Useless Jewels Mod","Wide Potions","everything is the same but u backflip on backflip"],"gold_per_floor":[109,119,160,177,26,55,70,70,95,130,130,146,146,146],"floor_reached":13,"language":"ENG","playtime":556,"items_purged":[],"score":160,"play_id":"5a78a47b-1a5a-4f74-b8f7-7a3d33515d1f","local_time":"20210205194627","is_ascension_mode":true,"campfire_choices":[],"circlet_count":0,"master_deck":["CutThroughFate","Strike_P","Strike_P","Defend_P","Defend_P","Defend_P","Defend_P","Eruption","Vigilance","EmptyFist","MarkedMod:FirstStrike","Perseverance","Tantrum","PathToVictory","ClearTheMind","Replay:Battleflow","Cloak And Dagger","ThirdEye"],"relics":["PureWater","EVO:Axolotl","REME:ComplimentaryCards","aspiration:Nostalgia","m_SerpentRing","WingedGreaves","Chemical X","reliquary:PorcupineQuills","Blood Vial","ReplayFunnel"],"acts_visited":["Exordium"],"potions_floor_usage":[10],"damage_taken":[{"damage":0,"enemies":"Jaw Worm","floor":1,"turns":2},{"damage":0,"enemies":"Small Slimes","floor":2,"turns":2},{"damage":0,"enemies":"infinitespire:Voidling","floor":4,"turns":2},{"damage":0,"enemies":"Gremlin Nob","floor":6,"turns":2},{"damage":24,"enemies":"Exordium Thugs","floor":7,"turns":3},{"damage":0,"enemies":"Lagavulin","floor":10,"turns":9},{"damage":9,"enemies":"conspire:2 RoseBushes","floor":12,"turns":7},{"damage":17,"enemies":"Replay:BlueRogue","floor":13,"turns":6}],"seed_played":"1502488263192200163","potions_obtained":[{"floor":4,"key":"blueLaboratory:FrostheartPotion"},{"floor":6,"key":"StancePotion"},{"floor":7,"key":"blueLaboratory:BottledHope"}],"is_trial":false,"path_per_floor":["M","M","?","M","$","E","M","?","T","E","R","M","E"],"character_chosen":"WATCHER","items_purchased":["Chemical X"],"campfire_rested":0,"item_purchase_floors":[5],"current_hp_per_floor":[72,72,44,44,44,44,20,20,20,22,22,15,0,0],"gold":146,"neow_bonus":"NOSTALGIA","is_daily":false,"chose_seed":false,"campfire_upgraded":0,"win_rate":0.0,"timestamp":1612572387,"path_taken":["M","M","?","M","$","E","M","?","T","E","R","?","E"],"items_purchased_type":["Relic"],"build_version":"2020-12-22","purchased_purges":0,"victory":false,"max_hp_per_floor":[72,72,72,72,72,72,72,72,72,72,72,72,72,72],"relic_stats":{"Blood Vial":6,"counters":[8,33],"Chemical X":[1],"obtain_stats":[{"Blood Vial":9,"ReplayFunnel":10,"REME:ComplimentaryCards":0,"reliquary:PorcupineQuills":6,"aspiration:Nostalgia":0,"WingedGreaves":3,"EVO:Axolotl":0,"Chemical X":5,"PureWater":0,"m_SerpentRing":0},{"Blood Vial":5,"ReplayFunnel":6,"REME:ComplimentaryCards":0,"reliquary:PorcupineQuills":4,"aspiration:Nostalgia":0,"WingedGreaves":2,"EVO:Axolotl":0,"Chemical X":3,"PureWater":0,"m_SerpentRing":0},{"Blood Vial":11,"ReplayFunnel":20,"REME:ComplimentaryCards":0,"reliquary:PorcupineQuills":8,"aspiration:Nostalgia":0,"WingedGreaves":4,"EVO:Axolotl":0,"Chemical X":6,"PureWater":0,"m_SerpentRing":0}]},"card_choices":[{"not_picked":["Fasting2","Consecrate"],"picked":"EmptyFist","floor":1},{"not_picked":["Perseverance","Replay:AtTheReady"],"picked":"MarkedMod:FirstStrike","floor":2},{"not_picked":["Replay:Hum","FollowUp"],"picked":"Perseverance","floor":3},{"not_picked":["Blade Dance","Hidden Blade"],"picked":"Tantrum","floor":4},{"not_picked":["StSpp:Faith","EmptyBody"],"picked":"PathToVictory","floor":6},{"not_picked":["Choke","Wireheading"],"picked":"ClearTheMind","floor":7},{"not_picked":["Replay:ManipulateFuture","BowlingBash"],"picked":"Cloak And Dagger","floor":10},{"not_picked":["Nirvana","StSpp:Purify"],"picked":"ThirdEye","floor":12}],"player_experience":476472,"relics_obtained":[{"floor":3,"key":"WingedGreaves"},{"floor":6,"key":"reliquary:PorcupineQuills"},{"floor":9,"key":"Blood Vial"},{"floor":10,"key":"ReplayFunnel"}],"event_choices":[{"damage_healed":0,"gold_gain":0,"cards_transformed":["Strike_P"],"player_choice":"Transformed","damage_taken":0,"max_hp_gain":0,"max_hp_loss":0,"event_name":"Transmorgrifier","floor":8,"gold_loss":0,"cards_obtained":["Replay:Battleflow"]}],"is_beta":false,"boss_relics":[],"items_purged_floors":[],"is_endless":false,"potions_floor_spawned":[4,6,7],"killed_by":"Replay:BlueRogue","ascension_level":2}}