{"host":"bw00wb7p5bw58om7","time":1612639324,"event":{"mods":["100% Spire Juice","Act Like it!","BaseMod","Better Third Choice","CapriCore","Chen","Downfall","Gensokyo","KinomotoSakuraMod(????)","Koishi","KomeijiMod","Mari Mod (Legacy)","Mari\u0027s V1 Patch","Marisa????????","Minty Spire (QoL Compilation)","MostiFishMod","Onozuka Komachi Mod","Permanent Neow","Prisma Mod","Railgun Mod","Reimu??????","Remilia_Scarlet Moed?????·?????3.3.5","Remilia??????","StSLib","The Administrix","The Immortal","The Mystic","The Senshi","The Servant 0.9.4","TheVelvet","WarShipGirlsR/????R mod","Yakumo Yukari mod","Youmu??????","Yuyuko"],"gold_per_floor":[115,115,126,126,54,84,103,103,129,129,348,348,360,378,378,475,475,486,486,586,597,597,624,624,636,636,636,2,30,44,61,61,61,61],"floor_reached":33,"language":"ENG","playtime":1817,"items_purged":[],"score":337,"play_id":"1c2818e5-a277-405a-8d52-77e6d1f238df","local_time":"20210206192204","is_ascension_mode":false,"campfire_choices":[{"data":"TheRailgun:Magnetic_Flight","floor":8,"key":"SMITH"},{"data":"TheRailgun:Positive_Field","floor":12,"key":"SMITH"},{"data":"TheRailgun:Heroinism","floor":15,"key":"SMITH"},{"floor":24,"key":"REST"},{"data":"TheRailgun:Level_6","floor":27,"key":"SMITH"},{"data":"MostiFishMod:Galeforce","floor":32,"key":"SMITH"}],"circlet_count":0,"master_deck":["TheRailgun:Strike","TheRailgun:Strike","TheRailgun:Strike","TheRailgun:Defend","TheRailgun:Defend","TheRailgun:Defend","TheRailgun:Defend","TheRailgun:Discharge","TheRailgun:Static","TheRailgun:Zip","TheRailgun:Iron_Dust_Shield","TheRailgun:Thunderjolt","TheRailgun:Charge","TheRailgun:Magnetic_Flight+1","TheRailgun:Positive_Field+1","TheRailgun:Aerial_Shot","TheRailgun:Heroinism+1","TheRailgun:Crack","TheRailgun:Level_6+1","TheRailgun:Lightning_Speed","Koishi:PhantomBarrier","TheRailgun:Iron_Dust_Sword+1","TheRailgun:Lightning_Speed","Gensokyo:FourOfAKind","Gensokyo:FourOfAKind","Gensokyo:FourOfAKind","Gensokyo:FourOfAKind","TheRailgun:Gekotamania","TheRailgun:Aerial_Shot","TheRailgun:Lightning_Speed","MostiFishMod:Galeforce+1","TheRailgun:Electrical_Storm","TheRailgun:Sister_Network","TheRailgun:Iron_Dust_Shield","TheRailgun:Oneesama"],"relics":["TheRailgun:CoinRelic","DaveBox","HoshigumaDish","HereWithMe","SynthV:TestCard","Bronze Scales","Dream Catcher","PreservedInsect","theSenshi:MoonKaleidoScopeRelic","SentryEyes","ArrowTower","Ginger","Calipers","Mummified Hand","MealTicket","RuthlessExorcism:ReiMu"],"acts_visited":["Gensokyo:Gensokyo","Gensokyo:Gensokyoer"],"potions_floor_usage":[16],"damage_taken":[{"damage":1,"enemies":"Gensokyo:Gryphon","floor":1,"turns":3},{"damage":0,"enemies":"Gensokyo:Python","floor":3,"turns":3},{"damage":16,"enemies":"Gensokyo:Aya","floor":6,"turns":5},{"damage":0,"enemies":"Gensokyo:3_Fairies","floor":7,"turns":4},{"damage":0,"enemies":"Gensokyo:Python_and_Kodama","floor":11,"turns":4},{"damage":0,"enemies":"Gensokyo:2_Rabbits","floor":13,"turns":3},{"damage":2,"enemies":"Gensokyo:CorruptedTreant","floor":14,"turns":3},{"damage":82,"enemies":"Gensokyo:Reimu","floor":16,"turns":16},{"damage":24,"enemies":"Gensokyo:CosmicMonolith","floor":18,"turns":4},{"damage":20,"enemies":"Gensokyo:CosmicMonolith","floor":20,"turns":6},{"damage":7,"enemies":"Gensokyo:Chomper","floor":21,"turns":3},{"damage":15,"enemies":"Gensokyo:Tenshi","floor":23,"turns":3},{"damage":8,"enemies":"Gensokyo:Wraith","floor":25,"turns":3},{"damage":8,"enemies":"Gensokyo:Koishi","floor":29,"turns":3},{"damage":4,"enemies":"Gensokyo:Monolith_and_Dog","floor":30,"turns":2},{"damage":0,"enemies":"Gensokyo:Slime_Group","floor":31,"turns":2},{"damage":26,"enemies":"Gensokyo:Kaguya","floor":33,"turns":2}],"seed_played":"726761092485896697","potions_obtained":[{"floor":6,"key":"Swift Potion"},{"floor":7,"key":"FairyPotion"},{"floor":14,"key":"FairyPotion"},{"floor":16,"key":"Strength Potion"},{"floor":18,"key":"CalmPotion"},{"floor":20,"key":"GrandPatriotsElixir:ReiMu"}],"is_trial":false,"path_per_floor":["M","?","M","?","COS","E","M","R","T","?","M","R","M","M","R","B",null,"M","?","?","M","?","E","R","M","T","R","$","E","M","M","R","B"],"character_chosen":"THE_DEFAULT","items_purchased":["Mummified Hand","MostiFishMod:Galeforce","MealTicket","TheRailgun:Electrical_Storm"],"campfire_rested":1,"item_purchase_floors":[28,28,28,28],"current_hp_per_floor":[69,69,69,55,55,39,39,39,39,60,60,60,60,58,58,21,70,46,46,26,19,19,4,18,10,10,10,10,11,16,25,25,0,0],"gold":61,"neow_bonus":"RANDOM_COMMON_RELIC","is_daily":false,"chose_seed":false,"campfire_upgraded":5,"win_rate":0.0,"timestamp":1612639324,"path_taken":["M","?","M","?","COS","E","M","R","T","?","M","R","M","?","R","BOSS","M","?","?","M","?","E","R","?","T","R","$","E","?","?","R","BOSS"],"items_purchased_type":["Relic","Card","Relic","Card"],"build_version":"2020-12-22","purchased_purges":0,"victory":false,"max_hp_per_floor":[70,70,70,70,70,70,70,70,70,70,70,70,70,70,70,70,70,70,70,70,70,49,49,49,49,49,49,49,49,49,49,49,49,49],"card_choices":[{"not_picked":["TheRailgun:Static","TheRailgun:Stun_Shock"],"picked":"TheRailgun:Iron_Dust_Shield","floor":1},{"not_picked":["TheRailgun:Zip","TheRailgun:Recharge","TheRailgun:Teleporter","TheRailgun:Sister_Network"],"picked":"TheRailgun:Thunderjolt","floor":3},{"not_picked":["TheRailgun:Judgement_Officer","TheRailgun:Electrical_Fire","TheRailgun:Thundershock","TheRailgun:Battery_Pack"],"picked":"TheRailgun:Charge","floor":6},{"not_picked":["TheRailgun:Circuitous","TheRailgun:Thunder","TheRailgun:Railgun","TheRailgun:Supercharge"],"picked":"TheRailgun:Magnetic_Flight","floor":7},{"not_picked":["TheRailgun:Iron_Dust_Shield","TheRailgun:Spark","TheRailgun:Taser","TheRailgun:Recharge"],"picked":"TheRailgun:Positive_Field","floor":7},{"not_picked":["TheRailgun:Judgement_Officer","TheRailgun:Charge","TheRailgun:Taser","TheRailgun:Electrical_Fire"],"picked":"TheRailgun:Aerial_Shot","floor":11},{"not_picked":["TheRailgun:Negative_Field","TheRailgun:Spark","TheRailgun:Stun_Shock","TheRailgun:Electrical_Storm"],"picked":"TheRailgun:Heroinism","floor":13},{"not_picked":["TheRailgun:Discharge","TheRailgun:Circuit_Breaker","TheRailgun:Gekotamania","TheRailgun:Zip"],"picked":"TheRailgun:Crack","floor":14},{"not_picked":["TheRailgun:Judgement_Officer","TheRailgun:Magnetic_Flight","TheRailgun:Circuitous","TheRailgun:Thundervolt"],"picked":"TheRailgun:Level_6","floor":16},{"not_picked":["TheRailgun:Iron_Dust_Vial","TheRailgun:Aerial_Shot","TheRailgun:Electrical_Fire+1","TheRailgun:Token_Collection+1"],"picked":"TheRailgun:Lightning_Speed","floor":18},{"not_picked":["TheRailgun:Crack","TheRailgun:Circuit_Breaker+1","TheRailgun:Heroinism","TheRailgun:Lightningbolt"],"picked":"TheRailgun:Iron_Dust_Sword+1","floor":20},{"not_picked":["TheRailgun:Charge","TheRailgun:Crackle","TheRailgun:Mental_Out+1","TheRailgun:Heroinism"],"picked":"TheRailgun:Lightning_Speed","floor":21},{"not_picked":["TheRailgun:Thundervolt","TheRailgun:Zip+1","TheRailgun:Thunderjolt","TheRailgun:Electrical_Fire+1"],"picked":"TheRailgun:Gekotamania","floor":23},{"not_picked":["TheRailgun:Crackle+1","TheRailgun:Gekotamania","TheRailgun:Gekota_Phone","TheRailgun:Spark"],"picked":"TheRailgun:Aerial_Shot","floor":24},{"not_picked":["TheRailgun:Iron_Dust_Vial","TheRailgun:Gekota_Phone","TheRailgun:Iron_Dust_Sword","TheRailgun:Recharge+1"],"picked":"TheRailgun:Lightning_Speed","floor":25},{"not_picked":["TheRailgun:Mental_Out+1","TheRailgun:Gekotamania","TheRailgun:Iron_Dust_Vial","TheRailgun:Lightning_Speed"],"picked":"TheRailgun:Sister_Network","floor":29},{"not_picked":["TheRailgun:Stun_Shock+1","TheRailgun:Thunderbolt","TheRailgun:Positive_Field","TheRailgun:Heroinism"],"picked":"TheRailgun:Iron_Dust_Shield","floor":30},{"not_picked":["TheRailgun:Zap","TheRailgun:Crack","TheRailgun:Judgement_Officer","TheRailgun:Hypercharge+1"],"picked":"TheRailgun:Oneesama","floor":31}],"player_experience":322210,"relics_obtained":[{"floor":1,"key":"SynthV:TestCard"},{"floor":6,"key":"Dream Catcher"},{"floor":9,"key":"PreservedInsect"},{"floor":20,"key":"SentryEyes"},{"floor":20,"key":"ArrowTower"},{"floor":23,"key":"Ginger"},{"floor":26,"key":"Calipers"},{"floor":29,"key":"RuthlessExorcism:ReiMu"}],"event_choices":[],"is_beta":false,"boss_relics":[{"not_picked":["ExusiaiGun","Snecko Eye"],"picked":"theSenshi:MoonKaleidoScopeRelic"}],"items_purged_floors":[],"is_endless":false,"potions_floor_spawned":[6,7,14,16,18,20,25,31],"killed_by":"Gensokyo:Kaguya","ascension_level":0}}