{"host":"xx5zt3jtdyh8iun7","time":1612633242,"event":{"mods":["100% Spire Juice","AchievementEnabler","Act Like it!","BaseMod","Downfall","Hallownest","Minty Spire (QoL Compilation)","StSLib","The Bug Knight","The Marked"],"gold_per_floor":[110,28,28,68,86,86,13,13,13,45,45,74,87,117,117,217,97,117,117,14,66,66,101,121,121,173,188,23,23,23,57,57,160,40,51,51,69,69,85,113,113,145,145,172,172,8,34,34,34,34,34,34,34,64,64],"floor_reached":56,"language":"ENG","playtime":4682,"items_purged":["Hallownest:curseDreamersLament"],"score":1367,"play_id":"ab3701b6-2bbf-4fec-8630-ca27d9982ecc","local_time":"20210206184042","is_ascension_mode":false,"campfire_choices":[{"data":"Moonworks:Ambush","floor":6,"key":"SMITH"},{"data":"Moonworks:RagingMadness","floor":11,"key":"SMITH"},{"data":"Moonworks:EvilSpyWorkPreparation","floor":15,"key":"SMITH"},{"data":"Moonworks:AwakeningOfTalent","floor":25,"key":"SMITH"},{"data":"Moonworks:PlushieMaster","floor":29,"key":"SMITH"},{"data":"Moonworks:SakisCookie","floor":32,"key":"SMITH"},{"data":"Moonworks:AccelHyper","floor":41,"key":"SMITH"},{"floor":45,"key":"RECALL"},{"data":"1","floor":49,"key":"LIFT"},{"data":"2","floor":52,"key":"LIFT"}],"circlet_count":0,"master_deck":["Moonworks:Strike","Moonworks:Strike","Moonworks:Strike","Moonworks:Defend","Moonworks:Defend","Moonworks:Defend","Moonworks:Defend","Moonworks:Ambush+1","Moonworks:LongDistanceShot","Moonworks:BindingChains","Writhe","Moonworks:AngelHand+1","Moonworks:RagingMadness+1","Moonworks:WeAreWaruda","Moonworks:FullSpeedAlicianrone","Moonworks:BigBangBell","Moonworks:EvilSpyWorkPreparation+1","Moonworks:ScrambledEve","Moonworks:PlushieMaster+1","Moonworks:SakisCookie+1","Moonworks:RagingMadness","Moonworks:NicePresent","Moonworks:AwakeningOfTalent+1","Moonworks:AccelHyper+1","Moonworks:LuckyCharm+1","Moonworks:RedAndBlue+1","Moonworks:ShieldCounter+1","Moonworks:TreasureThief+1","Moonworks:Heat300Percent+1","Bandage Up","Moonworks:AnotherUltimateWeapon","Moonworks:NicePresent","Moonworks:NicePresent","Moonworks:HolyNight"],"relics":["Moonworks:BrokenBomb","Moonworks:Homemark","NeowsBlessing","Boot","Oddly Smooth Stone","Guardian:PocketSentry","Sozu","Hallownest:WatcherSealRelic","Anchor","Omamori","WingedGreaves","Pocketwatch","Calling Bell","Dream Catcher","Singing Bowl","Girya","Hallownest:KingsIdolRelic","PreservedInsect","War Paint","Eternal Feather","Calipers","Meat on the Bone","HornCleat"],"acts_visited":["Hallownest:Greenpath","Hallownest:CityofTears","Hallownest:KingdomsEdge","TheEnding"],"potions_floor_usage":[16,33],"damage_taken":[{"damage":0,"enemies":"Hallownest:2_Baldur","floor":1,"turns":1},{"damage":0,"enemies":"Hallownest:monsterHuskGuard","floor":5,"turns":1},{"damage":0,"enemies":"Hallownest:eliteVengeflyKing","floor":10,"turns":1},{"damage":14,"enemies":"Hallownest:eliteCrystalGuardian","floor":12,"turns":6},{"damage":0,"enemies":"2_ Uuma","floor":13,"turns":4},{"damage":3,"enemies":"Hallownest:eliteVengeflyKing","floor":14,"turns":5},{"damage":26,"enemies":"Hallownest:BossHornet","floor":16,"turns":8},{"damage":0,"enemies":"Hallownest:2_Mistakes","floor":18,"turns":4},{"damage":2,"enemies":"Hallownest:3_Youths","floor":20,"turns":5},{"damage":3,"enemies":"Hallownest:Glutton_and_Coward","floor":21,"turns":3},{"damage":19,"enemies":"Hallownest:eliteSoulWarrior","floor":23,"turns":5},{"damage":3,"enemies":"Hallownest:monsterShrumalOgre","floor":24,"turns":4},{"damage":3,"enemies":"Hallownest:Master_and_Novice","floor":27,"turns":4},{"damage":0,"enemies":"Hallownest:Nosk","floor":31,"turns":7},{"damage":16,"enemies":"Hallownest:BossMantisLord","floor":33,"turns":5},{"damage":2,"enemies":"Hallownest:2_Littles","floor":35,"turns":4},{"damage":3,"enemies":"Hallownest:3_Siblings","floor":37,"turns":5},{"damage":22,"enemies":"Hallownest:2_Wing_and_1_Kings","floor":39,"turns":5},{"damage":3,"enemies":"Hallownest:eliteCollector","floor":40,"turns":7},{"damage":1,"enemies":"Hallownest:StalkingDevout","floor":42,"turns":6},{"damage":8,"enemies":"Hallownest:eliteHiveKnight","floor":44,"turns":5},{"damage":2,"enemies":"Hallownest:eliteCollector","floor":47,"turns":5},{"damage":15,"enemies":"Hallownest:BossGreyPrinceZote","floor":50,"turns":6},{"damage":7,"enemies":"Shield and Spear","floor":54,"turns":5},{"damage":61,"enemies":"The Heart","floor":55,"turns":7}],"seed_played":"1480324018573879377","potions_obtained":[{"floor":1,"key":"Explosive Potion"},{"floor":5,"key":"BlessingOfTheForge"},{"floor":10,"key":"ColorlessPotion"}],"is_trial":false,"path_per_floor":["M","?","?","?","M","R","$","?","T","E","R","E","M","E","R","B",null,"M","?","M","M","$","E","M","R","T","M","?","R","T","E","R","B",null,"M","?","M","$","M","E","R","E","T","E","R","$","E","?","R","B",null,"R","$","E","B",null],"character_chosen":"THE_STARBREAKER","items_purchased":["Moonworks:RagingMadness","Bandage Up"],"campfire_rested":0,"item_purchase_floors":[7,46],"current_hp_per_floor":[60,60,67,67,67,67,67,67,67,67,67,53,53,50,50,24,67,67,67,67,64,64,48,48,48,48,48,48,48,48,51,51,41,67,69,69,69,69,48,51,51,59,59,57,69,69,69,69,69,60,69,69,69,62,20],"gold":64,"neow_bonus":"THREE_ENEMY_KILL","is_daily":false,"chose_seed":false,"campfire_upgraded":7,"win_rate":0.0,"timestamp":1612633242,"path_taken":["M","?","?","?","?","R","$","?","T","E","R","E","M","E","R","BOSS","M","?","M","M","?","E","?","R","T","M","?","R","?","E","R","BOSS","M","?","?","$","?","E","R","E","T","E","R","?","E","?","R","BOSS","R","$","E","BOSS"],"items_purchased_type":["Card","Card"],"build_version":"2020-12-22","purchased_purges":1,"victory":true,"max_hp_per_floor":[60,60,67,67,67,67,67,67,67,67,67,67,67,67,67,67,67,67,67,67,67,67,67,67,67,67,67,67,67,67,67,67,67,67,69,69,69,69,69,69,69,69,69,69,69,69,69,69,69,69,69,69,69,69,69],"card_choices":[{"not_picked":["Moonworks:BeyondHell","Moonworks:SakisCookie"],"picked":"Moonworks:BindingChains","floor":1},{"not_picked":["Moonworks:LulusLuckyEgg","Moonworks:DeployBits"],"picked":"Moonworks:AngelHand","floor":5},{"not_picked":["Moonworks:CloudOfSeagulls","Moonworks:ForcedRevival"],"picked":"Moonworks:FullSpeedAlicianrone","floor":10},{"not_picked":["Moonworks:Assault","Moonworks:FullSpeedAlicianrone"],"picked":"Moonworks:BigBangBell","floor":12},{"not_picked":["Moonworks:CloudOfSeagulls","Moonworks:BigMagnum"],"picked":"Moonworks:EvilSpyWorkPreparation","floor":13},{"not_picked":["Moonworks:MixPhenomenon","Moonworks:DeployBits"],"picked":"Moonworks:ScrambledEve","floor":14},{"not_picked":["Moonworks:SubspaceTunnel","Moonworks:Blazing"],"picked":"Moonworks:PlushieMaster","floor":16},{"not_picked":["Moonworks:CloudOfSeagulls","Moonworks:CastOff+1"],"picked":"Moonworks:SakisCookie+1","floor":18},{"not_picked":["Moonworks:CloudOfSeagulls","Moonworks:x16BigRocket"],"picked":"Moonworks:RagingMadness","floor":20},{"not_picked":["Moonworks:BigBangBell","Moonworks:JonathanRush"],"picked":"Moonworks:NicePresent","floor":21},{"not_picked":["Moonworks:SubspaceTunnel","Moonworks:SakisCookie"],"picked":"Moonworks:AwakeningOfTalent","floor":23},{"not_picked":["Moonworks:CloudOfSeagulls","Moonworks:BindingChains"],"picked":"Moonworks:NicePresent","floor":24},{"not_picked":["Moonworks:IndiscriminateFireSupport+1","Moonworks:DevilHand","Moonworks:JonathanRush"],"picked":"SKIP","floor":27},{"not_picked":["Moonworks:DeployBits","Moonworks:CloudOfSeagulls"],"picked":"Moonworks:SakisCookie","floor":31},{"not_picked":["Moonworks:WeAreWaruda","Moonworks:Blazing"],"picked":"Moonworks:AccelHyper","floor":33},{"not_picked":["Moonworks:NicePresent+1","Moonworks:CloudOfSeagulls+1","Moonworks:EvilSpyWorkPreparation+1"],"picked":"Singing Bowl","floor":35},{"not_picked":["Moonworks:LulusLuckyEgg+1","Moonworks:NicePresent"],"picked":"Moonworks:LuckyCharm+1","floor":37},{"not_picked":["Moonworks:DeployBits+1","Moonworks:BigMagnum"],"picked":"Moonworks:RedAndBlue+1","floor":39},{"not_picked":["Moonworks:NicePresent","Moonworks:JonathanRush"],"picked":"Moonworks:ShieldCounter","floor":40},{"not_picked":["Moonworks:Assault","Moonworks:IndiscriminateFireSupport"],"picked":"Moonworks:TreasureThief+1","floor":42},{"not_picked":["Moonworks:SakisCookie+1","Moonworks:JonathanRush+1"],"picked":"Moonworks:Heat300Percent+1","floor":44},{"not_picked":["Moonworks:UnluckyCharm","Moonworks:Dash+1"],"picked":"Moonworks:AnotherUltimateWeapon","floor":47},{"not_picked":["Moonworks:IndiscriminateFireSupport+1","Moonworks:CloudOfSeagulls+1"],"picked":"Moonworks:HolyNight","floor":54}],"player_experience":913446,"relics_obtained":[{"floor":10,"key":"Boot"},{"floor":12,"key":"Oddly Smooth Stone"},{"floor":14,"key":"Guardian:PocketSentry"},{"floor":23,"key":"Anchor"},{"floor":26,"key":"Omamori"},{"floor":30,"key":"WingedGreaves"},{"floor":31,"key":"Pocketwatch"},{"floor":34,"key":"Dream Catcher"},{"floor":34,"key":"Singing Bowl"},{"floor":34,"key":"Girya"},{"floor":40,"key":"PreservedInsect"},{"floor":42,"key":"War Paint"},{"floor":43,"key":"Eternal Feather"},{"floor":44,"key":"Calipers"},{"floor":47,"key":"Meat on the Bone"},{"floor":54,"key":"HornCleat"}],"event_choices":[],"is_beta":false,"boss_relics":[{"not_picked":["Runic Dome","bronze:MakeshiftBattery"],"picked":"Sozu"},{"not_picked":["Velvet Choker","Pandora\u0027s Box"],"picked":"Calling Bell"}],"items_purged_floors":[46],"is_endless":false,"potions_floor_spawned":[1,5,10,13,21,31,33,44],"ascension_level":0}}