{"host":"c44ey07ufggfw2m8","time":1612615849,"event":{"mods":["2.2 Compatiblity","BaseMod","Colored Map","DeckTracker","Highlight Path","Keyboard Shortcuts","Minty Spire (QoL Compilation)","Permanent Neow","Quick Restart","StSLib","SuperFastMode","UnlockEverythingMod"],"gold_per_floor":[109,121,133,133,145,145,170,170,197,135,166,178,190,233,245,362,374,413,452,379,410,422,466,478,510,522,576,628,649,673,95,95,95,95],"floor_reached":33,"language":"KOR","playtime":1070,"items_purged":["Strike_R"],"score":518,"play_id":"7e1ecffd-54cb-461e-94ac-221c2220539c","local_time":"20210206215049","is_ascension_mode":true,"campfire_choices":[{"data":"Searing Blow","floor":6,"key":"SMITH"},{"data":"Searing Blow+1","floor":8,"key":"SMITH"},{"data":"Searing Blow+2","floor":13,"key":"SMITH"},{"data":"Searing Blow+3","floor":15,"key":"SMITH"},{"data":"Searing Blow+4","floor":24,"key":"SMITH"},{"floor":29,"key":"REST"},{"floor":32,"key":"REST"}],"circlet_count":0,"master_deck":["AscendersBane","Strike_R","Strike_R","Defend_R","Defend_R","Defend_R","Bash","Battle Trance","Cleave","Searing Blow+5","Body Slam","Shrug It Off","Offering","True Grit","Armaments","Power Through+1","Armaments+1","Seeing Red+1","Sever Soul"],"relics":["Burning Blood","Pen Nib","CeramicFish","MawBank","Art of War","Velvet Choker","Incense Burner","Toxic Egg 2","Frozen Egg 2","Dream Catcher","Red Mask","Ginger","ClockworkSouvenir"],"acts_visited":["Exordium","TheCity"],"potions_floor_usage":[5,15,16,28,33,33],"damage_taken":[{"damage":8,"enemies":"2 Louse","floor":1,"turns":3},{"damage":18,"enemies":"Jaw Worm","floor":2,"turns":5},{"damage":1,"enemies":"Cultist","floor":3,"turns":3},{"damage":0,"enemies":"3 Louse","floor":5,"turns":2},{"damage":40,"enemies":"3 Sentries","floor":7,"turns":8},{"damage":0,"enemies":"2 Fungi Beasts","floor":11,"turns":2},{"damage":22,"enemies":"Lagavulin","floor":14,"turns":6},{"damage":25,"enemies":"Slime Boss","floor":16,"turns":9},{"damage":22,"enemies":"3 Byrds","floor":18,"turns":5},{"damage":17,"enemies":"2 Thieves","floor":19,"turns":3},{"damage":20,"enemies":"Sentry and Sphere","floor":21,"turns":4},{"damage":6,"enemies":"Gremlin Leader","floor":23,"turns":3},{"damage":12,"enemies":"Centurion and Healer","floor":25,"turns":4},{"damage":8,"enemies":"Slavers","floor":27,"turns":6},{"damage":0,"enemies":"Masked Bandits","floor":28,"turns":3},{"damage":35,"enemies":"Cultist and Chosen","floor":30,"turns":10},{"damage":23,"enemies":"Collector","floor":33,"turns":5}],"seed_played":"655669675641646557","potions_obtained":[{"floor":1,"key":"SkillPotion"},{"floor":5,"key":"BloodPotion"},{"floor":11,"key":"Ancient Potion"},{"floor":14,"key":"DuplicationPotion"},{"floor":18,"key":"ElixirPotion"},{"floor":21,"key":"Energy Potion"},{"floor":27,"key":"LiquidMemories"},{"floor":30,"key":"Strength Potion"}],"is_trial":false,"path_per_floor":["M","M","M","?","M","R","E","R","T","?","M","$","R","E","R","B",null,"M","M","?","M","$","E","R","M","T","E","?","R","M","$","R","B"],"character_chosen":"IRONCLAD","items_purchased":["Ginger","ClockworkSouvenir","Sever Soul"],"campfire_rested":2,"item_purchase_floors":[31,31,31],"current_hp_per_floor":[70,58,63,63,69,69,35,35,35,35,41,41,41,25,39,20,59,43,32,32,18,18,18,18,12,12,10,16,37,8,8,29,6,6],"gold":95,"neow_bonus":"REMOVE_TWO","is_daily":false,"chose_seed":false,"campfire_upgraded":5,"win_rate":0.0,"timestamp":1612615849,"path_taken":["M","M","M","?","M","R","E","R","T","?","M","$","R","E","R","BOSS","M","?","?","M","$","E","R","M","T","E","?","R","M","?","R","BOSS"],"items_purchased_type":["Relic","Relic","Card"],"build_version":"2020-12-22","purchased_purges":1,"victory":false,"max_hp_per_floor":[72,72,72,72,72,72,72,72,72,72,72,72,72,72,72,72,72,72,72,72,72,72,72,72,72,72,72,72,72,72,72,72,72,72],"card_choices":[{"not_picked":["Shockwave","Anger"],"picked":"Battle Trance","floor":1},{"not_picked":["Headbutt","Heavy Blade"],"picked":"Cleave","floor":2},{"not_picked":["Heavy Blade","Juggernaut"],"picked":"Searing Blow","floor":3},{"not_picked":["Wild Strike","Heavy Blade"],"picked":"Body Slam","floor":5},{"not_picked":["Clothesline","Battle Trance","Havoc"],"picked":"SKIP","floor":7},{"not_picked":["Fire Breathing","Limit Break"],"picked":"Shrug It Off","floor":11},{"not_picked":["Sword Boomerang","Wild Strike","Spot Weakness"],"picked":"SKIP","floor":14},{"not_picked":["Limit Break","Corruption"],"picked":"Offering","floor":16},{"not_picked":["Clothesline","Evolve"],"picked":"True Grit","floor":18},{"not_picked":["Combust","Flex"],"picked":"Armaments","floor":19},{"not_picked":["Cleave","Inflame+1","Anger"],"picked":"SKIP","floor":21},{"not_picked":["Sword Boomerang","Havoc+1","Brutality"],"picked":"SKIP","floor":23},{"not_picked":["Body Slam","Sword Boomerang","Anger"],"picked":"SKIP","floor":25},{"not_picked":["Sword Boomerang","Wild Strike"],"picked":"Power Through+1","floor":27},{"not_picked":["Clothesline","Ghostly Armor+1"],"picked":"Armaments+1","floor":28},{"not_picked":["Heavy Blade","Dropkick"],"picked":"Seeing Red+1","floor":29},{"not_picked":["Armaments+1","Body Slam","Iron Wave"],"picked":"SKIP","floor":30}],"player_experience":116816,"relics_obtained":[{"floor":7,"key":"Pen Nib"},{"floor":9,"key":"CeramicFish"},{"floor":14,"key":"Art of War"},{"floor":23,"key":"Toxic Egg 2"},{"floor":26,"key":"Frozen Egg 2"},{"floor":27,"key":"Dream Catcher"},{"floor":28,"key":"Red Mask"}],"event_choices":[{"cards_removed":["Strike_R"],"damage_healed":0,"gold_gain":0,"player_choice":"Forget","damage_taken":0,"max_hp_gain":0,"max_hp_loss":0,"event_name":"Living Wall","floor":4,"gold_loss":0},{"damage_healed":0,"gold_gain":0,"player_choice":"Paid Gold","damage_taken":0,"relics_obtained":["MawBank"],"max_hp_gain":0,"max_hp_loss":0,"event_name":"WeMeetAgain","floor":10,"gold_loss":62},{"damage_healed":0,"gold_gain":0,"player_choice":"Obtained Relic","damage_taken":0,"relics_obtained":["Incense Burner"],"max_hp_gain":0,"max_hp_loss":0,"event_name":"Addict","floor":20,"gold_loss":85},{"damage_healed":0,"gold_gain":0,"player_choice":"Fought Bandits","damage_taken":0,"max_hp_gain":0,"max_hp_loss":0,"event_name":"Masked Bandits","floor":28,"gold_loss":0}],"is_beta":false,"boss_relics":[{"not_picked":["Sozu","Ectoplasm"],"picked":"Velvet Choker"}],"items_purged_floors":[31],"is_endless":false,"potions_floor_spawned":[1,5,11,14,18,21,27,30],"killed_by":"Collector","ascension_level":10}}