{"host":"sav7uxregyirlf69","time":1612592905,"event":{"mods":["AchievementEnabler","BaseMod","Colored Map","DeckTracker","Keyboard Shortcuts","Minty Spire (QoL Compilation)","READ ME - Guardian Mod","StSLib","SuperFastMode"],"gold_per_floor":[365,27,27,27,38,38,73,73,73,73,73,88,109,34,34,34,34],"floor_reached":16,"language":"KOR","playtime":194,"items_purged":["Strike_G"],"score":196,"play_id":"6fc7fd15-d67f-478d-be1f-a57893e1d210","local_time":"20210206152825","is_ascension_mode":true,"campfire_choices":[{"data":"Neutralize","floor":6,"key":"SMITH"},{"data":"Terror","floor":10,"key":"SMITH"},{"data":"Quick Slash","floor":15,"key":"SMITH"}],"circlet_count":0,"master_deck":["AscendersBane","Strike_G","Strike_G","Strike_G","Strike_G","Defend_G","Defend_G","Defend_G","Survivor","Neutralize+1","Flying Knee","Quick Slash+1","Terror+1","PiercingWail","Tactician"],"relics":["Ring of the Snake","Paper Crane","Ninja Scroll","Golden Idol","Bronze Scales"],"acts_visited":["Exordium"],"potions_floor_usage":[12,16],"damage_taken":[{"damage":0,"enemies":"Small Slimes","floor":1,"turns":6},{"damage":0,"enemies":"2 Louse","floor":5,"turns":3},{"damage":47,"enemies":"3 Sentries","floor":7,"turns":15},{"damage":0,"enemies":"Jaw Worm","floor":12,"turns":2},{"damage":0,"enemies":"Looter","floor":13,"turns":3},{"damage":16,"enemies":"Slime Boss","floor":16,"turns":4}],"seed_played":"-4422991476278352206","potions_obtained":[{"floor":7,"key":"Regen Potion"},{"floor":12,"key":"Strength Potion"}],"is_trial":false,"path_per_floor":["M","$","?","?","M","R","E","?","T","R","?","M","M","?","R","B"],"character_chosen":"THE_SILENT","items_purchased":["Paper Crane"],"campfire_rested":0,"item_purchase_floors":[2],"current_hp_per_floor":[59,59,64,64,64,64,17,17,17,17,10,15,15,15,15,0,0],"gold":34,"neow_bonus":"TWO_FIFTY_GOLD","is_daily":false,"chose_seed":false,"campfire_upgraded":3,"win_rate":0.0,"timestamp":1612592905,"path_taken":["M","$","?","?","M","R","E","?","T","R","?","M","?","?","R","BOSS"],"items_purchased_type":["Relic"],"build_version":"2020-12-22","purchased_purges":1,"victory":false,"max_hp_per_floor":[60,60,65,65,65,65,65,59,59,59,59,59,59,59,59,59,59],"card_choices":[{"not_picked":["Prepared","Expertise"],"picked":"Flying Knee","floor":1},{"not_picked":["Deflect","Bane"],"picked":"Quick Slash","floor":5},{"not_picked":["Quick Slash","Choke"],"picked":"Terror","floor":7},{"not_picked":["Blur","Deadly Poison"],"picked":"PiercingWail","floor":12},{"not_picked":["Calculated Gamble","Expertise"],"picked":"Tactician","floor":13}],"player_experience":1505071,"relics_obtained":[{"floor":7,"key":"Ninja Scroll"},{"floor":9,"key":"Bronze Scales"}],"event_choices":[{"damage_healed":0,"gold_gain":0,"player_choice":"Donut","damage_taken":0,"max_hp_gain":5,"max_hp_loss":0,"event_name":"Big Fish","floor":3,"gold_loss":0},{"damage_healed":0,"gold_gain":0,"player_choice":"Ignored","damage_taken":0,"max_hp_gain":0,"max_hp_loss":0,"event_name":"Liars Game","floor":4,"gold_loss":0},{"damage_healed":0,"gold_gain":0,"player_choice":"Lose Max HP","damage_taken":0,"relics_obtained":["Golden Idol"],"max_hp_gain":0,"max_hp_loss":6,"event_name":"Golden Idol","floor":8,"gold_loss":0},{"cards_removed":["Defend_G"],"damage_healed":0,"gold_gain":0,"player_choice":"Card Removal","damage_taken":7,"max_hp_gain":0,"max_hp_loss":0,"event_name":"Golden Wing","floor":11,"gold_loss":0},{"cards_removed":["Defend_G"],"damage_healed":0,"gold_gain":0,"player_choice":"Card Removal","damage_taken":0,"max_hp_gain":0,"max_hp_loss":0,"event_name":"The Cleric","floor":14,"gold_loss":75}],"is_beta":false,"boss_relics":[],"items_purged_floors":[2],"is_endless":false,"potions_floor_spawned":[7,12],"killed_by":"Slime Boss","ascension_level":20}}