{"host":"d73an99q9oevilk5","time":1612605749,"event":{"mods":["2.2 Compatiblity","AchievementEnabler","Act Like it!","Aspiration","BaseMod","Beaked The Cultist","Better Third Choice","BetterRewards","Colored Map","Colored Powertips","Conspire","Downfall","GifTheSpireLib","Halation","Hubris","Infinite Spire","Marisa????????","Mimic Mod","Minty Spire (QoL Compilation)","Quick Restart","Relic Sorter","Reliquary","Replay The Spire","Shop Mod","Spikes Relics","StSLib","Stuff the Spire","The Cursed","The Necromancer","The Saiyan","Waifu the Spire","egg","slay the spire mod where everything is the same but ironclad has a cowboy hat"],"gold_per_floor":[111,111,111,87,106,138,138,158,208,219,219,233,265,278,278,374,374,391,391,391,411,163,163,196,291,365,365,375,375,405,422,422,525,525,538,375,392,392,408,408,408,408,408,508,508,519,539,539,555,567,567,567,567],"floor_reached":52,"language":"ENG","playtime":1824,"items_purged":["Strike_R"],"score":536,"play_id":"0983ea09-3779-4876-a208-e804c2a54d63","local_time":"20210206030229","is_ascension_mode":false,"campfire_choices":[{"data":"Armaments","floor":7,"key":"SMITH"},{"data":"Flex","floor":11,"key":"SMITH"},{"data":"Rampage","floor":15,"key":"SMITH"},{"data":"Invigoration","floor":23,"key":"SMITH"},{"floor":27,"key":"REST"},{"data":"Reaper","floor":29,"key":"SMITH"},{"floor":32,"key":"REST"},{"data":"BarbarianYell","floor":40,"key":"SMITH"},{"data":"ReplayTheSpireMod:Muscle Training","floor":43,"key":"SMITH"},{"data":"Invigoration","floor":48,"key":"SMITH"},{"data":"Bandage Up","floor":51,"key":"SMITH"}],"circlet_count":0,"master_deck":["Strike_R","Strike_R","Strike_R","Strike_R","Defend_R","Defend_R","Defend_R","Defend_R","Bash","Thunderclap","Sword Boomerang","Armaments+1","Flex+1","Sword Boomerang","Rampage+1","Reaper+1","Clash","Clothesline","Invigoration+1","hubris:StunningStrike","ReplayTheSpireMod:Splinters","ReplayTheSpireMod:Muscle Training+1","Thunderclap+1","hubris:StunningStrike","BarbarianYell+1","Bludgeon","Bandage Up+1","Cleave+1","Invigoration+1","Parasite","Flex+1","Rampage+1"],"relics":["Burning Blood","NeowsBlessing","Iron Hammer","Pen Nib","aspiration:AnachronicSnailShell","MerchantsRug","SnailShell","Dream Catcher","conspire:DeflatedDodgeball","Red Mask","ChewingGum","hubris:Towel","Strawberry"],"acts_visited":["Exordium","TheCity","TheBeyond"],"potions_floor_usage":[16,20,24,24,46,52,52,52],"damage_taken":[{"damage":0,"enemies":"Cultist","floor":1,"turns":1},{"damage":0,"enemies":"conspire:RoseBush","floor":5,"turns":1},{"damage":0,"enemies":"Lagavulin","floor":6,"turns":1},{"damage":0,"enemies":"2 Louse","floor":8,"turns":2},{"damage":2,"enemies":"Blue Slaver","floor":10,"turns":4},{"damage":0,"enemies":"3 Louse","floor":12,"turns":2},{"damage":16,"enemies":"Gremlin Nob","floor":13,"turns":3},{"damage":7,"enemies":"Exordium Thugs","floor":14,"turns":4},{"damage":42,"enemies":"Fading Forest","floor":16,"turns":11},{"damage":26,"enemies":"3 Byrds","floor":18,"turns":7},{"damage":0,"enemies":"2 Thieves","floor":20,"turns":1},{"damage":22,"enemies":"Centurion and Healer","floor":21,"turns":8},{"damage":36,"enemies":"Gremlin Leader","floor":24,"turns":6},{"damage":12,"enemies":"3 Cultists","floor":28,"turns":5},{"damage":19,"enemies":"Masked Bandits","floor":30,"turns":5},{"damage":4,"enemies":"Sentry and Sphere","floor":31,"turns":4},{"damage":37,"enemies":"conspire:MysteriousRune","floor":33,"turns":10},{"damage":25,"enemies":"3 Darklings","floor":35,"turns":5},{"damage":22,"enemies":"3 Shapes","floor":37,"turns":6},{"damage":21,"enemies":"Maw","floor":39,"turns":8},{"damage":15,"enemies":"Sphere and 2 Shapes","floor":46,"turns":5},{"damage":14,"enemies":"Writhing Mass","floor":47,"turns":7},{"damage":33,"enemies":"Spire Growth","floor":49,"turns":5},{"damage":2,"enemies":"Jaw Worm Horde","floor":50,"turns":3},{"damage":166,"enemies":"infinitespire:MassOfShapes","floor":52,"turns":15}],"seed_played":"588833879511370953","potions_obtained":[{"floor":3,"key":"SpeedPotion"},{"floor":3,"key":"LiquidBronze"},{"floor":3,"key":"EssenceOfSteel"},{"floor":6,"key":"SmokeBomb"},{"floor":21,"key":"Languid Potion"},{"floor":24,"key":"Regen Potion"},{"floor":28,"key":"BlessingOfTheForge"},{"floor":39,"key":"EssenceOfSteel"},{"floor":46,"key":"SneckoOil"},{"floor":49,"key":"BloodPotion"}],"is_trial":false,"path_per_floor":["M","$","?","$","M","E","R","M","T","M","R","M","E","M","R","B",null,"M","?","M","M","$","R","E","?","T","R","M","R","?","M","R","B",null,"M","$","M","?","M","R","PTL","PTL","R","?","T","M","M","R","M","M","R","B"],"character_chosen":"IRONCLAD","items_purchased":["Thunderclap","MerchantsRug","SnailShell","Invigoration","Bandage Up"],"campfire_rested":2,"item_purchase_floors":[4,22,22,22,36],"current_hp_per_floor":[80,80,80,80,80,80,80,80,80,80,80,80,70,69,69,33,80,60,60,66,50,50,50,20,20,20,44,53,53,40,42,66,35,80,80,80,78,78,80,80,80,80,80,80,87,82,78,78,55,83,83,0,0],"gold":567,"neow_bonus":"THREE_ENEMY_KILL","is_daily":false,"chose_seed":false,"campfire_upgraded":9,"win_rate":0.0,"timestamp":1612605749,"path_taken":["M","?","?","$","M","E","R","M","T","M","R","M","E","M","R","BOSS","M","?","M","M","$","R","E","?","T","R","M","R","?","M","R","BOSS","M","$","M","?","M","R","PTL","PTL","R","?","T","M","M","R","M","M","R","BOSS"],"items_purchased_type":["Card","Relic","Relic","Card","Card"],"build_version":"2020-12-22","purchased_purges":1,"victory":false,"max_hp_per_floor":[80,80,80,80,80,80,80,80,80,80,80,80,80,80,80,80,80,80,80,80,80,80,80,80,80,80,80,80,80,80,80,80,80,80,80,80,80,80,80,80,80,80,80,80,87,87,87,87,87,87,87,87,87],"card_choices":[{"not_picked":["Battle Trance","ReplayTheSpireMod:Stacked","Pommel Strike"],"picked":"SKIP","floor":1},{"not_picked":["StuffTheSpire:BloodClot","Shrug It Off"],"picked":"Sword Boomerang","floor":5},{"not_picked":["Dark Embrace","Heavy Blade"],"picked":"Armaments","floor":6},{"not_picked":["Combust","Havoc"],"picked":"Flex","floor":8},{"not_picked":["StuffTheSpire:Resist","Wild Strike"],"picked":"Sword Boomerang","floor":10},{"not_picked":["Warcry","ReplayTheSpireMod:Corrosion Curse"],"picked":"Rampage","floor":12},{"not_picked":["Clash","Uppercut","StuffTheSpire:RagingBull"],"picked":"SKIP","floor":13},{"not_picked":["ReplayTheSpireMod:Strike From Hell","Eclipse","Infernal Blade"],"picked":"SKIP","floor":14},{"not_picked":["conspire:HitWhereItHurts","Hemogenesis"],"picked":"Reaper","floor":16},{"not_picked":["Cleave","Havoc"],"picked":"Clash","floor":18},{"not_picked":["Sever Soul","Headbutt+1"],"picked":"Clothesline","floor":21},{"not_picked":["Evolve","Body Slam"],"picked":"hubris:StunningStrike","floor":24},{"not_picked":["Havoc+1","True Grit"],"picked":"ReplayTheSpireMod:Muscle Training","floor":25},{"not_picked":["Havoc","StuffTheSpire:RockThrow"],"picked":"Thunderclap+1","floor":25},{"not_picked":["StuffTheSpire:RockThrow","StuffTheSpire:Incineration"],"picked":"hubris:StunningStrike","floor":27},{"not_picked":["Rupture","Searing Blow","Perfected Strike"],"picked":"SKIP","floor":28},{"not_picked":["hubris:CleavingFinish","Twin Strike"],"picked":"BarbarianYell","floor":31},{"not_picked":["Feed","Offering"],"picked":"Bludgeon","floor":33},{"not_picked":["Cleave+1","Dual Wield","Clothesline+1"],"picked":"SKIP","floor":35},{"not_picked":["StuffTheSpire:Slingshot+1","StuffTheSpire:RagingBull+1","ReplayTheSpireMod:Corrosion Curse"],"picked":"SKIP","floor":37},{"not_picked":["StuffTheSpire:Slingshot+1","StuffTheSpire:Resist"],"picked":"Cleave+1","floor":39},{"not_picked":["Flex","ReplayTheSpireMod:Strike From Hell"],"picked":"Invigoration","floor":46},{"not_picked":["ReplayTheSpireMod:Strike From Hell","Sword Boomerang+1","Perfected Strike+1"],"picked":"SKIP","floor":47},{"not_picked":["Pommel Strike","StuffTheSpire:Incineration"],"picked":"Flex+1","floor":49},{"not_picked":["Run Through","Wild Strike"],"picked":"Rampage+1","floor":50}],"player_experience":1847306,"relics_obtained":[{"floor":6,"key":"Iron Hammer"},{"floor":9,"key":"Pen Nib"},{"floor":13,"key":"aspiration:AnachronicSnailShell"},{"floor":24,"key":"Dream Catcher"},{"floor":26,"key":"conspire:DeflatedDodgeball"},{"floor":30,"key":"Red Mask"},{"floor":45,"key":"Strawberry"}],"event_choices":[{"damage_healed":0,"gold_gain":0,"player_choice":"Got Potions","damage_taken":0,"max_hp_gain":0,"max_hp_loss":0,"event_name":"Lab","floor":3,"gold_loss":0},{"damage_healed":0,"gold_gain":0,"player_choice":"Fought Bandits","damage_taken":0,"max_hp_gain":0,"max_hp_loss":0,"event_name":"Masked Bandits","floor":30,"gold_loss":0},{"damage_healed":0,"gold_gain":100,"player_choice":"Pray","damage_taken":0,"max_hp_gain":0,"max_hp_loss":0,"event_name":"Golden Shrine","floor":44,"gold_loss":0}],"is_beta":false,"boss_relics":[{"not_picked":["StuffTheSpire:ModemDavis","halation:Yufonium"],"picked":"halation:HeavySnake"},{"not_picked":["hubris:GrandSneckoEye","Runic Pyramid"],"picked":"ChewingGum"}],"items_purged_floors":[36],"is_endless":false,"potions_floor_spawned":[5,6,12,14,21,24,28,39,46,49],"killed_by":"infinitespire:MassOfShapes","ascension_level":0}}