{"host":"oehe2dxjvdgux73m","time":1612573325,"event":{"mods":["AchievementEnabler","BaseMod","Colored Map","Colored Powertips","DeckTracker","Keyboard Shortcuts","Minty Spire (QoL Compilation)","Permanent Neow","Quick Restart","StSLib","SuperFastMode"],"gold_per_floor":[13,25,39,49,49,49,73,90,90,114,114,0,0,0,0,0,0],"floor_reached":16,"language":"KOR","playtime":413,"items_purged":["Strike_G"],"score":180,"play_id":"6cf9ef67-1fdc-4c22-bb70-b54956cc7277","local_time":"20210206100205","is_ascension_mode":true,"campfire_choices":[{"data":"Blade Dance","floor":6.0,"key":"SMITH"},{"data":"Neutralize","floor":11.0,"key":"SMITH"},{"data":"Tactician","floor":15.0,"key":"SMITH"}],"circlet_count":0,"master_deck":["AscendersBane","Strike_G","Strike_G","Defend_G","Defend_G","Defend_G","Defend_G","Defend_G","Survivor","Neutralize+1","Deflect","Predator","Dash","Blade Dance+1","Backflip","Backstab","Tactician+1","Escape Plan"],"relics":["Ring of the Snake","Blood Vial","Mercury Hourglass","Odd Mushroom"],"acts_visited":["Exordium"],"potions_floor_usage":[16],"damage_taken":[{"damage":0.0,"enemies":"Cultist","floor":1.0,"turns":3.0},{"damage":0.0,"enemies":"2 Louse","floor":2.0,"turns":3.0},{"damage":7.0,"enemies":"Small Slimes","floor":3.0,"turns":4.0},{"damage":0.0,"enemies":"Blue Slaver","floor":4.0,"turns":5.0},{"damage":8.0,"enemies":"Lots of Slimes","floor":8.0,"turns":5.0},{"damage":0.0,"enemies":"The Mushroom Lair","floor":10.0,"turns":3.0},{"damage":55,"enemies":"Slime Boss","floor":16,"turns":11}],"seed_played":"-8076015598109877000","potions_obtained":[{"floor":4.0,"key":"SpeedPotion"},{"floor":10.0,"key":"PowerPotion"}],"is_trial":false,"path_per_floor":["M","M","M","M","$","R","T","M","T","?","R","$","?","$","R","B"],"character_chosen":"THE_SILENT","items_purchased":["Escape Plan"],"campfire_rested":0,"item_purchase_floors":[12],"current_hp_per_floor":[59,59,52,52,52,52,52,46,46,48,48,48,48,48,48,0,0],"gold":0,"neow_bonus":"TRANSFORM_TWO_CARDS","is_daily":false,"chose_seed":false,"campfire_upgraded":3,"win_rate":0.0,"timestamp":1612573325,"path_taken":["M","M","?","M","?","R","?","?","T","?","R","$","?","?","R","BOSS"],"items_purchased_type":["Card"],"build_version":"2020-12-22","purchased_purges":1,"victory":false,"max_hp_per_floor":[66,66,66,66,66,66,66,66,66,66,66,66,66,66,66,66,66],"card_choices":[{"not_picked":["Poisoned Stab","Bane","Dodge and Roll"],"picked":"SKIP","floor":1.0},{"not_picked":["Dagger Throw","Poisoned Stab"],"picked":"Dash","floor":2.0},{"not_picked":["Deflect","Deadly Poison"],"picked":"Blade Dance","floor":3.0},{"not_picked":["Deflect","Catalyst"],"picked":"Backflip","floor":4.0},{"not_picked":["Deadly Poison","Underhanded Strike"],"picked":"Backstab","floor":8.0},{"not_picked":["All Out Attack","Quick Slash"],"picked":"Tactician","floor":10.0}],"player_experience":387451,"relics_obtained":[{"floor":7.0,"key":"Blood Vial"},{"floor":9.0,"key":"Mercury Hourglass"},{"floor":10.0,"key":"Odd Mushroom"}],"event_choices":[{"damage_healed":0.0,"max_hp_gain":0.0,"max_hp_loss":0.0,"gold_gain":0.0,"event_name":"Mushrooms","player_choice":"Fought Mushrooms","floor":10.0,"gold_loss":0.0,"damage_taken":0.0},{"damage_healed":0.0,"max_hp_gain":0.0,"max_hp_loss":0.0,"gold_gain":0.0,"event_name":"Liars Game","player_choice":"Ignored","floor":13.0,"gold_loss":0.0,"damage_taken":0.0}],"is_beta":false,"boss_relics":[],"items_purged_floors":[12],"is_endless":false,"potions_floor_spawned":[4,10],"killed_by":"Slime Boss","ascension_level":20}}