{"host":"ga4s3hj9m6nkn6gp","time":1612615881,"event":{"mods":["AchievementEnabler","BaseMod","Bestiary","Colored Powertips","Highlight Path","Minty Spire (QoL Compilation)","Relic Stats","everything is the same but u backflip on backflip"],"gold_per_floor":[164,164,179,196,196,196,225,244,314,314,341,356,356,415,415,415,415],"floor_reached":16,"language":"ENG","playtime":862,"items_purged":[],"score":220,"play_id":"35a515cb-57fe-4af0-b71c-53f43da5d977","local_time":"20210206135121","is_ascension_mode":true,"campfire_choices":[{"floor":6,"key":"REST"},{"data":"Dagger Throw","floor":10,"key":"SMITH"},{"floor":13,"key":"REST"},{"data":"Dagger Throw","floor":15,"key":"SMITH"}],"circlet_count":0,"master_deck":["AscendersBane","Strike_G","Strike_G","Strike_G","Strike_G","Strike_G","Defend_G+1","Defend_G","Defend_G","Defend_G+1","Defend_G","Survivor","Neutralize","Masterful Stab+1","Dagger Throw+1","Dagger Throw+1","Slice"],"relics":["Tiny House","Pocketwatch","Potion Belt","Paper Crane","Frozen Egg 2"],"acts_visited":["Exordium"],"potions_floor_usage":[7],"damage_taken":[{"damage":1,"enemies":"Cultist","floor":1,"turns":4},{"damage":2,"enemies":"Small Slimes","floor":3,"turns":3},{"damage":7,"enemies":"2 Louse","floor":4,"turns":3},{"damage":18,"enemies":"Lagavulin","floor":7,"turns":6},{"damage":2,"enemies":"Large Slime","floor":8,"turns":4},{"damage":6,"enemies":"3 Sentries","floor":11,"turns":8},{"damage":0,"enemies":"Red Slaver","floor":12,"turns":3},{"damage":24,"enemies":"Slime Boss","floor":16,"turns":7}],"seed_played":"-114768795535172512","potions_obtained":[{"floor":0,"key":"Fire Potion"},{"floor":1,"key":"SmokeBomb"},{"floor":4,"key":"Energy Potion"}],"is_trial":false,"path_per_floor":["M","?","M","M","?","R","E","M","T","R","E","M","R","?","R","B"],"character_chosen":"THE_SILENT","items_purchased":[],"campfire_rested":2,"item_purchase_floors":[],"current_hp_per_floor":[63,37,35,28,7,28,10,8,8,8,2,2,23,23,23,0,0],"gold":415,"neow_bonus":"BOSS_RELIC","is_daily":false,"chose_seed":false,"campfire_upgraded":2,"win_rate":0.0,"timestamp":1612615881,"path_taken":["M","?","M","M","?","R","E","M","T","R","E","M","R","?","R","BOSS"],"items_purchased_type":[],"build_version":"2020-12-22","purchased_purges":0,"victory":false,"max_hp_per_floor":[71,71,71,71,71,71,71,71,71,71,71,71,71,71,71,71,71],"relic_stats":{"counters":[8,38],"obtain_stats":[{"Potion Belt":7,"Tiny House":0,"Paper Crane":9,"Frozen Egg 2":11,"Ring of the Snake":0,"Pocketwatch":2},{"Potion Belt":4,"Tiny House":0,"Paper Crane":5,"Frozen Egg 2":6,"Ring of the Snake":0,"Pocketwatch":1},{"Potion Belt":16,"Tiny House":0,"Paper Crane":20,"Frozen Egg 2":28,"Ring of the Snake":0,"Pocketwatch":4}],"Pocketwatch":[48]},"card_choices":[{"not_picked":["Expertise","Underhanded Strike"],"picked":"Masterful Stab","floor":0},{"not_picked":["Prepared","Quick Slash"],"picked":"Dagger Throw","floor":1},{"not_picked":["Riddle With Holes","Distraction"],"picked":"Dagger Throw","floor":3},{"not_picked":["Distraction","Blur"],"picked":"Slice","floor":4},{"not_picked":["Poisoned Stab","Heel Hook","Flechettes"],"picked":"SKIP","floor":7},{"not_picked":["Caltrops","After Image","Dodge and Roll"],"picked":"SKIP","floor":8},{"not_picked":["Bane","Expertise","Slice"],"picked":"SKIP","floor":11},{"not_picked":["Calculated Gamble","Dodge and Roll","Bullet Time"],"picked":"SKIP","floor":12},{"not_picked":["Calculated Gamble","Dodge and Roll","Bullet Time"],"picked":"SKIP","floor":12}],"player_experience":740755,"relics_obtained":[{"floor":7,"key":"Potion Belt"},{"floor":9,"key":"Paper Crane"},{"floor":11,"key":"Frozen Egg 2"}],"event_choices":[{"damage_healed":0,"gold_gain":0,"player_choice":"Success","damage_taken":26,"relics_obtained":["Pocketwatch"],"max_hp_gain":0,"max_hp_loss":0,"event_name":"Scrap Ooze","floor":2,"gold_loss":0},{"damage_healed":0,"gold_gain":0,"player_choice":"Entered Light","damage_taken":21,"max_hp_gain":0,"max_hp_loss":0,"event_name":"Shining Light","floor":5,"gold_loss":0,"cards_upgraded":["Masterful Stab","Defend_G"]},{"damage_healed":0,"gold_gain":59,"player_choice":"Gained Gold","damage_taken":0,"max_hp_gain":0,"max_hp_loss":0,"event_name":"Golden Wing","floor":14,"gold_loss":0}],"is_beta":false,"boss_relics":[],"items_purged_floors":[],"is_endless":false,"potions_floor_spawned":[1,4],"killed_by":"Slime Boss","ascension_level":20}}