{"host":"Doisman","time":1612640257,"event":{"mods":["AchievementEnabler","BaseMod","Better Note","Curses Come First","Minty Spire (QoL Compilation)","Permanent Neow","Relic Stats","Replay The Spire","StSLib"],"gold_per_floor":[114,129,54,54,69,69,84,84,134,134,134,134,149,164,164,264,264,279,279,279,279],"floor_reached":20,"language":"ENG","playtime":641,"items_purged":["ReplayTheSpireMod:Corrosion Curse"],"score":189,"play_id":"b334d6a7-99ab-41eb-93d0-e8489051d187","local_time":"20210206133737","daily_mods":["Draft","Diverse","DeadlyEvents"],"is_ascension_mode":false,"campfire_choices":[{"data":"Blade Dance","floor":6,"key":"SMITH"},{"data":"Fusion","floor":8,"key":"SMITH"},{"data":"Blade Dance","floor":10,"key":"SMITH"},{"data":"Fluid Movement","floor":12,"key":"SMITH"},{"data":"Burst","floor":15,"key":"SMITH"}],"circlet_count":0,"master_deck":["Cloak And Dagger+1","Blade Dance+1","Fusion+1","Hidden Blade","Shrug It Off","Fluid Movement+1","Calculated Gamble","Crippling Poison","Escape Plan","Steam","Evaluate","Shrug It Off","Blade Dance+1","Conserve Battery","Burst+1","Backflip","Feed","All Out Attack"],"relics":["Ring of the Snake","Replay:Bottled Eggs","Vajra","Replay:Drink Me"],"acts_visited":["Exordium","TheCity"],"potions_floor_usage":[16,18],"damage_taken":[{"damage":1,"enemies":"Small Slimes","floor":1,"turns":3},{"damage":0,"enemies":"2 Louse","floor":2,"turns":3},{"damage":0,"enemies":"Cultist","floor":5,"turns":3},{"damage":0,"enemies":"Red Slaver","floor":7,"turns":2},{"damage":0,"enemies":"Looter","floor":13,"turns":2},{"damage":0,"enemies":"3 Louse","floor":14,"turns":2},{"damage":20,"enemies":"The Guardian","floor":16,"turns":6},{"damage":13,"enemies":"3 Byrds","floor":18,"turns":4},{"damage":0,"enemies":"Slavers","floor":20,"turns":1}],"seed_played":"5285009320175426936","potions_obtained":[{"floor":2,"key":"ColorlessPotion"},{"floor":13,"key":"Poison Potion"},{"floor":14,"key":"SkillPotion"},{"floor":18,"key":"GamblersBrew"}],"is_trial":false,"path_per_floor":["M","M","$","?","M","R","M","R","T","R","?","R","M","M","R","B",null,"M","?","E"],"character_chosen":"THE_SILENT","items_purchased":[],"campfire_rested":0,"item_purchase_floors":[],"current_hp_per_floor":[69,69,69,51,51,51,51,51,51,51,56,56,56,56,56,36,57,47,47,47,47],"gold":279,"neow_bonus":"","is_daily":true,"chose_seed":false,"campfire_upgraded":5,"win_rate":0.0,"timestamp":1612640257,"path_taken":["M","M","$","?","M","R","M","R","T","R","?","R","M","?","R","BOSS","M","?","?"],"items_purchased_type":[],"build_version":"2020-12-18","purchased_purges":1,"victory":false,"max_hp_per_floor":[70,70,70,70,70,70,70,70,70,70,75,75,75,75,75,75,57,60,60,60,60],"relic_stats":{"counters":[9,26],"obtain_stats":[{"Vajra":9,"Replay:Bottled Eggs":4,"Replay:Drink Me":17,"Ring of the Snake":0},{"Vajra":4,"Replay:Bottled Eggs":2,"Replay:Drink Me":7,"Ring of the Snake":0},{"Vajra":11,"Replay:Bottled Eggs":6,"Replay:Drink Me":21,"Ring of the Snake":0}],"Ring of the Snake":[18]},"card_choices":[{"not_picked":["Defy Death","Conclude"],"picked":"Cloak And Dagger","floor":0},{"not_picked":["EmptyFist","PathToVictory"],"picked":"Blade Dance","floor":0},{"not_picked":["Deadly Poison","Tactician"],"picked":"Fusion","floor":0},{"not_picked":["BasicCrystalCard","ReplayTheSpireMod:Stacked"],"picked":"Hidden Blade","floor":0},{"not_picked":["Reflex","Perfected Strike"],"picked":"Shrug It Off","floor":0},{"not_picked":["Go for the Eyes","Wild Strike"],"picked":"Fluid Movement","floor":0},{"not_picked":["Doom and Gloom","Outmaneuver"],"picked":"Calculated Gamble","floor":0},{"not_picked":["Perfected Strike","Thunderclap"],"picked":"JustLucky","floor":0},{"not_picked":["Cold Snap","Bane"],"picked":"Crippling Poison","floor":0},{"not_picked":["Body Slam","Ball Lightning"],"picked":"ReplayTheSpireMod:Corrosion Curse","floor":0},{"not_picked":["FlurryOfBlows","Warcry"],"picked":"Quick Slash","floor":0},{"not_picked":["Panic Button","BattleHymn"],"picked":"Escape Plan","floor":0},{"not_picked":["Deadly Poison","Steam Power"],"picked":"Sucker Punch","floor":0},{"not_picked":["Flex","Tantrum"],"picked":"Steam","floor":0},{"not_picked":["Replay:Undeath\u0027s Touch","Ball Lightning"],"picked":"Evaluate","floor":0},{"not_picked":["EmptyBody","Cold Snap"],"picked":"CrushJoints","floor":1},{"not_picked":["Underhanded Strike","Flex"],"picked":"Shrug It Off","floor":2},{"not_picked":["Evolve","Anger"],"picked":"Blade Dance","floor":5},{"not_picked":["Flying Knee","Sword Boomerang"],"picked":"Conserve Battery","floor":7},{"not_picked":["Warcry","Stack"],"picked":"Burst","floor":13},{"not_picked":["ThirdEye","CrushJoints"],"picked":"Backflip","floor":14},{"not_picked":["Reaper","Hemogenesis"],"picked":"Feed","floor":16},{"not_picked":["Flex","Prepared","Second Wind"],"picked":"SKIP","floor":18}],"player_experience":1084135,"relics_obtained":[{"floor":9,"key":"Vajra"}],"event_choices":[{"damage_healed":0,"gold_gain":0,"player_choice":"Success","damage_taken":18,"relics_obtained":["Replay:Bottled Eggs"],"max_hp_gain":0,"max_hp_loss":0,"event_name":"Scrap Ooze","floor":4,"gold_loss":0},{"damage_healed":0,"gold_gain":0,"player_choice":"Donut","damage_taken":0,"max_hp_gain":5,"max_hp_loss":0,"event_name":"Big Fish","floor":11,"gold_loss":0},{"damage_healed":0,"gold_gain":0,"cards_transformed":["JustLucky"],"player_choice":"Transformed","damage_taken":0,"max_hp_gain":0,"max_hp_loss":0,"event_name":"Transmorgrifier","floor":19,"gold_loss":0,"cards_obtained":["All Out Attack"]}],"is_beta":true,"boss_relics":[{"not_picked":["HoveringKite","Honey Jar"],"picked":"Replay:Drink Me"}],"items_purged_floors":[3],"is_endless":false,"potions_floor_spawned":[2,13,14,18],"killed_by":"Slavers","ascension_level":0}}