{"host":"9qqzuwmq0ewk38qb","time":1612597759,"event":{"mods":["BaseMod","Downfall","Highlight Path","Marisa????????","Minty Spire (QoL Compilation)","StSLib","The Jungle","The Servant 0.9.4"],"gold_per_floor":[119,85,105,75,0,0,15,15,15,15,33,33,47,59,59,156,156,175,187,201,201,201,201],"floor_reached":22,"language":"ENG","playtime":2403,"items_purged":["Strike_G"],"score":178,"play_id":"c0c05f44-1022-4ab4-ae44-20d3060907a1","local_time":"20210205234919","is_ascension_mode":false,"campfire_choices":[{"data":"Crippling Poison","floor":6,"key":"SMITH"},{"data":"Cloak And Dagger","floor":10,"key":"SMITH"},{"data":"Defend_G","floor":15,"key":"SMITH"}],"circlet_count":0,"master_deck":["Strike_G","Strike_G","Strike_G","Defend_G","Defend_G","Defend_G","Defend_G","Defend_G+1","Survivor","Neutralize","Accuracy","Crippling Poison+1","Underhanded Strike","Cloak And Dagger+1","Poisoned Stab","Skewer","Infinite Blades","Corpse Explosion","Flying Knee","Dodge and Roll","Blade Dance+1","Decay"],"relics":["Ring of the Snake","Pen Nib","Shuriken","HoveringKite"],"acts_visited":["Exordium","TheCity"],"potions_floor_usage":[7,16,19,20,22],"damage_taken":[{"damage":2,"enemies":"Cultist","floor":1,"turns":5},{"damage":0,"enemies":"Small Slimes","floor":3,"turns":5},{"damage":0,"enemies":"2 Louse","floor":7,"turns":3},{"damage":7,"enemies":"Red Slaver","floor":11,"turns":4},{"damage":6,"enemies":"Exordium Thugs","floor":13,"turns":6},{"damage":0,"enemies":"Exordium Wildlife","floor":14,"turns":3},{"damage":11,"enemies":"Slime Boss","floor":16,"turns":8},{"damage":14,"enemies":"Shell Parasite","floor":18,"turns":6},{"damage":9,"enemies":"3 Byrds","floor":19,"turns":3},{"damage":26,"enemies":"Snake Plant","floor":20,"turns":6},{"damage":26,"enemies":"Snecko","floor":22,"turns":5}],"seed_played":"-1875700165668374761","potions_obtained":[{"floor":3,"key":"SneckoOil"},{"floor":4,"key":"Fruit Juice"},{"floor":4,"key":"SneckoOil"},{"floor":13,"key":"DistilledChaos"},{"floor":18,"key":"Ancient Potion"}],"is_trial":false,"path_per_floor":["M","$","M","?","$","R","M","$","T","R","M","?","M","M","R","B",null,"M","M","M","?","M"],"character_chosen":"THE_SILENT","items_purchased":["Crippling Poison"],"campfire_rested":0,"item_purchase_floors":[2],"current_hp_per_floor":[68,68,68,68,68,68,73,73,73,73,66,66,60,60,60,49,75,61,52,26,26,0,0],"gold":201,"neow_bonus":"RANDOM_COMMON_RELIC","is_daily":false,"chose_seed":false,"campfire_upgraded":3,"win_rate":0.0,"timestamp":1612597759,"path_taken":["M","?","M","?","$","R","M","$","T","R","?","?","M","?","R","BOSS","M","M","M","?","M"],"items_purchased_type":["Card"],"build_version":"2020-12-22","purchased_purges":1,"victory":false,"max_hp_per_floor":[70,70,70,70,70,70,75,75,75,75,75,75,75,75,75,75,75,75,75,75,75,75,75],"card_choices":[{"not_picked":["Deflect","PiercingWail"],"picked":"Accuracy","floor":1},{"not_picked":["Dodge and Roll","Noxious Fumes"],"picked":"Underhanded Strike","floor":3},{"not_picked":["Eviscerate","Deflect"],"picked":"Cloak And Dagger","floor":7},{"not_picked":["Noxious Fumes","Dodge and Roll"],"picked":"Poisoned Stab","floor":11},{"not_picked":["Deflect","Glass Knife"],"picked":"Skewer","floor":13},{"not_picked":["Deflect","Flying Knee"],"picked":"Infinite Blades","floor":14},{"not_picked":["Burst","Tools of the Trade"],"picked":"Corpse Explosion","floor":16},{"not_picked":["Eviscerate+1","Sucker Punch"],"picked":"Flying Knee","floor":18},{"not_picked":["PiercingWail","Deflect"],"picked":"Dodge and Roll","floor":19},{"not_picked":["Bane","Acrobatics"],"picked":"Blade Dance+1","floor":20}],"player_experience":535373,"relics_obtained":[{"floor":9,"key":"Shuriken"}],"event_choices":[{"damage_healed":0,"gold_gain":0,"player_choice":"Bought 2 Potions","damage_taken":0,"max_hp_gain":0,"max_hp_loss":0,"event_name":"The Woman in Blue","floor":4,"gold_loss":0},{"cards_removed":["Strike_G"],"damage_healed":0,"gold_gain":0,"player_choice":"Purged","damage_taken":0,"max_hp_gain":0,"max_hp_loss":0,"event_name":"Purifier","floor":12,"gold_loss":0},{"damage_healed":0,"gold_gain":0,"player_choice":"Smashed Altar","damage_taken":0,"max_hp_gain":0,"max_hp_loss":0,"event_name":"Forgotten Altar","floor":21,"gold_loss":0,"cards_obtained":["Decay"]}],"is_beta":false,"boss_relics":[{"not_picked":["Runic Pyramid","Empty Cage"],"picked":"HoveringKite"}],"items_purged_floors":[5],"is_endless":false,"potions_floor_spawned":[3,13,18],"killed_by":"Snecko","ascension_level":0}}