{"host":"1q02rw1wpi0nrsss","time":1612627072,"event":{"mods":["AchievementEnabler","BaseMod","Better Note","Better Third Choice","Bossed Relics","Custom Start","Dark Map","DeckTracker","Disable Question Mark Monsters","Minty Spire (QoL Compilation)","Permanent Neow","Quick Restart","Rare Cards Sparkle","Relic Stats","StSLib","??????REMEMod"],"gold_per_floor":[114,134,153,6,22,22,52,12,12,38,51,66,137,37,37,136,136,150,170,103,116,116,116,127,145,145,145,505,15,48,66,66,166,166,177,177,187,237,256,282,282,35,84,84,104,104,104,134,134,134,134,134,32,61,61],"floor_reached":56,"language":"ENG","playtime":2963,"items_purged":["Strike_G","Strike_G","Strike_G"],"score":1406,"play_id":"1131b66c-11eb-4e6c-8559-0dd0b1b8b07f","local_time":"20210206075752","is_ascension_mode":true,"campfire_choices":[{"data":"Neutralize","floor":6.0,"key":"SMITH"},{"floor":15,"key":"REST"},{"data":"Bullet Time","floor":23,"key":"SMITH"},{"floor":27,"key":"REST"},{"floor":32,"key":"REST"},{"data":"Backflip","floor":41,"key":"SMITH"},{"data":"After Image","floor":44,"key":"SMITH"},{"floor":49,"key":"RECALL"},{"data":"Dodge and Roll","floor":52,"key":"SMITH"}],"circlet_count":0,"master_deck":["Strike_G","Strike_G","Defend_G","Defend_G","Defend_G","Defend_G","Defend_G","Survivor","Neutralize+1","Corpse Explosion+1","Dodge and Roll+1","Backstab","Poisoned Stab","Noxious Fumes","Flechettes+1","Die Die Die+1","Endless Agony+1","Bullet Time+1","Deflect+1","Blur+1","Backflip+1","After Image+1","REME_Flogging","Prepared+1","Dodge and Roll+1","Tools of the Trade+1","Bouncing Flask+1","Backflip+1","REME_GreenPollution+1","A Thousand Cuts+1","Panacea+1","Caltrops+1","Calculated Gamble+1","Dodge and Roll+1"],"relics":["Ring of the Serpent","REME_ComplimentaryCards","Happy Flower","Molten Egg 2","Tingsha","Tiny House","Snake Skull","Toxic Egg 2","Kunai","Frozen Egg 2","Turnip","Nunchaku","Darkstone Periapt","Orichalcum"],"acts_visited":["Exordium","TheCity","TheBeyond","TheEnding"],"potions_floor_usage":[11,16,16,30,31,38,38,54,54],"damage_taken":[{"damage":0.0,"enemies":"Cultist","floor":1.0,"turns":3.0},{"damage":1.0,"enemies":"Jaw Worm","floor":2.0,"turns":4.0},{"damage":0.0,"enemies":"2 Louse","floor":3.0,"turns":1.0},{"damage":14.0,"enemies":"Exordium Thugs","floor":5.0,"turns":3.0},{"damage":22.0,"enemies":"Lagavulin","floor":7.0,"turns":6.0},{"damage":12.0,"enemies":"3 Sentries","floor":10.0,"turns":3.0},{"damage":0,"enemies":"Red Slaver","floor":11,"turns":3},{"damage":2,"enemies":"Looter","floor":12,"turns":3},{"damage":15,"enemies":"The Guardian","floor":16,"turns":9},{"damage":0,"enemies":"Spheric Guardian","floor":18,"turns":3},{"damage":11,"enemies":"Shell Parasite","floor":19,"turns":5},{"damage":0,"enemies":"3 Cultists","floor":21,"turns":4},{"damage":6,"enemies":"Snecko","floor":24,"turns":5},{"damage":2,"enemies":"Cultist and Chosen","floor":25,"turns":6},{"damage":2,"enemies":"Book of Stabbing","floor":30,"turns":3},{"damage":0,"enemies":"Centurion and Healer","floor":31,"turns":3},{"damage":19,"enemies":"Automaton","floor":33,"turns":9},{"damage":0,"enemies":"Orb Walker","floor":35,"turns":3},{"damage":10,"enemies":"3 Darklings","floor":37,"turns":2},{"damage":0,"enemies":"Mind Bloom Boss Battle","floor":38,"turns":5},{"damage":0,"enemies":"Maw","floor":39,"turns":5},{"damage":0,"enemies":"Giant Head","floor":40,"turns":7},{"damage":7,"enemies":"Spire Growth","floor":45,"turns":5},{"damage":14,"enemies":"Nemesis","floor":48,"turns":5},{"damage":12,"enemies":"Donu and Deca","floor":50,"turns":6},{"damage":80,"enemies":"Shield and Spear","floor":54,"turns":6},{"damage":11,"enemies":"The Heart","floor":55,"turns":8}],"seed_played":"5269076209173916717","potions_obtained":[{"floor":5.0,"key":"SneckoOil"},{"floor":8.0,"key":"ColorlessPotion"},{"floor":8.0,"key":"FairyPotion"},{"floor":8.0,"key":"FearPotion"},{"floor":10.0,"key":"BlessingOfTheForge"},{"floor":12,"key":"Block Potion"},{"floor":18,"key":"PowerPotion"},{"floor":30,"key":"AttackPotion"},{"floor":33,"key":"Poison Potion"},{"floor":37,"key":"REME_GoldPotion"},{"floor":38,"key":"REME_GoldPotion"}],"is_trial":false,"path_per_floor":["M","M","M","$","M","R","E","?","T","E","M","M","?","$","R","B",null,"M","M","$","M","?","R","M","M","T","R","?","$","E","M","R","B",null,"M","?","M","?","M","E","R","$","T","R","M","?","$","E","R","B",null,"R","$","E","B",null],"character_chosen":"THE_SILENT","items_purchased":["Noxious Fumes","Blur","REME_Flogging","Kunai","Prepared+1","Poisoned Stab+1","Panacea+1","Caltrops+1","Dodge and Roll+1","SkillPotion"],"campfire_rested":3,"item_purchase_floors":[4,20,29,29,29,29,42,42,53,53],"current_hp_per_floor":[70,69,69,69,55,55,33,33,33,21,21,19,19,19,40,25,70,70,59,59,59,59,59,53,51,51,70,34,34,32,32,53,34,70,70,70,60,60,60,60,60,60,60,60,53,53,53,39,39,27,70,70,70,21,10],"gold":61,"neow_bonus":"UPGRADE_CARD","is_daily":false,"chose_seed":false,"campfire_upgraded":5,"win_rate":0.0,"timestamp":1612627072,"path_taken":["M","M","M","$","?","R","E","?","T","E","M","?","?","?","R","BOSS","M","M","$","M","?","R","M","M","T","R","?","$","E","M","R","BOSS","M","?","?","?","M","E","R","$","T","R","M","?","$","E","R","BOSS","R","$","E","BOSS"],"items_purchased_type":["Card","Card","Card","Relic","Card","Card","Card","Card","Card","Potion"],"build_version":"2020-12-22","purchased_purges":3,"victory":true,"max_hp_per_floor":[70,70,70,70,70,70,70,70,70,70,70,70,70,70,70,70,70,70,70,70,70,70,70,70,70,70,70,70,70,70,70,70,70,70,70,70,70,70,70,70,70,70,70,70,70,70,70,70,70,70,70,70,70,70,70],"relic_stats":{"Darkstone Periapt":0,"Nunchaku":[4],"Happy Flower":[36],"counters":[27,125],"Tingsha":[281],"Snake Skull":[217],"Turnip":[5],"Kunai":[15],"Orichalcum":[0],"obtain_stats":[{"Darkstone Periapt":48,"Tiny House":17,"Happy Flower":7,"Tingsha":10,"Snake Skull":22,"Frozen Egg 2":30,"Orichalcum":54,"Nunchaku":40,"Molten Egg 2":9,"Turnip":38,"Kunai":29,"Toxic Egg 2":26,"Ring of the Serpent":34,"Ring of the Snake":0,"REME_ComplimentaryCards":0},{"Darkstone Periapt":24,"Tiny House":9,"Happy Flower":5,"Tingsha":6,"Snake Skull":12,"Frozen Egg 2":15,"Orichalcum":26,"Nunchaku":22,"Molten Egg 2":5,"Turnip":20,"Kunai":14,"Toxic Egg 2":14,"Ring of the Serpent":17,"Ring of the Snake":0,"REME_ComplimentaryCards":0},{"Darkstone Periapt":105,"Tiny House":35,"Happy Flower":17,"Tingsha":20,"Snake Skull":47,"Frozen Egg 2":61,"Orichalcum":117,"Nunchaku":95,"Molten Egg 2":17,"Turnip":83,"Kunai":58,"Toxic Egg 2":58,"Ring of the Serpent":73,"Ring of the Snake":0,"REME_ComplimentaryCards":0}]},"card_choices":[{"not_picked":["Dagger Spray","Blade Dance"],"picked":"Dodge and Roll","floor":1.0},{"not_picked":["Endless Agony","Dagger Throw"],"picked":"Backstab","floor":2.0},{"not_picked":["Outmaneuver","Dodge and Roll"],"picked":"Poisoned Stab","floor":3.0},{"not_picked":["Backstab","Bane","Sucker Punch"],"picked":"SKIP","floor":5.0},{"not_picked":["Deflect","Slice","Sucker Punch"],"picked":"SKIP","floor":7.0},{"not_picked":["Blade Dance","Expertise"],"picked":"Flechettes+1","floor":10.0},{"not_picked":["Prepared","Endless Agony+1"],"picked":"Die Die Die+1","floor":11},{"not_picked":["Skewer+1","Sucker Punch+1"],"picked":"Endless Agony+1","floor":12},{"not_picked":["REME_CopyPotion","Glass Knife+1"],"picked":"Bullet Time","floor":16},{"not_picked":["Outmaneuver","Cloak And Dagger","Skewer+1"],"picked":"SKIP","floor":18},{"not_picked":["Dagger Throw+1","Skewer+1"],"picked":"Deflect+1","floor":19},{"not_picked":["Sucker Punch+1","Poisoned Stab+1"],"picked":"Backflip","floor":21},{"not_picked":["Finisher+1","Flying Knee+1"],"picked":"After Image","floor":24},{"not_picked":["Dagger Spray+1","Deflect","REME_ShadowStrike+1"],"picked":"SKIP","floor":25},{"not_picked":["Caltrops+1","Sucker Punch+1","Acrobatics+1"],"picked":"SKIP","floor":30},{"not_picked":["Slice+1","Endless Agony+1"],"picked":"Dodge and Roll+1","floor":31},{"not_picked":["Night Terror+1","Phantasmal Killer+1"],"picked":"Tools of the Trade+1","floor":33},{"not_picked":["Endless Agony+1","Cloak And Dagger+1"],"picked":"Bouncing Flask+1","floor":35},{"not_picked":["Deflect+1","Deadly Poison+1"],"picked":"Backflip+1","floor":37},{"not_picked":["Flying Knee+1","Escape Plan+1"],"picked":"REME_GreenPollution+1","floor":39},{"not_picked":["Poisoned Stab+1","Sucker Punch+1"],"picked":"A Thousand Cuts+1","floor":40},{"not_picked":["Outmaneuver+1","Deflect+1"],"picked":"Calculated Gamble+1","floor":45},{"not_picked":["Outmaneuver+1","Quick Slash+1","Predator+1"],"picked":"SKIP","floor":48},{"not_picked":["Dagger Spray+1","Prepared+1","Backflip+1"],"picked":"SKIP","floor":54}],"player_experience":89002,"relics_obtained":[{"floor":7.0,"key":"Happy Flower"},{"floor":9.0,"key":"Molten Egg 2"},{"floor":10.0,"key":"Tingsha"},{"floor":26,"key":"Toxic Egg 2"},{"floor":30,"key":"Frozen Egg 2"},{"floor":38,"key":"Turnip"},{"floor":40,"key":"Nunchaku"},{"floor":48,"key":"Darkstone Periapt"},{"floor":54,"key":"Orichalcum"}],"event_choices":[{"damage_healed":0.0,"max_hp_gain":0.0,"max_hp_loss":0.0,"gold_gain":0.0,"event_name":"The Woman in Blue","player_choice":"Bought 3 Potions","floor":8.0,"gold_loss":0.0,"damage_taken":0.0},{"damage_healed":0,"gold_gain":71,"player_choice":"Gained Gold","damage_taken":0,"max_hp_gain":0,"max_hp_loss":0,"event_name":"Golden Wing","floor":13,"gold_loss":0},{"damage_healed":0,"gold_gain":0,"player_choice":"Opened","damage_taken":0,"relics_obtained":["Snake Skull"],"max_hp_gain":0,"max_hp_loss":0,"event_name":"The Mausoleum","floor":22,"gold_loss":0},{"damage_healed":0,"gold_gain":360,"player_choice":"GOLD GOLD GOLD GOLD ","damage_taken":36,"max_hp_gain":0,"max_hp_loss":0,"event_name":"Knowing Skull","floor":28,"potions_obtained":[],"gold_loss":0,"cards_obtained":[]},{"damage_healed":0,"gold_gain":0,"player_choice":"Upgraded","damage_taken":0,"max_hp_gain":0,"max_hp_loss":0,"event_name":"Upgrade Shrine","floor":36,"gold_loss":0,"cards_upgraded":["Blur"]},{"damage_healed":0,"gold_gain":0,"player_choice":"Fight","damage_taken":0,"max_hp_gain":0,"max_hp_loss":0,"event_name":"MindBloom","floor":38,"gold_loss":0},{"cards_removed":["Poisoned Stab"],"damage_healed":0,"gold_gain":0,"player_choice":"Removed Attack","damage_taken":0,"max_hp_gain":0,"max_hp_loss":0,"event_name":"Falling","floor":46,"gold_loss":0}],"is_beta":false,"boss_relics":[{"not_picked":["Fusion Hammer","REME_DuelDisc"],"picked":"Tiny House"},{"not_picked":["Snecko Eye","Busted Crown"],"picked":"Ring of the Serpent"}],"items_purged_floors":[4,14,42],"is_endless":false,"potions_floor_spawned":[5,10,12,18,30,33,37,38],"ascension_level":3}}