{"host":"08t08ld674si40tv","time":1612623218,"event":{"mods":["AchievementEnabler","BaseMod","Colored Map","Minty Spire (QoL Compilation)","StSLib","SuperFastMode"],"gold_per_floor":[216,233,233,308,328,328,341,341,341,372,372,372,149,187,187,187,187],"floor_reached":16,"language":"KOR","playtime":447,"items_purged":["Strike_R"],"score":216,"play_id":"e21ddd97-3d51-429a-9d38-5f06e8397d17","local_time":"20210206235338","is_ascension_mode":true,"campfire_choices":[{"data":"Searing Blow+1","floor":6,"key":"SMITH"},{"data":"Searing Blow+2","floor":8,"key":"SMITH"},{"data":"Searing Blow+3","floor":12,"key":"SMITH"},{"data":"Armaments","floor":15,"key":"SMITH"}],"circlet_count":0,"master_deck":["AscendersBane","Strike_R","Strike_R","Strike_R","Strike_R","Defend_R","Defend_R","Defend_R","Defend_R","Bash","Burning Pact+1","Searing Blow+4","Disarm","Armaments+1","Shrug It Off"],"relics":["Burning Blood","Juzu Bracelet","WingedGreaves","Letter Opener","Tiny Chest","Blood Vial","Golden Idol","Membership Card","Shovel"],"acts_visited":["Exordium"],"potions_floor_usage":[7,14],"damage_taken":[{"damage":0,"enemies":"2 Louse","floor":1,"turns":4},{"damage":7,"enemies":"Small Slimes","floor":2,"turns":3},{"damage":21,"enemies":"Jaw Worm","floor":5,"turns":5},{"damage":20,"enemies":"Gremlin Gang","floor":7,"turns":7},{"damage":44,"enemies":"Lagavulin","floor":10,"turns":8},{"damage":10,"enemies":"3 Sentries","floor":14,"turns":7},{"damage":54,"enemies":"Slime Boss","floor":16,"turns":9}],"seed_played":"-7581469483768511632","potions_obtained":[{"floor":2,"key":"SpeedPotion"},{"floor":10,"key":"Regen Potion"}],"is_trial":false,"path_per_floor":["M","M","?","?","M","R","M","R","T","E","?","R","$","E","R","B"],"character_chosen":"IRONCLAD","items_purchased":["Membership Card","Armaments"],"campfire_rested":0,"item_purchase_floors":[13,13],"current_hp_per_floor":[74,73,38,27,12,12,18,18,18,10,10,10,10,23,23,14,14],"gold":187,"neow_bonus":"HUNDRED_GOLD","is_daily":false,"chose_seed":false,"campfire_upgraded":4,"win_rate":0.0,"timestamp":1612623218,"path_taken":["M","M","?","?","M","R","M","R","T","E","?","R","$","E","R","BOSS"],"items_purchased_type":["Relic","Card"],"build_version":"2020-12-22","purchased_purges":1,"victory":false,"max_hp_per_floor":[75,75,75,75,75,75,75,75,75,75,68,68,68,68,68,68,68],"card_choices":[{"not_picked":["Thunderclap","Anger","Inflame"],"picked":"SKIP","floor":1},{"not_picked":["Flame Barrier","Headbutt","Fire Breathing"],"picked":"SKIP","floor":2},{"not_picked":["Heavy Blade","Anger"],"picked":"Disarm","floor":5},{"not_picked":["Pommel Strike","Anger","Warcry"],"picked":"SKIP","floor":7},{"not_picked":["Searing Blow","Headbutt","Sword Boomerang"],"picked":"SKIP","floor":10},{"not_picked":["Searing Blow","Demon Form"],"picked":"Shrug It Off","floor":14}],"player_experience":297467,"relics_obtained":[{"floor":9,"key":"Tiny Chest"},{"floor":10,"key":"Blood Vial"},{"floor":14,"key":"Shovel"}],"event_choices":[{"damage_healed":0,"gold_gain":0,"player_choice":"Success","damage_taken":35,"relics_obtained":["Letter Opener"],"max_hp_gain":0,"max_hp_loss":0,"event_name":"Scrap Ooze","floor":3,"gold_loss":0},{"damage_healed":0,"gold_gain":75,"player_choice":"Gather Gold","damage_taken":11,"max_hp_gain":0,"max_hp_loss":0,"event_name":"World of Goop","floor":4,"gold_loss":0},{"damage_healed":0,"gold_gain":0,"player_choice":"Lose Max HP","damage_taken":0,"relics_obtained":["Golden Idol"],"max_hp_gain":0,"max_hp_loss":7,"event_name":"Golden Idol","floor":11,"gold_loss":0}],"is_beta":false,"boss_relics":[],"items_purged_floors":[13],"is_endless":false,"potions_floor_spawned":[2,10],"killed_by":"Slime Boss","ascension_level":20}}