{"host":"jqkewjmybebgw3gd","time":1612612736,"event":{"mods":["AchievementEnabler","BaseMod","Colored Map","DeckTracker","Minty Spire (QoL Compilation)","StSLib","SuperFastMode"],"gold_per_floor":[118,131,141,160,160,192,192,40,40,57,88,104,104,114,114,213,213,229,565,593,626,664,664,814,723,723,772,772,806,839,873,873,1002,1011,1039,904,927,951,971,1005,1020,1050,1059,1109,1168,1218,1218,1331,1331,1331,1331,1331,1281,1317,1317],"floor_reached":56,"language":"KOR","playtime":4240,"items_purged":["Strike_P","Defend_P","Defend_P+1"],"score":1635,"play_id":"3496a35c-2822-4805-93a7-1b3a98b68a5c","local_time":"20210206205856","is_ascension_mode":false,"campfire_choices":[{"floor":7.0,"key":"RECALL"},{"floor":15.0,"key":"REST"},{"data":"Strike_P","floor":23,"key":"PURGE"},{"data":"Defend_P","floor":28,"key":"PURGE"},{"data":"Defend_P","floor":32,"key":"PURGE"},{"data":"Decay","floor":47,"key":"PURGE"},{"data":"1","floor":49,"key":"LIFT"},{"data":"2","floor":52,"key":"LIFT"}],"circlet_count":1,"master_deck":["Strike_P+1","Strike_P+1","Eruption+1","Vigilance+1","FearNoEvil+1","EmptyFist+1","Omniscience+1","EmptyBody","Vault","MentalFortress+1","Meditate+1","Tantrum+1","FlurryOfBlows+1","Tantrum+1","ConjureBlade+1","EmptyBody+1","MentalFortress+1","TalkToTheHand+1","Halt+1","Omniscience+1","Scrawl+1","Scrawl+1","CurseOfTheBell","Indignation+1","TalkToTheHand+1","DevaForm+1","Adaptation+1","Finesse+1"],"relics":["PureWater","War Paint","OrangePellets","Lantern","Meat on the Bone","Cursed Key","Circlet","Ancient Tea Set","Akabeko","Anchor","Art of War","Bag of Marbles","Bag of Preparation","Bird Faced Urn","Burning Blood","Ring of the Snake","PreservedInsect","Vajra","Damaru","Dream Catcher","Strawberry","Oddly Smooth Stone","CeramicFish","Smiling Mask","Centennial Puzzle","Omamori","Red Skull","Whetstone","MealTicket","Nunchaku","Orichalcum","Toy Ornithopter","Boot","Bronze Scales","Pen Nib","Potion Belt","Blood Vial","Happy Flower","Regal Pillow","Gremlin Horn","Singing Bowl","Molten Egg 2","TeardropLocket","Matryoshka","Question Card","Mummified Hand","Pear","The Courier","HornCleat","Kunai","Mercury Hourglass","Frozen Egg 2","Eternal Feather","Toxic Egg 2","InkBottle","Self Forming Clay","Ornamental Fan","Paper Frog","Paper Crane","StrikeDummy","Pantograph","Letter Opener","Shuriken","Blue Candle","White Beast Statue","Sundial","Darkstone Periapt","Old Coin","Lizard Tail","Gambling Chip","Magic Flower","Mango","Unceasing Top","Ginger","StoneCalendar","CaptainsWheel","Turnip","Thread and Needle","Ice Cream","CloakClasp","Du-Vu Doll","Prayer Wheel","FossilizedHelix","Champion Belt","Charon\u0027s Ashes","Calipers","Girya","TungstenRod","Torii","Tingsha","Peace Pipe","Incense Burner","Pocketwatch","Black Star","SlaversCollar","HoveringKite","SacredBark","WristBlade","Black Blood","Enchiridion","Necronomicon","Nloth\u0027s Gift","Odd Mushroom","Golden Idol","FaceOfCleric","SsserpentHead","Medical Kit","TwistedFunnel","Membership Card","Sling","TheAbacus","Chemical X","ClockworkSouvenir","Membership Card","Omamori","Centennial Puzzle","Shuriken","StoneCalendar","Torii","PreservedInsect","Calling Bell","Nunchaku","Sundial","Thread and Needle","Juzu Bracelet","Whetstone","Regal Pillow","Art of War","The Courier","Ginger","Ice Cream","Vajra"],"acts_visited":["TheBeyond","TheEnding"],"potions_floor_usage":[55,55,55,55],"damage_taken":[{"damage":6.0,"enemies":"Jaw Worm","floor":1.0,"turns":4.0},{"damage":0.0,"enemies":"Cultist","floor":2.0,"turns":2.0},{"damage":0.0,"enemies":"Small Slimes","floor":3.0,"turns":2.0},{"damage":5.0,"enemies":"Exordium Thugs","floor":4.0,"turns":3.0},{"damage":0.0,"enemies":"Gremlin Nob","floor":6.0,"turns":3.0},{"damage":3.0,"enemies":"Lots of Slimes","floor":10.0,"turns":4.0},{"damage":31.0,"enemies":"Lagavulin","floor":11.0,"turns":5.0},{"damage":1.0,"enemies":"Exordium Wildlife","floor":12.0,"turns":3.0},{"damage":9.0,"enemies":"Gremlin Gang","floor":14.0,"turns":4.0},{"damage":64.0,"enemies":"The Guardian","floor":16.0,"turns":12.0},{"damage":15.0,"enemies":"Chosen","floor":18.0,"turns":7.0},{"damage":0.0,"enemies":"3 Byrds","floor":19.0,"turns":2.0},{"damage":0,"enemies":"Snake Plant","floor":20,"turns":1},{"damage":0,"enemies":"Cultist and Chosen","floor":21,"turns":1},{"damage":0,"enemies":"Shelled Parasite and Fungi","floor":22,"turns":1},{"damage":0,"enemies":"Book of Stabbing","floor":27,"turns":1},{"damage":0,"enemies":"Gremlin Leader","floor":29,"turns":1},{"damage":0,"enemies":"Snake Plant","floor":30,"turns":2},{"damage":0,"enemies":"Sentry and Sphere","floor":31,"turns":1},{"damage":0,"enemies":"Collector","floor":33,"turns":1},{"damage":0,"enemies":"3 Darklings","floor":35,"turns":1},{"damage":0,"enemies":"Orb Walker","floor":37,"turns":1},{"damage":0,"enemies":"Jaw Worm Horde","floor":38,"turns":1},{"damage":0,"enemies":"Writhing Mass","floor":39,"turns":3},{"damage":0,"enemies":"Reptomancer","floor":40,"turns":1},{"damage":0,"enemies":"3 Darklings","floor":41,"turns":1},{"damage":0,"enemies":"Sphere and 2 Shapes","floor":42,"turns":1},{"damage":0,"enemies":"Mind Bloom Boss Battle","floor":48,"turns":1},{"damage":0,"enemies":"Donu and Deca","floor":50,"turns":2},{"damage":0,"enemies":"Shield and Spear","floor":54,"turns":1},{"damage":0,"enemies":"The Heart","floor":55,"turns":3}],"seed_played":"2215757401098815550","potions_obtained":[{"floor":1.0,"key":"SneckoOil"},{"floor":2.0,"key":"Explosive Potion"},{"floor":5.0,"key":"Fruit Juice"},{"floor":5.0,"key":"LiquidMemories"},{"floor":5.0,"key":"SteroidPotion"},{"floor":11.0,"key":"ColorlessPotion"},{"floor":12.0,"key":"FairyPotion"},{"floor":18.0,"key":"EssenceOfSteel"},{"floor":19.0,"key":"Ancient Potion"},{"floor":20,"key":"ColorlessPotion"},{"floor":21,"key":"SpeedPotion"}],"is_trial":false,"path_per_floor":["M","M","M","M","?","E","R","$","T","M","E","M","?","M","R","B",null,"M","M","M","M","M","R","?","$","T","E","R","E","M","M","R","B",null,"M","$","M","M","M","E","M","M","T","?","?","?","R","?","R","B",null,"R","$","E","B",null],"character_chosen":"WATCHER","items_purchased":["OrangePellets","Membership Card","Omamori","MentalFortress+1","TalkToTheHand+1","Halt+1","TalkToTheHand+1","Juzu Bracelet"],"campfire_rested":1,"item_purchase_floors":[8,25,25,25,25,25,36,36],"current_hp_per_floor":[66,66,66,61,66,66,66,66,66,63,32,43,43,46,69,17,77,62,111,114,115,116,116,116,116,116,117,117,120,123,126,126,127,133,136,136,139,144,149,152,157,160,166,166,166,166,166,169,169,170,170,170,170,173,174],"gold":1317,"neow_bonus":"UPGRADE_CARD","is_daily":false,"chose_seed":false,"campfire_upgraded":0,"win_rate":0.0,"timestamp":1612612736,"path_taken":["M","M","M","M","?","E","R","$","T","M","E","?","?","M","R","BOSS","M","M","M","M","M","R","?","?","T","E","R","E","M","M","R","BOSS","M","$","M","M","M","E","M","M","T","?","?","?","R","?","R","BOSS","R","$","E","BOSS"],"items_purchased_type":["Relic","Relic","Relic","Card","Card","Card","Card","Relic"],"build_version":"2020-12-22","purchased_purges":3,"victory":true,"max_hp_per_floor":[72,72,72,72,77,77,77,77,77,77,77,77,77,77,77,77,77,77,111,114,115,116,116,116,116,116,117,117,120,123,126,126,127,133,136,136,139,144,149,152,157,160,166,166,166,166,166,169,169,170,170,170,170,173,174],"card_choices":[{"not_picked":["Swivel","FlurryOfBlows"],"picked":"FearNoEvil","floor":1.0},{"not_picked":["SashWhip","Nirvana","CarveReality"],"picked":"SKIP","floor":2.0},{"not_picked":["ClearTheMind","DeceiveReality","PathToVictory"],"picked":"SKIP","floor":3.0},{"not_picked":["DeceiveReality","Collect"],"picked":"EmptyFist","floor":4.0},{"not_picked":["Crescendo","Prostrate"],"picked":"Omniscience","floor":6.0},{"not_picked":["LikeWater","CutThroughFate","Prostrate"],"picked":"SKIP","floor":10.0},{"not_picked":["PathToVictory","SpiritShield","Conclude"],"picked":"SKIP","floor":11.0},{"not_picked":["WindmillStrike","SandsOfTime","BattleHymn"],"picked":"SKIP","floor":12.0},{"not_picked":["FearNoEvil","Evaluate"],"picked":"EmptyBody","floor":14.0},{"not_picked":["Blasphemy","Devotion"],"picked":"Vault","floor":16.0},{"not_picked":["Crescendo","EmptyBody","CutThroughFate"],"picked":"SKIP","floor":18.0},{"not_picked":["EmptyMind+1","Crescendo+1","Brilliance+1","Prostrate+1"],"picked":"Singing Bowl","floor":19.0},{"not_picked":["SandsOfTime+1","Halt+1","Protect+1"],"picked":"Meditate+1","floor":19.0},{"not_picked":["EmptyMind+1","CutThroughFate+1","EmptyFist+1"],"picked":"Tantrum+1","floor":20},{"not_picked":["Fasting2+1","WheelKick+1","SashWhip+1","EmptyBody+1"],"picked":"Singing Bowl","floor":20},{"not_picked":["Prostrate+1","WheelKick+1","Evaluate+1"],"picked":"FlurryOfBlows+1","floor":21},{"not_picked":["FlyingSleeves+1","CrushJoints+1","EmptyBody+1"],"picked":"Tantrum+1","floor":21},{"not_picked":["WaveOfTheHand+1","SashWhip+1","Consecrate+1"],"picked":"ConjureBlade+1","floor":22},{"not_picked":["CutThroughFate+1","WreathOfFlame+1","Fasting2+1"],"picked":"EmptyBody+1","floor":22},{"not_picked":["Meditate+1","WreathOfFlame+1","Protect+1"],"picked":"Omniscience+1","floor":27},{"not_picked":["Protect+1","Consecrate+1","JustLucky+1","Meditate+1"],"picked":"Singing Bowl","floor":29},{"not_picked":["Evaluate+1","FlurryOfBlows+1","WreathOfFlame+1","Halt+1"],"picked":"Singing Bowl","floor":30},{"not_picked":["CutThroughFate+1","Prostrate+1","Collect+1"],"picked":"Vault+1","floor":30},{"not_picked":["Pray+1","WindmillStrike+1","SashWhip+1"],"picked":"Scrawl+1","floor":31},{"not_picked":["Crescendo+1","Collect+1","EmptyFist+1","CrushJoints+1"],"picked":"Singing Bowl","floor":31},{"not_picked":["Blasphemy+1","LessonLearned+1","Alpha+1"],"picked":"Scrawl+1","floor":33},{"not_picked":["Weave+1","ThirdEye+1","Vengeance+1","BattleHymn+1"],"picked":"Singing Bowl","floor":35},{"not_picked":["EmptyBody+1","Wallop+1","Weave+1"],"picked":"Indignation+1","floor":35},{"not_picked":["ClearTheMind+1","Worship+1","EmptyBody+1","Weave+1"],"picked":"Singing Bowl","floor":37},{"not_picked":["Tantrum+1","BowlingBash+1","Wallop+1"],"picked":"DevaForm+1","floor":37},{"not_picked":["FlyingSleeves+1","Vengeance+1","Pray+1","Conclude+1"],"picked":"Singing Bowl","floor":38},{"not_picked":["LikeWater+1","BowlingBash+1","EmptyBody+1","Conclude+1"],"picked":"Singing Bowl","floor":38},{"not_picked":["FollowUp+1","Crescendo+1","FlurryOfBlows+1","ThirdEye+1"],"picked":"Singing Bowl","floor":39},{"not_picked":["InnerPeace+1","BowlingBash+1","Prostrate+1","CarveReality+1"],"picked":"Singing Bowl","floor":39},{"not_picked":["CutThroughFate+1","Weave+1","ConjureBlade+1","ForeignInfluence+1"],"picked":"Singing Bowl","floor":40},{"not_picked":["Worship+1","ClearTheMind+1","Pray+1","CutThroughFate+1"],"picked":"Singing Bowl","floor":41},{"not_picked":["ForeignInfluence+1","SashWhip+1","FlurryOfBlows+1","Vengeance+1"],"picked":"Singing Bowl","floor":41},{"not_picked":["DeusExMachina+1","Consecrate+1","Prostrate+1","FlyingSleeves+1"],"picked":"Singing Bowl","floor":42},{"not_picked":["Prostrate+1","BowlingBash+1","Evaluate+1"],"picked":"Adaptation+1","floor":42},{"not_picked":["SashWhip+1","PathToVictory+1","FollowUp+1","Judgement+1"],"picked":"Singing Bowl","floor":48},{"not_picked":["Weave+1","DeceiveReality+1","Evaluate+1","WreathOfFlame+1"],"picked":"Singing Bowl","floor":54}],"player_experience":470978,"relics_obtained":[{"floor":6.0,"key":"War Paint"},{"floor":9.0,"key":"Lantern"},{"floor":11.0,"key":"Meat on the Bone"},{"floor":26,"key":"Centennial Puzzle"},{"floor":27,"key":"Shuriken"},{"floor":27,"key":"StoneCalendar"},{"floor":29,"key":"Torii"},{"floor":29,"key":"PreservedInsect"},{"floor":34,"key":"Nunchaku"},{"floor":34,"key":"Sundial"},{"floor":34,"key":"Thread and Needle"},{"floor":40,"key":"Whetstone"},{"floor":40,"key":"Regal Pillow"},{"floor":43,"key":"Art of War"},{"floor":43,"key":"The Courier"},{"floor":48,"key":"Ginger"},{"floor":54,"key":"Ice Cream"},{"floor":54,"key":"Vajra"}],"event_choices":[{"damage_healed":0.0,"max_hp_gain":0.0,"max_hp_loss":0.0,"gold_gain":0.0,"event_name":"Lab","player_choice":"Got Potions","floor":5.0,"gold_loss":0.0,"damage_taken":0.0},{"damage_healed":0.0,"max_hp_gain":0.0,"max_hp_loss":0.0,"gold_gain":0.0,"event_name":"Living Wall","player_choice":"Grow","floor":13.0,"gold_loss":0.0,"damage_taken":0.0,"cards_upgraded":["Omniscience"]},{"damage_healed":0,"gold_gain":100,"player_choice":"Pray","damage_taken":0,"max_hp_gain":0,"max_hp_loss":0,"event_name":"Golden Shrine","floor":24,"gold_loss":0},{"damage_healed":0,"gold_gain":0,"player_choice":"Ignored","damage_taken":0,"max_hp_gain":0,"max_hp_loss":0,"event_name":"Tomb of Lord Red Mask","floor":44,"gold_loss":0},{"damage_healed":0,"gold_gain":0,"player_choice":"1 cards matched","damage_taken":0,"max_hp_gain":0,"max_hp_loss":0,"event_name":"Match and Keep!","floor":45,"gold_loss":0,"cards_obtained":["Finesse"]},{"cards_removed":["Vault"],"damage_healed":0,"gold_gain":0,"player_choice":"Removed Skill","damage_taken":0,"max_hp_gain":0,"max_hp_loss":0,"event_name":"Falling","floor":46,"gold_loss":0},{"damage_healed":0,"gold_gain":0,"player_choice":"Fight","damage_taken":0,"max_hp_gain":0,"max_hp_loss":0,"event_name":"MindBloom","floor":48,"gold_loss":0}],"is_beta":false,"boss_relics":[{"not_picked":["Velvet Choker","Snecko Eye"],"picked":"Cursed Key"},{"not_picked":["Philosopher\u0027s Stone","Coffee Dripper"],"picked":"Calling Bell"}],"items_purged_floors":[25,36,53],"is_endless":false,"potions_floor_spawned":[1,2,11,12,18,19,20,21,22,27,29,30,31,33,35,37,38,39,40,41,42,48,54],"ascension_level":0}}