{"host":"Qube","time":1612651438,"event":{"mods":["AchievementEnabler","BaseMod","Colored Map","Colored Powertips","Highlight Path","Minty Spire (QoL Compilation)","Permanent Neow","Quick Restart","Random Character Button","StSLib"],"gold_per_floor":[117,132,207,207,227,227,245,277,277,277,306,306,306,306],"floor_reached":13,"language":"ENG","playtime":525,"items_purged":[],"score":186,"play_id":"fa5898a0-3d94-4952-bd3c-4c668a4514cb","local_time":"20210206144358","is_ascension_mode":true,"campfire_choices":[{"data":"Blur","floor":6,"key":"SMITH"},{"floor":10,"key":"REST"}],"circlet_count":0,"master_deck":["AscendersBane","Strike_G","Strike_G","Strike_G","Strike_G","Defend_G","Defend_G","Defend_G","Defend_G","Defend_G","Survivor","Neutralize+1","Choke","Well Laid Plans","Blur+1","Slice","Tools of the Trade","PiercingWail","Quick Slash"],"relics":["Black Star","Turnip","Meat on the Bone","Pear","Gambling Chip","HornCleat"],"acts_visited":["Exordium"],"potions_floor_usage":[8,11],"damage_taken":[{"damage":8,"enemies":"Jaw Worm","floor":1,"turns":5},{"damage":0,"enemies":"2 Louse","floor":2,"turns":2},{"damage":3,"enemies":"Cultist","floor":5,"turns":4},{"damage":7,"enemies":"Exordium Wildlife","floor":7,"turns":7},{"damage":29,"enemies":"Gremlin Nob","floor":8,"turns":5},{"damage":29,"enemies":"3 Sentries","floor":11,"turns":10},{"damage":31,"enemies":"Gremlin Nob","floor":13,"turns":4}],"seed_played":"-7618390554958512592","potions_obtained":[{"floor":1,"key":"Weak Potion"},{"floor":8,"key":"LiquidBronze"},{"floor":11,"key":"Dexterity Potion"}],"is_trial":false,"path_per_floor":["M","M","?","?","M","R","M","E","T","R","E","?","E"],"character_chosen":"THE_SILENT","items_purchased":[],"campfire_rested":1,"item_purchase_floors":[],"current_hp_per_floor":[51,51,40,40,37,37,30,1,11,33,16,16,0,0],"gold":306,"neow_bonus":"BOSS_RELIC","is_daily":false,"chose_seed":false,"campfire_upgraded":1,"win_rate":0.0,"timestamp":1612651438,"path_taken":["M","M","?","?","?","R","M","E","T","R","E","?","E"],"items_purchased_type":[],"build_version":"2020-12-18","purchased_purges":0,"victory":false,"max_hp_per_floor":[66,66,66,66,66,66,66,66,76,76,76,76,76,76],"card_choices":[{"not_picked":["Prepared","Flying Knee"],"picked":"Choke","floor":1},{"not_picked":["Dodge and Roll","Quick Slash"],"picked":"Well Laid Plans","floor":2},{"not_picked":["Finisher","Dagger Spray"],"picked":"Blur","floor":5},{"not_picked":["Choke","Poisoned Stab"],"picked":"Slice","floor":7},{"not_picked":["Slice","Choke"],"picked":"Tools of the Trade","floor":8},{"not_picked":["Terror","Flying Knee"],"picked":"PiercingWail","floor":11}],"player_experience":1086032,"relics_obtained":[{"floor":8,"key":"Turnip"},{"floor":8,"key":"Meat on the Bone"},{"floor":9,"key":"Pear"},{"floor":11,"key":"Gambling Chip"},{"floor":11,"key":"HornCleat"}],"event_choices":[{"damage_healed":0,"gold_gain":75,"player_choice":"Gather Gold","damage_taken":11,"max_hp_gain":0,"max_hp_loss":0,"event_name":"World of Goop","floor":3,"gold_loss":0},{"damage_healed":0,"gold_gain":0,"player_choice":"Grow","damage_taken":0,"max_hp_gain":0,"max_hp_loss":0,"event_name":"Living Wall","floor":4,"gold_loss":0,"cards_upgraded":["Neutralize"]},{"damage_healed":0,"gold_gain":0,"cards_transformed":["Strike_G"],"player_choice":"Transformed","damage_taken":0,"max_hp_gain":0,"max_hp_loss":0,"event_name":"Transmorgrifier","floor":12,"gold_loss":0,"cards_obtained":["Quick Slash"]}],"is_beta":true,"boss_relics":[],"items_purged_floors":[],"is_endless":false,"potions_floor_spawned":[1,8,11],"killed_by":"Gremlin Nob","ascension_level":20}}