{"host":"7108daw7adv7mxyd","time":1612581512,"event":{"mods":["BaseMod","Minty Spire (QoL Compilation)","StSLib"],"gold_per_floor":[110,110,125,137,17,51,51,62,142,142,157,10,10,21,21,125,125,137,52,52,17,0,0,0],"floor_reached":23,"language":"ENG","playtime":1349,"items_purged":["Strike_G"],"score":223,"play_id":"615f1710-c853-453f-9b0f-57c3ffc9d6d7","local_time":"20210205221832","is_ascension_mode":true,"campfire_choices":[{"floor":7,"key":"RECALL"},{"floor":15,"key":"REST"}],"circlet_count":0,"master_deck":["Strike_G","Strike_G","Strike_G","Strike_G","Defend_G","Defend_G","Defend_G","Defend_G","Defend_G","Survivor","Neutralize","Concentrate","Cloak And Dagger","Deadly Poison","Acrobatics","A Thousand Cuts","Parasite","Blade Dance","Caltrops+1","Deadly Poison"],"relics":["Ring of the Snake","Ancient Tea Set","Gambling Chip","Frozen Egg 2","Lee\u0027s Waffle","Snecko Eye","Oddly Smooth Stone"],"acts_visited":["Exordium","TheCity"],"potions_floor_usage":[14,18],"damage_taken":[{"damage":4,"enemies":"2 Louse","floor":1,"turns":2},{"damage":0,"enemies":"Cultist","floor":3,"turns":4},{"damage":0,"enemies":"Small Slimes","floor":4,"turns":4},{"damage":62,"enemies":"3 Sentries","floor":6,"turns":21},{"damage":0,"enemies":"2 Fungi Beasts","floor":8,"turns":5},{"damage":11,"enemies":"3 Louse","floor":11,"turns":4},{"damage":14,"enemies":"Looter","floor":14,"turns":4},{"damage":39,"enemies":"The Guardian","floor":16,"turns":13},{"damage":20,"enemies":"Spheric Guardian","floor":18,"turns":5},{"damage":16,"enemies":"2 Thieves","floor":22,"turns":5},{"damage":63,"enemies":"Gremlin Leader","floor":23,"turns":9}],"seed_played":"38195368242816925","potions_obtained":[{"floor":3,"key":"FairyPotion"},{"floor":11,"key":"SkillPotion"},{"floor":16,"key":"SneckoOil"}],"is_trial":false,"path_per_floor":["M","?","M","M","$","E","R","M","T","?","M","$","?","M","R","B",null,"M","?","?","$","M","E"],"character_chosen":"THE_SILENT","items_purchased":["Acrobatics","Lee\u0027s Waffle","Caltrops+1"],"campfire_rested":1,"item_purchase_floors":[5,12,21],"current_hp_per_floor":[66,70,70,70,70,8,8,8,8,25,14,77,82,68,82,43,82,62,62,46,46,30,0,0],"gold":0,"neow_bonus":"RANDOM_COMMON_RELIC","is_daily":false,"chose_seed":false,"campfire_upgraded":0,"win_rate":0.0,"timestamp":1612581512,"path_taken":["M","?","?","M","?","E","R","?","T","?","M","$","?","M","R","BOSS","M","?","?","$","M","E"],"items_purchased_type":["Card","Relic","Card"],"build_version":"2020-12-22","purchased_purges":1,"victory":false,"max_hp_per_floor":[70,70,70,70,70,70,70,70,70,70,70,77,82,82,82,82,82,82,82,87,87,87,87,87],"card_choices":[{"not_picked":["Flying Knee","Prepared"],"picked":"Concentrate","floor":1},{"not_picked":["Flying Knee","Quick Slash"],"picked":"Cloak And Dagger","floor":3},{"not_picked":["Riddle With Holes","Cloak And Dagger"],"picked":"Deadly Poison","floor":4},{"not_picked":["Slice","Unload"],"picked":"A Thousand Cuts","floor":6},{"not_picked":["Acrobatics","Dagger Throw","PiercingWail"],"picked":"SKIP","floor":8},{"not_picked":["Setup","Choke","Cloak And Dagger"],"picked":"SKIP","floor":11},{"not_picked":["Distraction","Leg Sweep"],"picked":"Blade Dance","floor":14},{"not_picked":["Dagger Spray","Quick Slash","PiercingWail"],"picked":"SKIP","floor":18},{"not_picked":["Noxious Fumes+1","Deflect"],"picked":"Deadly Poison","floor":22}],"player_experience":305646,"relics_obtained":[{"floor":6,"key":"Gambling Chip"},{"floor":9,"key":"Frozen Egg 2"}],"event_choices":[{"damage_healed":4,"gold_gain":0,"player_choice":"Full Heal","damage_taken":0,"max_hp_gain":0,"max_hp_loss":0,"event_name":"Wheel of Change","floor":2,"gold_loss":0},{"damage_healed":17,"gold_gain":0,"player_choice":"Healed and dodged fight","damage_taken":0,"max_hp_gain":0,"max_hp_loss":0,"event_name":"Mushrooms","floor":10,"gold_loss":0,"cards_obtained":["Parasite"]},{"damage_healed":0,"gold_gain":0,"player_choice":"Donut","damage_taken":0,"max_hp_gain":5,"max_hp_loss":0,"event_name":"Big Fish","floor":13,"gold_loss":0},{"damage_healed":0,"gold_gain":0,"player_choice":"Obtained Relic","damage_taken":0,"relics_obtained":["Oddly Smooth Stone"],"max_hp_gain":0,"max_hp_loss":0,"event_name":"Addict","floor":19,"gold_loss":85},{"damage_healed":0,"gold_gain":0,"player_choice":"Shed Blood","damage_taken":21,"max_hp_gain":5,"max_hp_loss":0,"event_name":"Forgotten Altar","floor":20,"gold_loss":0}],"is_beta":false,"boss_relics":[{"not_picked":["Ectoplasm","Busted Crown"],"picked":"Snecko Eye"}],"items_purged_floors":[5],"is_endless":false,"potions_floor_spawned":[3,11,16],"killed_by":"Gremlin Leader","ascension_level":1}}