{"host":"27tk4xseidcli2mr","time":1612634521,"event":{"mods":["2.2 Compatiblity","AchievementEnabler","Aspiration","BaseMod","Better Third Choice","Conspire","Custom Start","Downfall","GungeonMod","Hubris","Infinite Spire","Jorbs\u0027s Wanderer Trilogy","Minty Spire (QoL Compilation)","Replay The Spire","StSLib","SuperFastMode","[IsaacMod]????"],"gold_per_floor":[99,119,139,139,239,239,308,335,414,426,426,17,17,33,48,153,153,153,163,163,183,201,229,229,245,245,245,274,7,107,107,122,122,122,122],"floor_reached":33,"language":"ENG","playtime":3819,"items_purged":["hexamod:Strike","Slimebound:Tackle+1","hexamod:Defend"],"score":310,"play_id":"367ac793-1044-4ec6-b1ae-e34fb20a1dc0","local_time":"20210206190201","is_ascension_mode":false,"campfire_choices":[{"floor":1.0,"key":"DIG"},{"data":"hexamod:RainOfEmbers","floor":11.0,"key":"SMITH"},{"floor":13.0,"key":"RECALL"},{"floor":18.0,"key":"DIG"},{"floor":27,"key":"REST"}],"circlet_count":0,"master_deck":["hexamod:Defend+1","hexamod:Defend+1","hexamod:Defend+1","hexamod:Sear","hexamod:Float","hexamod:NightmareGuise","hexamod:EtherealExpedition","hexamod:RainOfEmbers+1","hexamod:Rewind","hexamod:HeatCrush","hexamod:SoulSteal+1","hexamod:RainOfEmbers+1","hexamod:BurningTouch","hexamod:SixthSeal","hexamod:StepThrough","hexamod:SwordOfDarkness","hexamod:FastForward+1","hexamod:SpectralAdrenaline","Slimebound:Tackle+1","Slimebound:Tackle+1","hexamod:ShieldOfDarkness","hexamod:FirstSeal","hexamod:HauntingEcho","hexamod:AdvancingGuard","hexamod:FastForward","hexamod:BurningTouch+1"],"relics":["hexamod:UnbrokenSoul","HushsDoor","GuppysTail","Toy Ornithopter","hubris:Reverence","hexamod:MatchstickCase","DemoMod:GnawedKey","Matryoshka","Bird Faced Urn","hubris:TinFlute","BookofShadows","PreservedInsect","hubris:MedicalManual","DemoMod:JetPack","SharpPlug"],"acts_visited":["Exordium","TheCity"],"potions_floor_usage":[25,29,33,33],"damage_taken":[{"damage":2.0,"enemies":"2 Louse","floor":2.0,"turns":3.0},{"damage":0.0,"enemies":"Cultist","floor":3.0,"turns":5.0},{"damage":16.0,"enemies":"Lagavulin","floor":8.0,"turns":7.0},{"damage":0.0,"enemies":"Jaw Worm","floor":10.0,"turns":4.0},{"damage":1.0,"enemies":"downfall:FleeingMerchant","floor":12.0,"turns":4.0},{"damage":2.0,"enemies":"Blue Slaver","floor":14.0,"turns":3.0},{"damage":3.0,"enemies":"Gremlin Gang","floor":15.0,"turns":3.0},{"damage":47.0,"enemies":"DF_ARCHETYPE_STREAMLINE","floor":16.0,"turns":9.0},{"damage":8.0,"enemies":"3 Byrds","floor":19.0,"turns":3.0},{"damage":53.0,"enemies":"3 Cultists","floor":21.0,"turns":6.0},{"damage":5.0,"enemies":"Sentry and Sphere","floor":22.0,"turns":3.0},{"damage":0,"enemies":"conspire:Head Lice","floor":23,"turns":4},{"damage":9,"enemies":"conspire:HollyBat","floor":25,"turns":6},{"damage":21,"enemies":"Gremlin Leader","floor":28,"turns":3},{"damage":6,"enemies":"downfall:FleeingMerchant","floor":29,"turns":4},{"damage":0,"enemies":"WA_ARCHETYPE_RETAIN","floor":30,"turns":4},{"damage":7,"enemies":"Snake Plant","floor":32,"turns":3},{"damage":46,"enemies":"IC_MUSHROOM_ARCHETYPE","floor":33,"turns":10}],"seed_played":"-8720125256611554556","potions_obtained":[{"floor":10.0,"key":"PowerPotion"},{"floor":14.0,"key":"FearPotion"},{"floor":15.0,"key":"DistilledChaos"},{"floor":19.0,"key":"AttackPotion"},{"floor":25,"key":"Elixir"},{"floor":28,"key":"ColorlessPotion"},{"floor":32,"key":"SkillPotion"}],"is_trial":false,"path_per_floor":["R","M","M","?","?","?","T","E","T","M","R","$","R","M","M","B",null,"R","M","?","M","M","E","T","M","?","R","E","$","?","AVR","M","B"],"character_chosen":"THE_SPIRIT","items_purchased":["hexamod:SoulSteal+1","hexamod:MatchstickCase","DemoMod:GnawedKey","hexamod:FirstSeal","hexamod:HauntingEcho","hexamod:AdvancingGuard"],"campfire_rested":1,"item_purchase_floors":[12,12,12,29,29,29],"current_hp_per_floor":[77,75,75,75,75,75,75,59,59,59,59,58,58,56,53,6,77,77,69,55,7,7,7,7,7,7,31,10,11,20,20,24,0,0,0],"gold":122,"neow_bonus":"TEN_PERCENT_HP_BONUS","is_daily":false,"chose_seed":false,"campfire_upgraded":1,"win_rate":0.0,"timestamp":1612634521,"path_taken":["R","M","M","?","?","?","T","E","?","M","R","$","R","?","M","BOSS","R","M","?","?","M","E","T","M","?","R","E","$","?","AVR","M","BOSS"],"items_purchased_type":["Card","Relic","Relic","Card","Card","Card"],"build_version":"2020-12-22","purchased_purges":3,"victory":false,"max_hp_per_floor":[77,77,77,77,77,77,77,77,77,77,77,77,77,77,77,77,77,77,77,82,82,82,82,82,82,82,82,82,82,82,82,82,82,82,82],"card_choices":[{"not_picked":["hexamod:ThermalTransfer","hexamod:GhostOfSpireFuture"],"picked":"hexamod:NightmareGuise","floor":2.0},{"not_picked":["hexamod:GhostShield","hexamod:FastForward"],"picked":"hexamod:EtherealExpedition","floor":3.0},{"not_picked":["hexamod:ShieldOfDarkness","hexamod:SecondSeal"],"picked":"hexamod:RainOfEmbers","floor":8.0},{"not_picked":["hexamod:FirstSeal","hexamod:HauntingEcho"],"picked":"hexamod:Rewind","floor":10.0},{"not_picked":["hexamod:RetreatToShadows","hexamod:HauntingEcho"],"picked":"hexamod:HeatCrush","floor":12.0},{"not_picked":["hexamod:FirstSeal","hexamod:ShieldOfDarkness"],"picked":"hexamod:RainOfEmbers","floor":14.0},{"not_picked":["hexamod:Again","hexamod:HauntingEcho"],"picked":"hexamod:BurningTouch","floor":15.0},{"not_picked":["hexamod:FifthSeal","hexamod:GhostOfSpirePresent"],"picked":"hexamod:SixthSeal","floor":16.0},{"not_picked":["hexamod:Hexaguard","hexamod:BacktrackSmack+1"],"picked":"hexamod:StepThrough","floor":19.0},{"not_picked":["hexamod:NightmareGuise","hexamod:BacktrackSmack"],"picked":"hexamod:SwordOfDarkness","floor":21.0},{"not_picked":["hexamod:GhostLash","hexamod:GhostflameInferno","hexamod:Incineration"],"picked":"SKIP","floor":22.0},{"not_picked":["hexamod:SwordOfDarkness+1","hexamod:HeatMetal"],"picked":"hexamod:FastForward+1","floor":23},{"not_picked":["hexamod:ChargedBarrage+1","hexamod:HeatShield"],"picked":"hexamod:SpectralAdrenaline","floor":25},{"not_picked":["hexamod:GhostShield","hexamod:InspiringFlames"],"picked":"hexamod:ShieldOfDarkness","floor":28},{"not_picked":["hexamod:GhostLash","hexamod:FastForward","hexamod:HeatCrush"],"picked":"SKIP","floor":29},{"not_picked":["hexamod:CatchUp","hexamod:StepThrough+1"],"picked":"hexamod:FastForward","floor":30},{"not_picked":["hexamod:InspiringFlames","hexamod:TimeWarp"],"picked":"hexamod:BurningTouch+1","floor":32}],"player_experience":1331527,"relics_obtained":[{"floor":1.0,"key":"Toy Ornithopter"},{"floor":9.0,"key":"hubris:Reverence"},{"floor":18.0,"key":"Matryoshka"},{"floor":23,"key":"Bird Faced Urn"},{"floor":24,"key":"hubris:TinFlute"},{"floor":24,"key":"BookofShadows"},{"floor":28,"key":"PreservedInsect"},{"floor":30,"key":"hubris:MedicalManual"},{"floor":30,"key":"DemoMod:JetPack"}],"event_choices":[],"is_beta":false,"boss_relics":[{"not_picked":["Empty Cage","Calling Bell"],"picked":"hexamod:UnbrokenSoul"},{"not_picked":[]}],"items_purged_floors":[12,29,31],"is_endless":false,"potions_floor_spawned":[10,14,15,16,19,25,28,32],"killed_by":"IC_MUSHROOM_ARCHETYPE","ascension_level":0}}