{"host":"zf1gvustpgbojd4t","time":1612591691,"event":{"mods":["Act Like it!","BaseMod","Downfall","Hallownest","Map Debug Mod","Minty Spire (QoL Compilation)","MostiFishMod","Replay The Spire","StSLib"],"gold_per_floor":[99,114,128,158,172,206,258,358,371,371,371,171,196,214,227,330,330,230,243,257,357,5,15,38,65,65,78,108,108,108,136,156,251,251,251,267,277,96,96,115,115,144,194,208,208,224,224,234,245,245,245,277,7,7,7,7],"floor_reached":57,"language":"ZHS","playtime":2496,"items_purged":["champ:DancingMaster","champ:Defend+1","champ:Defend+1"],"score":1506,"play_id":"2d3095c1-0267-4df7-a72e-7b181d2d59af","local_time":"20210206140811","is_ascension_mode":false,"campfire_choices":[{"floor":1,"key":"RECALL"},{"data":"champ:IgnorePain","floor":10,"key":"SMITH"},{"data":"champ:FalseCounter","floor":12,"key":"SMITH"},{"floor":18,"key":"DIG"},{"data":"champ:CrookedStrike","floor":30,"key":"SMITH"},{"data":"champ:StrikeOfGenius","floor":35,"key":"SMITH"},{"data":"champ:ShieldWall","floor":54,"key":"SMITH"}],"circlet_count":0,"master_deck":["champ:Defend+1","champ:Execute","champ:Taunt+1","champ:BerserkersShout","champ:FanOfKnives+1","champ:FalseCounter+1","champ:Endure+1","champ:AdrenalArmor","champ:IgnorePain+1","champ:DefensiveShout+1","champ:BringItOn","champ:StrikeOfGenius","champ:Backstep","champ:RecklessLeap","champ:DeathBlow","champ:RecklessLeap","J.A.X.","champ:DefensiveShout","champ:FaceSlap","champ:CrookedStrike+1","Pot Of Greed","Pot Of Greed","champ:PreciseThrust","Pot Of Greed+1","champ:PreciseThrust","champ:Circumvent+1","champ:StrikeOfGenius+1","champ:FanOfKnives","champ:CalledShot+1","champ:DefensiveShout+1","champ:Shatter+1","champ:Taunt+1","Parasite","champ:PreemptiveStrike+1","champ:ShieldWall+1","champ:TornadoPunch","Pot Of Greed+1"],"relics":["champ:ChampionCrown","DaveBox","PatriotShield","Juzu Bracelet","Pen Nib","downfall:HeartBlessingBlue","downfall:HeartBlessingRed","SynthV:C4","Busted Crown","downfall:HeartBlessingGreen","War Paint","MutagenicStrength","Replay:Bottled Eggs","Grinning Jar","Strawberry","champ:BerserkersGuideToSlaughter","Calipers","Toxic Egg 2","Runic Pyramid","Medical Kit","Bottled Lightning","Regal Pillow","Smiling Mask","Replay:Rubber Ducky","Ornamental Fan","Membership Card","Vajra"],"acts_visited":["Exordium","TheCity","TheBeyond","TheEnding"],"potions_floor_usage":[6,56,56,56],"damage_taken":[{"damage":0,"enemies":"Small Slimes","floor":2,"turns":2},{"damage":0,"enemies":"2 Louse","floor":3,"turns":1},{"damage":0,"enemies":"Cultist","floor":5,"turns":1},{"damage":30,"enemies":"Lagavulin","floor":6,"turns":3},{"damage":15,"enemies":"downfall:Heads","floor":8,"turns":5},{"damage":20,"enemies":"Exordium Wildlife","floor":9,"turns":3},{"damage":31,"enemies":"Gremlin Nob","floor":13,"turns":3},{"damage":5,"enemies":"Blue Slaver","floor":14,"turns":2},{"damage":15,"enemies":"Large Slime","floor":15,"turns":2},{"damage":16,"enemies":"SI_SHIV_ARCHETYPE","floor":16,"turns":6},{"damage":20,"enemies":"Chosen","floor":19,"turns":3},{"damage":0,"enemies":"Shelled Parasite and Fungi","floor":20,"turns":1},{"damage":35,"enemies":"downfall:Augmenter","floor":21,"turns":4},{"damage":58,"enemies":"downfall:FleeingMerchant","floor":22,"turns":4},{"damage":70,"enemies":"Centurion and Healer","floor":23,"turns":3},{"damage":10,"enemies":"Book of Stabbing","floor":25,"turns":2},{"damage":25,"enemies":"Sentry and Sphere","floor":27,"turns":2},{"damage":5,"enemies":"Slavers","floor":28,"turns":3},{"damage":0,"enemies":"Book of Stabbing","floor":31,"turns":2},{"damage":0,"enemies":"Snecko","floor":32,"turns":3},{"damage":15,"enemies":"DF_ARCHETYPE_CLAW","floor":33,"turns":5},{"damage":0,"enemies":"3 Darklings","floor":36,"turns":1},{"damage":5,"enemies":"Orb Walker","floor":37,"turns":1},{"damage":5,"enemies":"downfall:FleeingMerchant","floor":38,"turns":2},{"damage":40,"enemies":"Maw","floor":40,"turns":4},{"damage":25,"enemies":"Reptomancer","floor":42,"turns":3},{"damage":15,"enemies":"Transient","floor":44,"turns":5},{"damage":55,"enemies":"Writhing Mass","floor":46,"turns":4},{"damage":79,"enemies":"4 Shapes","floor":48,"turns":3},{"damage":0,"enemies":"Jaw Worm Horde","floor":49,"turns":2},{"damage":76,"enemies":"IC_BLOCK_ARCHETYPE","floor":50,"turns":5},{"damage":40,"enemies":"downfall:CharBossMerchant","floor":52,"turns":5},{"damage":95,"enemies":"downfall:NeowBoss","floor":55,"turns":8},{"damage":45,"enemies":"downfall:NeowBossFinal","floor":56,"turns":8}],"seed_played":"6407839060027412213","potions_obtained":[{"floor":2,"key":"Strength Potion"},{"floor":3,"key":"Energy Potion"},{"floor":9,"key":"DuplicationPotion"},{"floor":13,"key":"Strength Potion"}],"is_trial":false,"path_per_floor":["R","M","M","?","M","E","T","?","M","R","?","R","E","M","M","B",null,"R","M","M","?","$","M","T","E","?","M","E","?","R","E","M","B",null,"R","M","M","$","?","M","T","E","?","M","?","M","?","M","M","B",null,"E","$","R","B","B",null],"character_chosen":"THE_CHAMP","items_purchased":["Replay:Bottled Eggs","Medical Kit","Bottled Lightning","Membership Card","Vajra"],"campfire_rested":0,"item_purchase_floors":[22,38,38,53,53],"current_hp_per_floor":[99,99,99,99,99,99,99,89,89,89,89,99,93,93,93,87,109,109,109,109,109,106,106,106,113,113,116,116,116,116,116,116,116,116,116,116,116,116,108,116,116,116,116,116,116,116,116,67,72,56,116,116,116,116,116,101],"gold":7,"neow_bonus":"TEN_PERCENT_HP_BONUS","is_daily":false,"chose_seed":false,"campfire_upgraded":5,"win_rate":0.0,"timestamp":1612591691,"path_taken":["R","M","M","?","M","E","T","?","M","R","?","R","E","M","M","BOSS","R","M","M","?","$","M","T","E","?","M","E","?","R","E","M","BOSS","R","M","M","$","?","M","T","E","?","M","?","M","?","M","M","BOSS","E","$","R","BOSS","BOSS"],"items_purchased_type":["Relic","Relic","Relic","Relic","Relic"],"build_version":"2020-12-22","purchased_purges":3,"victory":true,"max_hp_per_floor":[99,99,99,99,99,99,99,99,99,99,99,109,109,109,109,109,109,109,109,109,109,109,109,109,116,116,116,116,116,116,116,116,116,116,116,116,116,116,116,116,116,116,116,116,116,116,116,116,116,116,116,116,116,116,116,116],"card_choices":[{"not_picked":["champ:BringItOn","champ:FalseCounter"],"picked":"champ:BerserkersShout","floor":2},{"not_picked":["champ:BerserkersShout","champ:DefensiveShout"],"picked":"champ:FanOfKnives","floor":3},{"not_picked":["champ:TornadoPunch","champ:CrownThrow"],"picked":"champ:FalseCounter","floor":5},{"not_picked":["champ:Shatter","champ:CalledShot"],"picked":"champ:Endure","floor":6},{"not_picked":["champ:BerserkersShout","champ:CrownThrow"],"picked":"champ:AdrenalArmor","floor":8},{"not_picked":["champ:Lariat","champ:PreciseThrust"],"picked":"champ:DancingMaster","floor":9},{"not_picked":["champ:Parry","champ:CrookedStrike","champ:SkillfulDodge"],"picked":"SKIP","floor":13},{"not_picked":["champ:BerserkersShout","champ:Parry"],"picked":"champ:DefensiveShout","floor":14},{"not_picked":["champ:RapidStrikes","champ:Circumvent"],"picked":"champ:BringItOn","floor":15},{"not_picked":["champ:Improvising","champ:LastStand"],"picked":"champ:StrikeOfGenius","floor":16},{"not_picked":[],"picked":"champ:Backstep","floor":19},{"not_picked":[],"picked":"champ:RecklessLeap","floor":20},{"not_picked":[],"picked":"J.A.X.","floor":21},{"not_picked":[],"picked":"champ:DefensiveShout","floor":21},{"not_picked":[],"picked":"champ:FaceSlap","floor":22},{"not_picked":[],"picked":"champ:CrookedStrike","floor":23},{"not_picked":[],"picked":"champ:PreciseThrust","floor":25},{"not_picked":["champ:FaceSlap"],"picked":"SKIP","floor":27},{"not_picked":[],"picked":"champ:PreciseThrust","floor":28},{"not_picked":[],"picked":"champ:Circumvent+1","floor":31},{"not_picked":["champ:DefensiveShout+1"],"picked":"SKIP","floor":32},{"not_picked":[],"picked":"champ:StrikeOfGenius","floor":33},{"not_picked":[],"picked":"champ:FanOfKnives","floor":36},{"not_picked":[],"picked":"champ:CalledShot+1","floor":37},{"not_picked":[],"picked":"champ:DefensiveShout+1","floor":38},{"not_picked":["champ:PreemptiveStrike+1"],"picked":"SKIP","floor":40},{"not_picked":["champ:FalseCounter+1"],"picked":"SKIP","floor":42},{"not_picked":[],"picked":"champ:Shatter+1","floor":44},{"not_picked":["champ:AdrenalArmor+1"],"picked":"SKIP","floor":46},{"not_picked":[],"picked":"champ:PreemptiveStrike+1","floor":48},{"not_picked":[],"picked":"champ:ShieldWall","floor":49},{"not_picked":[],"picked":"champ:TornadoPunch","floor":52}],"player_experience":102980,"relics_obtained":[{"floor":6,"key":"Pen Nib"},{"floor":13,"key":"SynthV:C4"},{"floor":18,"key":"War Paint"},{"floor":21,"key":"MutagenicStrength"},{"floor":24,"key":"Grinning Jar"},{"floor":25,"key":"Strawberry"},{"floor":28,"key":"Calipers"},{"floor":31,"key":"Toxic Egg 2"},{"floor":41,"key":"Regal Pillow"},{"floor":42,"key":"Smiling Mask"},{"floor":43,"key":"Replay:Rubber Ducky"},{"floor":52,"key":"Ornamental Fan"}],"event_choices":[{"damage_healed":0,"gold_gain":0,"player_choice":"Ignored","damage_taken":0,"max_hp_gain":0,"max_hp_loss":0,"event_name":"Vampires","floor":29,"gold_loss":0}],"is_beta":false,"boss_relics":[{"not_picked":["OneHitWonderSystem","Coffee Dripper"],"picked":"Busted Crown"},{"not_picked":["Cursed Key","Replay:Wanted Poster"],"picked":"Runic Pyramid"}],"items_purged_floors":[22,38,53],"is_endless":false,"potions_floor_spawned":[2,3,9,13,16,21,23,25,27,28,37,42,44,48],"ascension_level":0}}