{"host":"szp1d6dso4pv7ddl","time":1612638868,"event":{"mods":["AchievementEnabler","Alarm Clock","BaseMod","Bestiary","Block Reminder","Colored Map","Colored Powertips","Curses Come First","Dark Map","Displayed Cursed Tome","Highlight Path","Minty Spire (QoL Compilation)","Permanent Neow","Quick Restart","Relic Sorter","Relic Stats","StSLib","Synergy Search"],"gold_per_floor":[110,21,35,60,72,105,105,180,253,253,280,280,205,224,224,296,296,312,24,36,0,0,27,27,27,27,55,55,55],"floor_reached":28,"language":"ENG","playtime":1770,"items_purged":["Strike_R","Bash"],"score":498,"play_id":"c77f9192-3496-41c9-b750-8b3a82d63157","local_time":"20210206111428","is_ascension_mode":true,"campfire_choices":[{"data":"Juggernaut","floor":7.0,"key":"SMITH"},{"data":"Flame Barrier","floor":10.0,"key":"SMITH"},{"floor":15,"key":"REST"},{"data":"True Grit","floor":25,"key":"SMITH"}],"circlet_count":0,"master_deck":["AscendersBane","Strike_R","Strike_R","Strike_R","Strike_R","Defend_R","Defend_R","Defend_R","Defend_R","Juggernaut+1","Flame Barrier+1","Rage","Shockwave","Armaments","Juggernaut","Havoc","Iron Wave+1","Impervious","Body Slam+1","Master of Strategy","Headbutt+1","True Grit+1","Sentinel"],"relics":["Burning Blood","Nunchaku","Strawberry","Oddly Smooth Stone","Molten Egg 2","Self Forming Clay","Runic Dome","Meat on the Bone","Turnip"],"acts_visited":["Exordium","TheCity"],"potions_floor_usage":[23,23],"damage_taken":[{"damage":12.0,"enemies":"Cultist","floor":1.0,"turns":4.0},{"damage":2.0,"enemies":"2 Louse","floor":3.0,"turns":4.0},{"damage":7.0,"enemies":"Small Slimes","floor":5.0,"turns":5.0},{"damage":20.0,"enemies":"3 Sentries","floor":6.0,"turns":7.0},{"damage":54,"enemies":"Gremlin Nob","floor":11,"turns":5},{"damage":3,"enemies":"Blue Slaver","floor":14,"turns":6},{"damage":24,"enemies":"Hexaghost","floor":16,"turns":10},{"damage":15,"enemies":"2 Thieves","floor":18,"turns":5},{"damage":15,"enemies":"Chosen","floor":20,"turns":5},{"damage":12,"enemies":"Book of Stabbing","floor":23,"turns":5},{"damage":48,"enemies":"Gremlin Leader","floor":27,"turns":10},{"damage":26,"enemies":"Colosseum Slavers","floor":28,"turns":4}],"seed_played":"-550309895004985188","potions_obtained":[{"floor":1.0,"key":"Regen Potion"},{"floor":3.0,"key":"DistilledChaos"},{"floor":11,"key":"Energy Potion"},{"floor":16,"key":"ColorlessPotion"},{"floor":20,"key":"Swift Potion"}],"is_trial":false,"path_per_floor":["M","$","M","T","M","E","R","?","T","R","E","?","$","M","R","B",null,"M","$","M","?","T","E","$","R","T","E","?"],"character_chosen":"IRONCLAD","items_purchased":["Rage","Master of Strategy"],"campfire_rested":1,"item_purchase_floors":[2,19],"current_hp_per_floor":[62,62,66,73,72,73,73,62,62,62,14,14,14,17,41,23,67,58,58,49,49,49,55,55,55,55,25,0,0],"gold":55,"neow_bonus":"ONE_RANDOM_RARE_CARD","is_daily":false,"chose_seed":false,"campfire_upgraded":3,"win_rate":0.0,"timestamp":1612638868,"path_taken":["M","$","M","?","M","E","R","?","T","R","E","?","?","?","R","BOSS","M","$","M","?","?","E","?","R","T","E","?"],"items_purchased_type":["Card","Card"],"build_version":"2020-12-22","purchased_purges":2,"victory":false,"max_hp_per_floor":[75,75,75,82,82,82,82,82,82,82,82,82,82,82,82,82,82,82,82,82,82,82,82,82,82,82,82,82,82],"relic_stats":{"Nunchaku":[0],"counters":[12,70],"Self Forming Clay":[54],"Turnip":[6],"obtain_stats":[{"Runic Dome":17,"Nunchaku":27,"Self Forming Clay":11,"Strawberry":4,"Oddly Smooth Stone":6,"Molten Egg 2":9,"Turnip":23,"Burning Blood":0,"Meat on the Bone":22},{"Runic Dome":7,"Nunchaku":11,"Self Forming Clay":5,"Strawberry":2,"Oddly Smooth Stone":4,"Molten Egg 2":4,"Turnip":10,"Burning Blood":0,"Meat on the Bone":9},{"Runic Dome":41,"Nunchaku":66,"Self Forming Clay":25,"Strawberry":8,"Oddly Smooth Stone":20,"Molten Egg 2":20,"Turnip":56,"Burning Blood":0,"Meat on the Bone":51}],"Burning Blood":66,"Meat on the Bone":24},"card_choices":[{"not_picked":["Pommel Strike","Thunderclap"],"picked":"Flame Barrier","floor":1.0},{"not_picked":["Warcry","Uppercut"],"picked":"Shockwave","floor":3.0},{"not_picked":["Blood for Blood","Feel No Pain"],"picked":"Armaments","floor":5.0},{"not_picked":["Wild Strike","Havoc"],"picked":"Juggernaut","floor":6.0},{"not_picked":["Blood for Blood+1","Infernal Blade"],"picked":"Havoc","floor":11},{"not_picked":["Wild Strike+1","Armaments"],"picked":"Iron Wave+1","floor":14},{"not_picked":["Bludgeon+1","Brutality"],"picked":"Impervious","floor":16},{"not_picked":["Pommel Strike+1","True Grit"],"picked":"Body Slam+1","floor":18},{"not_picked":["Cleave+1","Spot Weakness"],"picked":"Headbutt+1","floor":20},{"not_picked":["Wild Strike+1","Demon Form"],"picked":"True Grit","floor":23},{"not_picked":["Carnage+1","Perfected Strike+1"],"picked":"Sentinel","floor":27}],"player_experience":1380829,"relics_obtained":[{"floor":4.0,"key":"Strawberry"},{"floor":6.0,"key":"Oddly Smooth Stone"},{"floor":9.0,"key":"Molten Egg 2"},{"floor":11,"key":"Self Forming Clay"},{"floor":22,"key":"Meat on the Bone"},{"floor":23,"key":"Turnip"},{"floor":27,"key":"Nunchaku"}],"event_choices":[{"damage_healed":0.0,"max_hp_gain":0.0,"max_hp_loss":0.0,"gold_gain":75.0,"event_name":"World of Goop","player_choice":"Gather Gold","floor":8.0,"gold_loss":0.0,"damage_taken":11.0},{"damage_healed":0,"gold_gain":0,"player_choice":"Fled","damage_taken":0,"max_hp_gain":0,"max_hp_loss":0,"event_name":"Scrap Ooze","floor":12,"gold_loss":0},{"damage_healed":0,"gold_gain":0,"player_choice":"Paid Fearfully","damage_taken":0,"max_hp_gain":0,"max_hp_loss":0,"event_name":"Masked Bandits","floor":21,"gold_loss":36},{"damage_healed":0,"gold_gain":0,"player_choice":"Fight","damage_taken":0,"max_hp_gain":0,"max_hp_loss":0,"event_name":"Colosseum","floor":28,"gold_loss":0}],"is_beta":false,"boss_relics":[{"not_picked":["Black Blood","Mark of Pain"],"picked":"Runic Dome"}],"items_purged_floors":[13,19],"is_endless":false,"potions_floor_spawned":[1,3,11,16,18,20],"killed_by":"Colosseum Slavers","ascension_level":18}}