{"host":"sq533724ysd7e9og","time":1612593321,"event":{"mods":["AchievementEnabler","Act Like it!","Aspiration","Astrologer","BaseMod","Better Note","Better Third Choice","CapriCore","Colored Map","Conspire","Custom Start","Dio Mod","Dota2Spire","Friendly Minions","Gensokyo","Halation","Hermit","HololiveMod","Hubris","Infinite Spire","Koishi","KomeijiMod","LagranYue(?????)","Lobotomy","LobotomyExtend","Mad Scientist","Marisa????????","Minty Spire (QoL Compilation)","MostiFishMod","Replay The Spire","SOS???????","Shade Mod","Small Relic Pack","StSLib","The Administrix","The Animator","The Cursed","The Forsaken","The Gatherer","The Kombatant","The Servant 0.9.4","The Wild Card","Waifu the Spire","Yakumo Yukari mod","Yohane!","Yuyuko","??????REMEMod"],"gold_per_floor":[109,12,23,23,23,23,59,59,86,424,657,685,721,753,753,865,865,880,680,680,700,700,700,700,753,753,778,778,819,819,839,839,988,988,1002,1026,1059,936,106,147,147,166,166,51,105,190,292,31,31,91],"floor_reached":51,"language":"ENG","playtime":4342,"items_purged":["Sickly"],"score":1050,"play_id":"2195c43b-a04a-41b3-902a-680095184843","local_time":"25640206133521","is_ascension_mode":false,"campfire_choices":[{"floor":6.0,"key":"RECALL"},{"floor":15.0,"key":"REST"},{"data":"animator:Chris","floor":23.0,"key":"SMITH"},{"floor":28.0,"key":"REST"},{"data":"animator:Mikaela","floor":32.0,"key":"SMITH"},{"data":"animator:KrulTepes","floor":41.0,"key":"SMITH"},{"data":"animator:Kira","floor":49,"key":"SMITH"}],"circlet_count":0,"master_deck":["animator:Strike_OwariNoSeraph","animator:Defend_OwariNoSeraph","animator:Strike","animator:Strike","animator:Defend","animator:Defend","animator:Shinoa","animator:Mikaela+1","animator:Chris+1","MostiFishMod:Dislodge","animator:HiiragiShinya+1","animator:Entoma","animator:Yuuichirou+1","animator:Verdia","animator:Ciel+1","animator:Megumin+1","animator:Yoichi","animator:FeridBathory+1","animator:Shuna","conspire:SpireCoStock","conspire:SpireCoStock","conspire:SpireCoStock","conspire:SpireCoStock","Gensokyo:FourOfAKind","Gensokyo:FourOfAKind","Gensokyo:FourOfAKind","Gensokyo:FourOfAKind","animator:Millim+1","TheKombatant:skillWhiffPunish","Choke","Terror","MostiFishMod:WinterMarkForm","animator:Alexander+1","FlawlessForm","SfantasyHide_purple+1","FinalSpark","animator:KrulTepes+1","dioMod:BloodShield+1","animator:Kira+1","animator:Kagari","animator:Assassin","AdministrixMod:ImmortalPurity","Perseverance+1","animator:Shigure+1","animator:Yoichi","dioMod:LaserVision+1","Injury","Sword Boomerang+1","dioMod:CautiousMuda+1","Gensokyo:TarnishedGold","Gensokyo:BlemishedSteel"],"relics":["animator:LivingPicture","animator:TheMissingPiece","DaveBox","REME_ComplimentaryCards","animator:PurgingStone","LagranYue:RandomDrawCardRelic","Dota2Spire:ArcaneBoots","FeatherPendant","SynthV:TestCard","LetterFromLob","RedMistMask","Happy Flower","REME_LimitBreaker","War Paint","PatriotShield","PrismaticShard","Bottled Tornado","Bronze Scales","Replay:Baseball","Cursed Key","GoodDreamPillow","infinitespire:Satchel","infinitespire:Broken Mirror","Technique","Blood Vial","LagranYue:MagicReflectiveArmorRelic","Dota2Spire:PowerTreads","Dota2Spire:ArmletOfMordiggian","halation:Sosunser"],"acts_visited":["Gensokyo:Gensokyo","Gensokyo:Gensokyoer","Gensokyo:Gensokyoest"],"potions_floor_usage":[51,51],"damage_taken":[{"damage":1.0,"enemies":"Gensokyo:Gryphon","floor":1.0,"turns":3.0},{"damage":8.0,"enemies":"Gensokyo:3_Fairies","floor":3.0,"turns":5.0},{"damage":0.0,"enemies":"Gensokyo:Python","floor":7.0,"turns":2.0},{"damage":19.0,"enemies":"Gensokyo:Aya","floor":10.0,"turns":5.0},{"damage":2.0,"enemies":"Gensokyo:3_Kodama","floor":11.0,"turns":3.0},{"damage":0.0,"enemies":"Gensokyo:VengefulSpirit","floor":12.0,"turns":2.0},{"damage":0.0,"enemies":"Gensokyo:Mamizou","floor":13.0,"turns":6.0},{"damage":0.0,"enemies":"Gensokyo:LivingMonolith","floor":14.0,"turns":2.0},{"damage":0.0,"enemies":"Gensokyo:Reimu","floor":16.0,"turns":3.0},{"damage":0.0,"enemies":"Gensokyo:2_Gloops","floor":18.0,"turns":2.0},{"damage":5.0,"enemies":"Gensokyo:AngelMirror","floor":21.0,"turns":2.0},{"damage":3.0,"enemies":"Gensokyo:Tenshi","floor":25.0,"turns":3.0},{"damage":0.0,"enemies":"Gensokyo:Swordslinger","floor":27.0,"turns":2.0},{"damage":0.0,"enemies":"Gensokyo:Reisen","floor":29.0,"turns":2.0},{"damage":10.0,"enemies":"Gensokyo:Wraith","floor":31.0,"turns":2.0},{"damage":23.0,"enemies":"Gensokyo:Eternal_Rivals","floor":33.0,"turns":7.0},{"damage":0.0,"enemies":"Gensokyo:AncientGuardian","floor":35.0,"turns":1.0},{"damage":35.0,"enemies":"Gensokyo:AncientGuardian","floor":36.0,"turns":4.0},{"damage":0.0,"enemies":"Gensokyo:3_Boulders","floor":37.0,"turns":4.0},{"damage":0.0,"enemies":"Gensokyo:Doremy","floor":40.0,"turns":4.0},{"damage":0.0,"enemies":"Gensokyo:Rafflesia","floor":42.0,"turns":3.0},{"damage":0.0,"enemies":"Gensokyo:Sharpion","floor":45.0,"turns":3.0},{"damage":0.0,"enemies":"Gensokyo:AtlasGolem","floor":46.0,"turns":4.0},{"damage":0,"enemies":"Gensokyo:Yuyuko","floor":50,"turns":4},{"damage":0,"enemies":"Malkuth","floor":51,"turns":2},{"damage":0,"enemies":"Hod","floor":51,"turns":4},{"damage":0,"enemies":"Geburah","floor":51,"turns":16}],"seed_played":"7380131040563115033","potions_obtained":[{"floor":3.0,"key":"Weak Potion"},{"floor":7.0,"key":"AttackPotion"},{"floor":10.0,"key":"Dota2Spire:HealingSalve"},{"floor":12.0,"key":"Languid Potion"},{"floor":13.0,"key":"LiquidMemories"},{"floor":21.0,"key":"Elixir"},{"floor":25.0,"key":"Explosive Potion"},{"floor":29.0,"key":"Dota2Spire:HealingSalve"},{"floor":35.0,"key":"BlessingOfTheForge"},{"floor":40.0,"key":"Swift Potion"}],"is_trial":false,"path_per_floor":["M","COS","M","$","?","R","M","?","T","E","M","M","E","M","R_BF","B",null,"M","?","?","M","?","R","$","E","T","M","R","E","?","M","R","B",null,"M","?","M","?","$","E","R","M","T","$","M","M","?","COS","R","B",null],"character_chosen":"THE_ANIMATOR","items_purchased":["PrismaticShard","animator:Kira","infinitespire:Satchel","infinitespire:Broken Mirror","Technique","animator:Kagari","animator:Assassin","animator:Shigure+1"],"campfire_rested":2,"item_purchase_floors":[24,39,39,39,39,39,39,44],"current_hp_per_floor":[65,65,57,57,57,57,57,57,57,39,43,43,43,43,63,64,68,68,68,48,43,39,39,29,26,26,26,40,40,40,30,30,10,48,48,48,48,48,48,48,48,48,48,48,48,48,48,48,48,48],"gold":315,"neow_bonus":"RANDOM_COMMON_RELIC","is_daily":false,"chose_seed":false,"campfire_upgraded":4,"win_rate":0.0,"timestamp":1612593321,"path_taken":["M","COS","M","$","?","R","?","?","T","E","M","M","E","M","R_BF","BOSS","M","?","?","M","?","R","?","E","T","?","R","E","?","?","R","BOSS","M","?","M","?","?","E","R","M","T","$","?","M","?","COS","R","BOSS"],"items_purchased_type":["Relic","Card","Relic","Relic","Relic","Card","Card","Card"],"build_version":"2020-12-22","purchased_purges":1,"victory":true,"max_hp_per_floor":[66,66,66,66,66,66,66,66,66,67,67,67,67,67,67,68,68,68,68,48,48,48,48,48,48,48,48,48,48,48,48,48,48,48,48,48,48,48,48,48,48,48,48,48,48,48,48,48,48,48],"card_choices":[{"not_picked":["animator:Add","animator:Rena"],"picked":"animator:Darkness","floor":1.0},{"not_picked":["animator:Sonic","animator:Aqua","animator:Add","animator:MaesHughes"],"picked":"animator:Chris","floor":3.0},{"not_picked":["animator:Shion","animator:NarberalGamma","animator:Sonic","animator:Entoma"],"picked":"animator:HiiragiShinya","floor":7.0},{"not_picked":["animator:Sebas","animator:Archer","animator:Elesis","animator:HighElfArcher"],"picked":"animator:Entoma","floor":10.0},{"not_picked":["animator:Shigure","animator:Shinoa","animator:Yoichi","animator:HiiragiShinya"],"picked":"animator:Yuuichirou","floor":10.0},{"not_picked":["animator:Add","animator:Berserker","animator:NagisaMomoe","animator:Elsword"],"picked":"animator:Verdia","floor":11.0},{"not_picked":["animator:Hakurou","animator:Verdia","animator:Scar","animator:Assassin"],"picked":"animator:Ciel","floor":12.0},{"not_picked":["animator:Priestess","animator:YachiyoNanami","animator:Shalltear","animator:Chung"],"picked":"animator:Megumin","floor":13.0},{"not_picked":["animator:Mikaela","animator:Shigure","animator:Shinoa","animator:Mitsuba"],"picked":"animator:Yoichi","floor":14.0},{"not_picked":["animator:Father","animator:Boros","animator:Envy","animator:Kyubey"],"picked":"animator:FeridBathory","floor":16.0},{"not_picked":["animator:Geryuganshoop","animator:ElricEdward","animator:SilverFang","animator:Scar+1"],"picked":"animator:Shuna","floor":18.0},{"not_picked":["animator:Priestess","animator:Shigure","animator:ShinjiMatou","animator:IrohaTamaki+1"],"picked":"animator:Millim+1","floor":21.0},{"not_picked":["animator:Entoma","LagranYue:SkillDeathBolgCard","hermit:Glare+1","Gatherer:Duplicator"],"picked":"TheKombatant:skillWhiffPunish","floor":25.0},{"not_picked":["animator:Evileye","animator:PandorasActor","animator:Cocytus","animator:Sebas"],"picked":"animator:Shalltear","floor":27.0},{"not_picked":["MadScienceMod:ShrinkRay","LifeForTheDareDevil+1","animator:Sloth","LagranYue:SkillIncompleteArchCard"],"picked":"FollowUp","floor":29.0},{"not_picked":["Poisoned Stab","Cold Snap","GilgameshcomboA","Rewrite"],"picked":"animator:Alexander+1","floor":31.0},{"not_picked":["hubris:EnhanceAbility","Wraith Form v2","LoveAcrossDimensions_purple","Gatherer:LuckyClover"],"picked":"FlawlessForm","floor":33.0},{"not_picked":["animator:Azekura+1","Song of Papilio","ReplayTheSpireMod:The Works+1","Bait_Toxicbait_purple"],"picked":"SfantasyHide_purple+1","floor":35.0},{"not_picked":["animator:Mikaela","animator:Shigure","animator:Yoichi","animator:HiiragiShinya"],"picked":"animator:KrulTepes","floor":36.0},{"not_picked":["GravityBeat","animator:Cocytus+1","Ricochet+1","animator:Shuna"],"picked":"dioMod:BloodShield+1","floor":37.0},{"not_picked":["KokorosuKi+1","hermit:Snipe","animator:Ara","hermit:SprayPray+1"],"picked":"AdministrixMod:ImmortalPurity","floor":40.0},{"not_picked":["theForsaken:PreciseStrike","AdministrixMod:DiversionaryTactic+1","MadScienceMod:AssemblyLine","Gatherer:GatherMaterial"],"picked":"Perseverance+1","floor":42.0},{"not_picked":["animator:Shigure","animator:HiiragiShinya","animator:Mikaela","animator:Shinoa"],"picked":"animator:Yoichi","floor":45.0},{"not_picked":["Unstable Ward+1","Good Instincts+1","MadScienceMod:Browse","BloodySuit+1"],"picked":"dioMod:LaserVision+1","floor":46.0},{"not_picked":["TheCursedMod:SmokeScreen+1","animator:Tet+1","hermit:Quickdraw","EnergyRecoil+1"],"picked":"Sword Boomerang+1","floor":47},{"not_picked":["theWildCard:TheArcanaUnleashed","DarkRealmRedLine_purple","Reprogram","animator:Togame"],"picked":"dioMod:CautiousMuda+1","floor":47}],"player_experience":156553,"relics_obtained":[{"floor":1.0,"key":"SynthV:TestCard"},{"floor":1.0,"key":"LetterFromLob"},{"floor":3.0,"key":"RedMistMask"},{"floor":10.0,"key":"REME_LimitBreaker"},{"floor":13.0,"key":"War Paint"},{"floor":25.0,"key":"Bottled Tornado"},{"floor":26.0,"key":"Bronze Scales"},{"floor":29.0,"key":"Replay:Baseball"},{"floor":40.0,"key":"Blood Vial"},{"floor":40.0,"key":"LagranYue:MagicReflectiveArmorRelic"},{"floor":43.0,"key":"Dota2Spire:PowerTreads"},{"floor":47,"key":"Dota2Spire:ArmletOfMordiggian"}],"event_choices":[{"damage_healed":0.0,"max_hp_gain":0.0,"max_hp_loss":0.0,"gold_gain":0.0,"event_name":"conspire:Investor","player_choice":"Invest 4","floor":19.0,"gold_loss":0.0,"damage_taken":0.0}],"is_beta":false,"boss_relics":[{"not_picked":["Transparent","MoonlightInvasionPlan"],"picked":"PatriotShield"},{"not_picked":["Kintsugi","RhineSuit"],"picked":"Cursed Key"}],"items_purged_floors":[44],"is_endless":false,"potions_floor_spawned":[3,7,10,12,13,21,25,29,35,40],"ascension_level":0}}