{"host":"ek3xvuouaw6vk9if","time":1612642371,"event":{"mods":["BaseMod","BetterRewards","Curses Come First","Dark Map","Hubris","Minty Spire (QoL Compilation)","Permanent Neow","Quick Restart","Relic Stats","Replay The Spire","Robot Space Explorer","Spire Arcade","StSLib","The Cursed"],"gold_per_floor":[112,123,138,153,163,163,197,217,217,248,248,11,11,11,11,137,137,158,158,211,310,235,286,286,342,369,183,223,77,128,166,166,320,320,365,365,365,409,447,503,549,549,549,588,588,644,644,53,53,53],"floor_reached":51,"language":"ENG","playtime":2902,"items_purged":["TheCursedMod:Strike_TheCursed","TheCursedMod:Strike_TheCursed","TheCursedMod:Strike_TheCursed"],"score":1020,"play_id":"47dffd32-d4af-4753-84ad-70dcf4d67e1d","local_time":"20210206151251","is_ascension_mode":true,"campfire_choices":[{"data":"TheCursedMod:CursedStaff","floor":6,"key":"SMITH"},{"data":"TheCursedMod:SpitefulPlan","floor":13,"key":"SMITH"},{"floor":15,"key":"REST"},{"data":"TheCursedMod:VoidForm","floor":24,"key":"SMITH"},{"data":"Panacea","floor":32,"key":"SMITH"},{"data":"TheCursedMod:Stretching","floor":45,"key":"SMITH"},{"data":"ReplayTheSpireMod:Brewmster","floor":49,"key":"SMITH"}],"circlet_count":0,"master_deck":["TheCursedMod:Defend_TheCursed","TheCursedMod:Defend_TheCursed","TheCursedMod:Defend_TheCursed","TheCursedMod:Defend_TheCursed","TheCursedMod:CursedWand","TheCursedMod:CleanUpWorkshop+1","TheCursedMod:Dregs","TheCursedMod:CursedStaff+1","TheCursedMod:RapidMovement","TheCursedMod:Stretching+1","TheCursedMod:SmokeScreen","TheCursedMod:Obscuration","TheCursedMod:LuckyCharm+1","TheCursedMod:SpitefulStrike","TheCursedMod:SpitefulPlan+1","TheCursedMod:CollectTribute","Injury","TheCursedMod:VoidForm+1","hubris:Greed","TheCursedMod:CursedMace+1","Necronomicurse","TheCursedMod:CircleOfBlood+1","hubris:Greed","TheCursedMod:SpitefulStrike+1","hubris:Greed","Panacea+1","TheCursedMod:ReleasedKnowledge+1","TheCursedMod:DemonSword","hubris:Greed","hubris:Greed","TheCursedMod:Neurasthenia","Madness","Madness","TheCursedMod:Stretching+1","ReplayTheSpireMod:Brewmster+1"],"relics":["TheCursedMod:BlackMagic101","ReplayFunnel","Replay:Bottled Snecko","Mummified Hand","Golden Idol","TheCursedMod:OminousMark","Necronomicon","Durian","Singing Bowl","Vajra","Replay:Rubber Ducky","Pantograph","Busted Crown","Potion Belt","hubris:Towel","hubris:Zylophone","Chameleon Ring","Bag of Preparation","hubris:EmptyBottle"],"acts_visited":["Exordium","TheCity","TheBeyond"],"potions_floor_usage":[10,10,16,23,25,33,41,50,50,50,50,50,50,50,50],"damage_taken":[{"damage":8,"enemies":"Small Slimes","floor":1,"turns":5},{"damage":1,"enemies":"Cultist","floor":2,"turns":3},{"damage":0,"enemies":"Jaw Worm","floor":3,"turns":2},{"damage":1,"enemies":"3 Louse","floor":4,"turns":3},{"damage":3,"enemies":"Looter","floor":5,"turns":3},{"damage":27,"enemies":"Gremlin Nob","floor":7,"turns":5},{"damage":2,"enemies":"Red Slaver","floor":8,"turns":5},{"damage":10,"enemies":"Lagavulin","floor":10,"turns":5},{"damage":2,"enemies":"The Guardian","floor":16,"turns":10},{"damage":4,"enemies":"Chosen","floor":18,"turns":3},{"damage":0,"enemies":"Replay:Snechameleon","floor":23,"turns":4},{"damage":5,"enemies":"Slavers","floor":25,"turns":5},{"damage":0,"enemies":"Spheric Guardian","floor":28,"turns":4},{"damage":2,"enemies":"Replay:Snechameleon","floor":30,"turns":5},{"damage":0,"enemies":"Snecko","floor":31,"turns":2},{"damage":0,"enemies":"Automaton","floor":33,"turns":6},{"damage":8,"enemies":"3 Shapes","floor":35,"turns":3},{"damage":3,"enemies":"3 Darklings","floor":38,"turns":6},{"damage":0,"enemies":"Transient","floor":39,"turns":5},{"damage":0,"enemies":"Reptomancer","floor":40,"turns":6},{"damage":0,"enemies":"Jaw Worm Horde","floor":41,"turns":5},{"damage":15,"enemies":"3 Darklings","floor":44,"turns":5},{"damage":0,"enemies":"Nemesis","floor":46,"turns":7},{"damage":6,"enemies":"Replay:Hell Engine","floor":50,"turns":7}],"seed_played":"6782737313725958845","potions_obtained":[{"floor":1,"key":"SpeedPotion"},{"floor":5,"key":"SmokeBomb"},{"floor":7,"key":"FearPotion"},{"floor":8,"key":"PowerPotion"},{"floor":16,"key":"Explosive Potion"},{"floor":20,"key":"SkillPotion"},{"floor":20,"key":"Cursed Concoction"},{"floor":30,"key":"Strength Potion"},{"floor":31,"key":"FearPotion"},{"floor":33,"key":"Swift Potion"},{"floor":38,"key":"Adrenaline Potion"},{"floor":41,"key":"Swift Potion"},{"floor":44,"key":"Block Potion"}],"is_trial":false,"path_per_floor":["M","M","M","M","M","R","E","M","T","E","?","$","R","?","R","B",null,"M","?","?","?","?","E","R","E","T","$","M","$","E","M","R","B",null,"M","?","?","M","M","E","M","?","T","M","R","E","?","$","R","B",null],"character_chosen":"THE_CURSED","items_purchased":["TheCursedMod:CollectTribute","Panacea","Replay:Rubber Ducky","Bag of Preparation","hubris:EmptyBottle","ReplayTheSpireMod:Brewmster"],"campfire_rested":1,"item_purchase_floors":[12,27,29,48,48,48],"current_hp_per_floor":[67,66,66,65,62,62,35,33,33,23,23,23,23,23,45,43,75,71,55,25,25,25,50,50,51,51,51,55,55,61,63,63,84,84,86,75,75,74,86,90,92,92,92,83,83,85,85,85,85,90],"gold":53,"neow_bonus":"UPGRADE_CARD","is_daily":false,"chose_seed":false,"campfire_upgraded":6,"win_rate":0.0,"timestamp":1612642371,"path_taken":["M","M","M","M","M","R","E","M","T","E","?","?","R","?","R","BOSS","M","?","?","?","?","E","R","E","T","$","M","?","E","M","R","BOSS","M","?","?","M","?","E","M","?","T","M","R","E","?","?","R","BOSS"],"items_purchased_type":["Card","Card","Relic","Relic","Relic","Card"],"build_version":"2020-12-22","purchased_purges":3,"victory":true,"max_hp_per_floor":[75,75,75,75,75,75,75,75,75,75,75,75,75,75,75,75,75,75,75,75,75,75,80,80,82,82,82,82,82,82,84,84,84,84,86,86,86,88,88,90,92,92,92,94,94,96,96,96,96,96],"relic_stats":{"Busted Crown":24,"Singing Bowl":16,"counters":[24,114],"Mummified Hand":[71],"Golden Idol":456,"Pantograph":32,"Necronomicon":[37],"Bag of Preparation":[2],"obtain_stats":[{"ReplayFunnel":7,"Potion Belt":40,"TheCursedMod:BlackMagic101":0,"Singing Bowl":25,"Golden Idol":14,"Vajra":26,"Bag of Preparation":48,"hubris:Towel":42,"hubris:EmptyBottle":48,"Replay:Rubber Ducky":29,"hubris:Zylophone":43,"Busted Crown":34,"Chameleon Ring":46,"TheCursedMod:OminousMark":17,"Mummified Hand":10,"Pantograph":30,"Necronomicon":19,"Durian":23,"Replay:Bottled Snecko":9},{"ReplayFunnel":6,"Potion Belt":20,"TheCursedMod:BlackMagic101":0,"Singing Bowl":12,"Golden Idol":8,"Vajra":12,"Bag of Preparation":23,"hubris:Towel":21,"hubris:EmptyBottle":23,"Replay:Rubber Ducky":13,"hubris:Zylophone":21,"Busted Crown":16,"Chameleon Ring":23,"TheCursedMod:OminousMark":9,"Mummified Hand":8,"Pantograph":14,"Necronomicon":10,"Durian":11,"Replay:Bottled Snecko":7},{"ReplayFunnel":21,"Potion Belt":90,"TheCursedMod:BlackMagic101":0,"Singing Bowl":53,"Golden Idol":31,"Vajra":53,"Bag of Preparation":107,"hubris:Towel":95,"hubris:EmptyBottle":107,"Replay:Rubber Ducky":57,"hubris:Zylophone":95,"Busted Crown":70,"Chameleon Ring":107,"TheCursedMod:OminousMark":41,"Mummified Hand":31,"Pantograph":62,"Necronomicon":44,"Durian":48,"Replay:Bottled Snecko":26}]},"card_choices":[{"not_picked":["TheCursedMod:PrepareRite","TheCursedMod:CursedShiv"],"picked":"TheCursedMod:CursedStaff","floor":1},{"not_picked":["TheCursedMod:CursedAmulet","TheCursedMod:DoubleShield"],"picked":"TheCursedMod:RapidMovement","floor":2},{"not_picked":["TheCursedMod:CursedArmor","TheCursedMod:SpreadPlague"],"picked":"TheCursedMod:Stretching","floor":3},{"not_picked":["TheCursedMod:TacticalStrike","TheCursedMod:RapidMovement"],"picked":"TheCursedMod:SmokeScreen","floor":4},{"not_picked":["TheCursedMod:StingEye","TheCursedMod:FuryStrike"],"picked":"TheCursedMod:Obscuration","floor":5},{"not_picked":["TheCursedMod:TacticalStrike","TheCursedMod:WearCloak"],"picked":"TheCursedMod:LuckyCharm","floor":7},{"not_picked":["TheCursedMod:CursedMace","TheCursedMod:TroublousMinions"],"picked":"TheCursedMod:SpitefulStrike","floor":8},{"not_picked":["TheCursedMod:Stretching","TheCursedMod:CursedArmor"],"picked":"TheCursedMod:SpitefulPlan","floor":10},{"not_picked":["TheCursedMod:ParallelWorld","TheCursedMod:DarkBarrier"],"picked":"TheCursedMod:VoidForm","floor":16},{"not_picked":["TheCursedMod:SpitefulStrike","TheCursedMod:CursedAmulet"],"picked":"TheCursedMod:CursedMace+1","floor":18},{"not_picked":["TheCursedMod:CursedStaff","TheCursedMod:Obscuration"],"picked":"TheCursedMod:CircleOfBlood+1","floor":20},{"not_picked":["TheCursedMod:CircleOfCorruption","TheCursedMod:BlessingInDisguise"],"picked":"TheCursedMod:SpitefulStrike+1","floor":23},{"not_picked":["TheCursedMod:BlessingInDisguise+1","TheCursedMod:LuckyCharm+1","TheCursedMod:CircleOfAmplification"],"picked":"Singing Bowl","floor":25},{"not_picked":["TheCursedMod:CircleOfCorruption","TheCursedMod:SpreadPlague"],"picked":"TheCursedMod:ReleasedKnowledge+1","floor":28},{"not_picked":["TheCursedMod:CursedBlade","TheCursedMod:CircleOfAmplification"],"picked":"TheCursedMod:DemonSword","floor":30},{"not_picked":["TheCursedMod:CursedShiv+1","TheCursedMod:CursedBlade","TheCursedMod:CursedSpellbook"],"picked":"Singing Bowl","floor":31},{"not_picked":["TheCursedMod:ShockAndAwe","TheCursedMod:StunningStrike"],"picked":"TheCursedMod:Neurasthenia","floor":33},{"not_picked":["TheCursedMod:RavingStaff"],"picked":"Singing Bowl","floor":35},{"not_picked":["TheCursedMod:Stigma"],"picked":"Singing Bowl","floor":38},{"not_picked":[],"picked":"TheCursedMod:Stretching+1","floor":39},{"not_picked":["TheCursedMod:Stigma+1"],"picked":"Singing Bowl","floor":40},{"not_picked":["TheCursedMod:HellsGateOpen+1"],"picked":"Singing Bowl","floor":41},{"not_picked":["TheCursedMod:AshesToAshes"],"picked":"Singing Bowl","floor":44},{"not_picked":["TheCursedMod:WearCloak+1"],"picked":"Singing Bowl","floor":46}],"player_experience":538248,"relics_obtained":[{"floor":7,"key":"ReplayFunnel"},{"floor":9,"key":"Replay:Bottled Snecko"},{"floor":10,"key":"Mummified Hand"},{"floor":19,"key":"Necronomicon"},{"floor":23,"key":"Durian"},{"floor":25,"key":"Singing Bowl"},{"floor":26,"key":"Vajra"},{"floor":30,"key":"Pantograph"},{"floor":40,"key":"Potion Belt"},{"floor":43,"key":"hubris:Zylophone"},{"floor":46,"key":"Chameleon Ring"}],"event_choices":[{"damage_healed":0,"gold_gain":0,"player_choice":"Ignored","damage_taken":0,"max_hp_gain":0,"max_hp_loss":0,"event_name":"Fountain of Cleansing","floor":11,"gold_loss":0},{"damage_healed":0,"gold_gain":0,"player_choice":"Take Wound","damage_taken":0,"relics_obtained":["Golden Idol"],"max_hp_gain":0,"max_hp_loss":0,"event_name":"Golden Idol","floor":14,"gold_loss":0,"cards_obtained":["Injury"]},{"damage_healed":0,"gold_gain":0,"player_choice":"Obtained Book","damage_taken":16,"max_hp_gain":0,"max_hp_loss":0,"event_name":"Cursed Tome","floor":19,"gold_loss":0},{"damage_healed":0,"gold_gain":99,"player_choice":"Stole From Cult","damage_taken":0,"max_hp_gain":0,"max_hp_loss":0,"event_name":"Nest","floor":21,"gold_loss":0},{"cards_removed":["TheCursedMod:Strike_TheCursed"],"damage_healed":0,"gold_gain":0,"player_choice":"Gave Gold","damage_taken":0,"max_hp_gain":0,"max_hp_loss":0,"event_name":"Beggar","floor":22,"gold_loss":75},{"damage_healed":0,"gold_gain":0,"player_choice":"Embrace Madness","damage_taken":11,"max_hp_gain":0,"max_hp_loss":0,"event_name":"Winding Halls","floor":36,"gold_loss":0,"cards_obtained":["Madness","Madness"]},{"damage_healed":0,"gold_gain":0,"player_choice":"Ignored","damage_taken":0,"max_hp_gain":0,"max_hp_loss":0,"event_name":"SecretPortal","floor":37,"gold_loss":0}],"is_beta":false,"boss_relics":[{"not_picked":["hubris:RunicObelisk","Runic Pyramid"],"picked":"TheCursedMod:OminousMark"},{"not_picked":["Astrolabe","Velvet Choker"],"picked":"Busted Crown"}],"items_purged_floors":[12,27,48],"is_endless":false,"potions_floor_spawned":[1,5,7,8,16,30,31,33,38,39,41,44],"ascension_level":2}}