{"host":"tj6tjcyqgbd0xj5u","time":1612578212,"event":{"mods":["Aspiration","BaseMod","Better Match","BetterRewards","Challenge The Spire","Conspire","Defuse TimeMaze Blight","Downfall","Energized Spire","Evolution","GifTheSpireLib","Halation","Hubris","Infinite Spire","Minty Spire (QoL Compilation)","Replay The Spire","Reworked Bosses","Spikes Relics","StS++","StSLib","Stuff the Spire"],"gold_per_floor":[115,15,15,30,42,42,72,91,91,91,122,135,145,164,164,164,164],"floor_reached":16,"language":"ENG","playtime":619,"items_purged":[],"score":168,"play_id":"30aa045e-624a-4aab-a8a5-16a2fb692973","local_time":"20210205222332","is_ascension_mode":true,"campfire_choices":[{"data":"Limit Break","floor":6,"key":"SMITH"},{"data":"ReplayTheSpireMod:Muscle Training","floor":10,"key":"SMITH"},{"data":"Limit Break","floor":15,"key":"SMITH"}],"circlet_count":0,"master_deck":["StuffTheSpire:Incineration+1","StuffTheSpire:Incineration","StuffTheSpire:Incineration","StuffTheSpire:Incineration","StuffTheSpire:Incineration","Shrug It Off","Defend_R","Defend_R","Defend_R","Bash","Twin Strike","Limit Break+1","ReplayTheSpireMod:Muscle Training+1","Anger","ReplayTheSpireMod:LeadingStrike","Limit Break+1"],"relics":["Burning Blood","EVO:Axolotl","Dream Catcher","StuffTheSpire:Rhapsscallions","Centennial Puzzle"],"acts_visited":["Exordium"],"potions_floor_usage":[11,11,14,16],"damage_taken":[{"damage":0,"enemies":"Small Slimes","floor":1,"turns":2},{"damage":6,"enemies":"Cultist","floor":4,"turns":3},{"damage":12,"enemies":"Jaw Worm","floor":5,"turns":2},{"damage":20,"enemies":"Gremlin Nob","floor":7,"turns":4},{"damage":7,"enemies":"Gremlin Gang","floor":8,"turns":4},{"damage":31,"enemies":"Lagavulin","floor":11,"turns":6},{"damage":9,"enemies":"Red Slaver","floor":12,"turns":2},{"damage":4,"enemies":"Looter","floor":13,"turns":2},{"damage":0,"enemies":"3 Louse","floor":14,"turns":3},{"damage":50,"enemies":"The Guardian","floor":16,"turns":9}],"seed_played":"6100968644735809585","potions_obtained":[{"floor":1,"key":"ColorlessPotion"},{"floor":8,"key":"Weak Potion"},{"floor":11,"key":"PowerPotion"},{"floor":13,"key":"Dexterity Potion"}],"is_trial":false,"path_per_floor":["M","?","?","M","M","R","E","M","T","R","E","M","M","M","R","B"],"character_chosen":"IRONCLAD","items_purchased":[],"campfire_rested":0,"item_purchase_floors":[],"current_hp_per_floor":[80,80,80,80,74,74,60,59,63,63,38,35,37,43,43,0,0],"gold":164,"neow_bonus":"UPGRADE_CARD","is_daily":false,"chose_seed":false,"campfire_upgraded":3,"win_rate":0.0,"timestamp":1612578212,"path_taken":["M","?","?","?","M","R","E","M","T","R","E","M","M","M","R","BOSS"],"items_purchased_type":[],"build_version":"2020-12-22","purchased_purges":0,"victory":false,"max_hp_per_floor":[80,80,80,80,80,80,80,80,84,84,84,84,84,84,84,84,84],"card_choices":[{"not_picked":["StSpp:TheBiggerTheyAre","Perfected Strike","Anger"],"picked":"SKIP","floor":1},{"not_picked":["Heavy Blade","Clothesline"],"picked":"Twin Strike","floor":4},{"not_picked":["StuffTheSpire:Slingshot","Heavy Blade"],"picked":"Limit Break","floor":5},{"not_picked":["Feel No Pain","Anger"],"picked":"ReplayTheSpireMod:Muscle Training","floor":7},{"not_picked":["Rage","Ghostly Armor","hubris:ReadiedAction"],"picked":"SKIP","floor":8},{"not_picked":["Ghostly Armor","ReplayTheSpireMod:Limb From Limb"],"picked":"Anger","floor":11},{"not_picked":["Warcry","StuffTheSpire:Resist"],"picked":"ReplayTheSpireMod:LeadingStrike","floor":12},{"not_picked":["Battle Trance","Anger","StuffTheSpire:RockThrow"],"picked":"SKIP","floor":13},{"not_picked":["Replay:Undeath\u0027s Touch","Clothesline"],"picked":"Limit Break","floor":14}],"player_experience":117090,"relics_obtained":[{"floor":7,"key":"Dream Catcher"},{"floor":9,"key":"StuffTheSpire:Rhapsscallions"},{"floor":11,"key":"Centennial Puzzle"}],"event_choices":[{"damage_healed":0,"gold_gain":0,"player_choice":"Argue","damage_taken":0,"max_hp_gain":0,"max_hp_loss":0,"event_name":"conspire:LoneGhost","floor":2,"gold_loss":0}],"is_beta":false,"boss_relics":[],"items_purged_floors":[],"is_endless":false,"potions_floor_spawned":[1,8,11,13],"killed_by":"The Guardian","ascension_level":5}}