{"host":"qhn6g0owdgjb77rz","time":1612613360,"event":{"mods":["BaseMod","BetterRewards","Colored Map","Downfall","Minty Spire (QoL Compilation)","Relic Sorter","Reliquary","Spire Arcade","StSLib"],"gold_per_floor":[116,130,130,146,146,184,184,207,282,316,316,316,331,0,0,89,89,64,64,64,82,7,7,7],"floor_reached":23,"language":"ENG","playtime":2131,"items_purged":["Strike_R"],"score":568,"play_id":"ae119242-e112-4b39-aaf1-680980c603a0","local_time":"20210206210920","is_ascension_mode":true,"campfire_choices":[{"data":"Rampage","floor":7.0,"key":"SMITH"},{"data":"True Grit","floor":11.0,"key":"SMITH"},{"data":"Shrug It Off","floor":15.0,"key":"SMITH"}],"circlet_count":0,"master_deck":["AscendersBane","Strike_R","Strike_R","Strike_R","Defend_R","Defend_R","Defend_R","Defend_R","Bash","Rampage+1","True Grit+1","Finesse","Master of Strategy","Shrug It Off+1","Battle Trance","Burning Pact+1","Metallicize","True Grit"],"relics":["Burning Blood","Bird Faced Urn","Darkstone Periapt","reliquary:Knoch","reliquary:Sideboard","Ginger","Lee\u0027s Waffle","Golden Idol","Du-Vu Doll","reliquary:TuningFork","Gremlin Horn","Matryoshka","reliquary:BrokenClock","Potion Belt","Cursed Key"],"acts_visited":["Exordium","TheCity"],"potions_floor_usage":[21],"damage_taken":[{"damage":3.0,"enemies":"Small Slimes","floor":1.0,"turns":4.0},{"damage":1.0,"enemies":"Cultist","floor":2.0,"turns":3.0},{"damage":0.0,"enemies":"2 Louse","floor":4.0,"turns":2.0},{"damage":29.0,"enemies":"3 Sentries","floor":6.0,"turns":8.0},{"damage":0.0,"enemies":"Blue Slaver","floor":8.0,"turns":3.0},{"damage":11.0,"enemies":"Lagavulin","floor":10.0,"turns":6.0},{"damage":6.0,"enemies":"Looter","floor":13.0,"turns":4.0},{"damage":25.0,"enemies":"The Guardian","floor":16.0,"turns":13.0},{"damage":33,"enemies":"2 Thieves","floor":18,"turns":4},{"damage":28,"enemies":"3 Byrds","floor":21,"turns":7},{"damage":31,"enemies":"Gremlin Leader","floor":23,"turns":2}],"seed_played":"631115420539265055","potions_obtained":[{"floor":2.0,"key":"DuplicationPotion"},{"floor":18,"key":"Explosive Potion"},{"floor":21,"key":"LiquidMemories"}],"is_trial":false,"path_per_floor":["M","M","?","M","?","E","R","M","T","E","R","?","M","$","R","B",null,"M","$","?","M","$","E"],"character_chosen":"IRONCLAD","items_purchased":["Rampage","True Grit","Finesse","Darkstone Periapt","reliquary:Knoch","reliquary:Sideboard","Fruit Juice","Master of Strategy","Lee\u0027s Waffle","Weak Potion","reliquary:BrokenClock","Potion Belt"],"campfire_rested":0,"item_purchase_floors":[0,0,0,0,0,0,0,0,0,0,14,14],"current_hp_per_floor":[82,87,57,63,63,40,40,46,46,41,41,41,41,41,41,22,71,46,46,46,26,26,0,0],"gold":7,"neow_bonus":"","is_daily":false,"chose_seed":false,"campfire_upgraded":3,"win_rate":0.0,"timestamp":1612613360,"path_taken":["M","M","?","M","?","E","R","M","T","E","R","?","?","$","R","BOSS","M","?","?","M","$","E"],"items_purchased_type":["Card","Card","Card","Relic","Relic","Relic","Potion","Card","Relic","Potion","Relic","Relic"],"build_version":"2020-12-22","purchased_purges":1,"victory":false,"max_hp_per_floor":[82,87,87,87,87,87,87,87,87,87,87,87,87,87,87,87,87,87,87,87,87,87,87,87],"card_choices":[{"not_picked":["Fire Breathing","Clothesline"],"picked":"Shrug It Off","floor":1.0},{"not_picked":["Warcry","Wild Strike","Clash"],"picked":"SKIP","floor":2.0},{"not_picked":["Warcry","Wild Strike"],"picked":"Clash","floor":2.0},{"not_picked":["Power Through","Havoc"],"picked":"Battle Trance","floor":4.0},{"not_picked":["Wild Strike","Blood for Blood"],"picked":"Sentinel","floor":6.0},{"not_picked":["Wild Strike","Sentinel"],"picked":"Evolve","floor":8.0},{"not_picked":["Anger","Flex"],"picked":"Burning Pact","floor":10.0},{"not_picked":["Havoc","Cleave"],"picked":"Metallicize","floor":13.0},{"not_picked":["Limit Break","Impervious"],"picked":"Corruption","floor":16.0},{"not_picked":["Armaments","Wild Strike"],"picked":"Seeing Red","floor":18},{"not_picked":["Clothesline","Armaments"],"picked":"True Grit","floor":21}],"player_experience":670099,"relics_obtained":[{"floor":6.0,"key":"reliquary:TuningFork"},{"floor":9.0,"key":"Gremlin Horn"},{"floor":10.0,"key":"Matryoshka"}],"event_choices":[{"damage_healed":0.0,"max_hp_gain":0.0,"max_hp_loss":0.0,"gold_gain":0.0,"event_name":"Golden Idol","player_choice":"Take Damage","floor":3.0,"gold_loss":0.0,"damage_taken":30.0,"relics_obtained":["Golden Idol"]},{"damage_healed":0.0,"max_hp_gain":0.0,"max_hp_loss":0.0,"gold_gain":0.0,"event_name":"Upgrade Shrine","player_choice":"Upgraded","floor":12.0,"gold_loss":0.0,"damage_taken":0.0,"cards_upgraded":["Burning Pact"]},{"cards_removed":["Strike_R"],"damage_healed":0,"gold_gain":0,"player_choice":"Purged","damage_taken":0,"max_hp_gain":0,"max_hp_loss":0,"event_name":"Purifier","floor":20,"gold_loss":0}],"is_beta":false,"boss_relics":[{"not_picked":["Snecko Eye","expansioncontent:StudyCardRelic"],"picked":"Cursed Key"}],"items_purged_floors":[22],"is_endless":false,"potions_floor_spawned":[2,6,8,18,21],"killed_by":"Gremlin Leader","ascension_level":18}}