{"host":"2q4w55ev63ot6isg","time":1612600029,"event":{"mods":["Aspiration","BaseMod","Downfall","Hubris","Marisa????????","Minty Spire (QoL Compilation)","Replay The Spire","StSLib","The Cursed","The Jungle","The Servant 0.9.4"],"gold_per_floor":[117,127,52,63,81,116,116,146,146,146,163,26,26,36,94,189,189,205,221,71,83,103,128,128,128,152,152,152,181,205,217,229,344,356,387,446,111,111,131,131,148,148,148,23,23,23,36,68,68,68],"floor_reached":51,"language":"ENG","playtime":2018,"items_purged":["Strike_S","Strike_S","Pain"],"score":1139,"play_id":"29cb1267-337c-47f7-ac11-0034ad6eba6e","local_time":"20210206002709","is_ascension_mode":true,"campfire_choices":[{"data":"Potential","floor":7,"key":"SMITH"},{"data":"FloweringNight","floor":10,"key":"SMITH"},{"data":"Initiator","floor":24,"key":"SMITH"},{"data":"Alleviate","floor":27,"key":"SMITH"},{"data":"TimeWarp","floor":32,"key":"SMITH"},{"data":"TimeWarp","floor":40,"key":"SMITH"},{"data":"Dilation","floor":42,"key":"SMITH"},{"data":"Dilation","floor":45,"key":"SMITH"},{"data":"InstantArmor","floor":49,"key":"SMITH"}],"circlet_count":0,"master_deck":["Defend_S+1","Defend_S+1","KidneyShot","Exchange","Potential+1","ShatteredReality","InstantArmor+1","Potential+1","FloweringNight+1","BottledTime","BottledTime","BottledTime","Initiator+1","Alleviate+1","FlawlessForm","Potential+1","Barrier+1","SpecialFormula","TimeWarp+1","ShiftingGears","TimeWarp+1","Dilation+1","Potential+1","Potential+1","Dilation+1","Potential+1"],"relics":["Uniform","Guardian:PocketSentry","Ancient Tea Set","Replay:Bottled Eggs","War Paint","hubris:Backtick","Gambling Chip","PreservedInsect","Omamori","Necronomicon","Slimebound:StickyStick","MawBank","hubris:Towel","Empty Cage","Durian","Unceasing Top","downfall:ExtraCursedKey","Singing Bowl","champ:DuelingGlove"],"acts_visited":["Exordium","TheCity","TheBeyond"],"potions_floor_usage":[8,8,30,36,48],"damage_taken":[{"damage":0,"enemies":"Cultist","floor":1,"turns":3},{"damage":0,"enemies":"2 Louse","floor":2,"turns":2},{"damage":0,"enemies":"Small Slimes","floor":4,"turns":1},{"damage":0,"enemies":"Gremlin Gang","floor":5,"turns":3},{"damage":6,"enemies":"3 Sentries","floor":6,"turns":7},{"damage":0,"enemies":"Gremlin Nob","floor":8,"turns":3},{"damage":0,"enemies":"3 Louse","floor":11,"turns":2},{"damage":0,"enemies":"2 Fungi Beasts","floor":14,"turns":2},{"damage":0,"enemies":"Slime Boss","floor":16,"turns":3},{"damage":0,"enemies":"2 Thieves","floor":18,"turns":2},{"damage":0,"enemies":"Shell Parasite","floor":19,"turns":3},{"damage":0,"enemies":"Cultist and Chosen","floor":21,"turns":2},{"damage":0,"enemies":"Sentry and Sphere","floor":22,"turns":3},{"damage":0,"enemies":"Gremlin Leader","floor":23,"turns":4},{"damage":3,"enemies":"Book of Stabbing","floor":29,"turns":3},{"damage":0,"enemies":"Snecko","floor":30,"turns":3},{"damage":0,"enemies":"Automaton","floor":33,"turns":5},{"damage":0,"enemies":"3 Darklings","floor":35,"turns":4},{"damage":9,"enemies":"2 Orb Walkers","floor":36,"turns":3},{"damage":0,"enemies":"Orb Walker","floor":39,"turns":2},{"damage":0,"enemies":"Spire Growth","floor":41,"turns":2},{"damage":0,"enemies":"Transient","floor":47,"turns":5},{"damage":13,"enemies":"Reptomancer","floor":48,"turns":4},{"damage":0,"enemies":"Awakened One","floor":50,"turns":5}],"seed_played":"1289918571051165383","potions_obtained":[{"floor":1,"key":"DuplicationPotion"},{"floor":4,"key":"Ancient Potion"},{"floor":8,"key":"BlessingOfTheForge"},{"floor":14,"key":"SneckoOil"},{"floor":16,"key":"ColorlessPotion"},{"floor":19,"key":"Swift Potion"},{"floor":33,"key":"champ:CounterPotion"},{"floor":41,"key":"Explosive Potion"}],"is_trial":false,"path_per_floor":["M","M","$","M","M","E","R","E","T","R","M","$","?","M","R","B",null,"M","M","$","M","M","E","R","?","T","R","?","E","M","?","R","B",null,"M","?","$","?","M","R","M","R","T","$","R","$","M","E","R","B",null],"character_chosen":"THE_SERVANT","items_purchased":["BottledTime","PreservedInsect","Unceasing Top","Potential"],"campfire_rested":0,"item_purchase_floors":[12,20,37,37],"current_hp_per_floor":[65,65,65,65,65,59,59,59,59,59,59,59,59,59,59,59,65,65,65,65,65,65,65,65,49,49,49,49,51,56,56,56,61,65,65,61,61,61,66,66,70,70,70,70,70,70,72,64,64,69],"gold":68,"neow_bonus":"RANDOM_COMMON_RELIC","is_daily":false,"chose_seed":false,"campfire_upgraded":9,"win_rate":0.0,"timestamp":1612600029,"path_taken":["M","?","?","M","M","E","R","E","T","R","M","$","?","M","R","BOSS","M","?","$","?","M","E","R","?","T","R","?","E","?","?","R","BOSS","M","?","$","?","M","R","M","R","T","$","R","?","M","E","R","BOSS"],"items_purchased_type":["Card","Relic","Relic","Card"],"build_version":"2020-12-22","purchased_purges":3,"victory":true,"max_hp_per_floor":[65,65,65,65,65,65,65,65,65,65,65,65,65,65,65,65,65,65,65,65,65,65,65,65,65,65,65,65,65,65,65,65,65,65,65,70,70,70,70,70,70,70,70,70,70,70,72,72,72,72],"card_choices":[{"not_picked":["Snipe","Manipulate"],"picked":"Potential","floor":1},{"not_picked":["Revamp","Replace"],"picked":"ShatteredReality","floor":2},{"not_picked":["Starlight","Rewind","Unruled"],"picked":"SKIP","floor":4},{"not_picked":["BottledTime","DualDimension"],"picked":"InstantArmor","floor":5},{"not_picked":["TimeWarp","Gouge"],"picked":"Potential","floor":6},{"not_picked":["Rearm","Rewind"],"picked":"FloweringNight","floor":8},{"not_picked":["TimeTheft","Rearm"],"picked":"BottledTime","floor":11},{"not_picked":["MoonPhase","Spin"],"picked":"Alleviate","floor":14},{"not_picked":["TheWorld","Duplication"],"picked":"FlawlessForm","floor":16},{"not_picked":["Rearm","Spin+1","DoubleEdge"],"picked":"SKIP","floor":18},{"not_picked":["TimeWarp","DoubleEdge"],"picked":"Potential","floor":19},{"not_picked":["Rearm","Reset","FlawlessForm"],"picked":"SKIP","floor":21},{"not_picked":["FastForward","Ricochet"],"picked":"Barrier+1","floor":22},{"not_picked":["TimeWarp+1","DoubleEdge"],"picked":"SpecialFormula","floor":23},{"not_picked":["SilverBlades","ReturningBlade"],"picked":"ShiftingGears","floor":29},{"not_picked":["DoubleEdge+1","Replace"],"picked":"TimeWarp","floor":30},{"not_picked":["Sunlight","PendulumOfEternity"],"picked":"Dilation","floor":33},{"not_picked":["Ricochet","Starlight+1","RealityMarble"],"picked":"SKIP","floor":35},{"not_picked":["StarChef+1","RealityMarble"],"picked":"Potential+1","floor":36},{"not_picked":["Defy","ShatteredReality+1"],"picked":"Dilation","floor":39},{"not_picked":["FastForward+1","Ricochet+1","Replace+1"],"picked":"SKIP","floor":41},{"not_picked":["Desolation","Barrier","ShatteredReality+1"],"picked":"Singing Bowl","floor":47},{"not_picked":["DoubleEdge","Rearm"],"picked":"Potential+1","floor":48}],"player_experience":232148,"relics_obtained":[{"floor":6,"key":"Ancient Tea Set"},{"floor":8,"key":"Replay:Bottled Eggs"},{"floor":9,"key":"War Paint"},{"floor":23,"key":"Omamori"},{"floor":25,"key":"Necronomicon"},{"floor":26,"key":"Slimebound:StickyStick"},{"floor":29,"key":"MawBank"},{"floor":36,"key":"Durian"},{"floor":43,"key":"Singing Bowl"},{"floor":48,"key":"champ:DuelingGlove"}],"event_choices":[{"damage_healed":0,"gold_gain":0,"cards_transformed":["Strike_S"],"player_choice":"Transformed","damage_taken":0,"max_hp_gain":0,"max_hp_loss":0,"event_name":"Transmorgrifier","floor":13,"gold_loss":0,"cards_obtained":["Initiator"]},{"damage_healed":0,"gold_gain":0,"player_choice":"Obtained Book","damage_taken":16,"max_hp_gain":0,"max_hp_loss":0,"event_name":"Cursed Tome","floor":25,"gold_loss":0},{"damage_healed":0,"gold_gain":0,"cards_transformed":["Strike_S"],"player_choice":"Transformed","damage_taken":0,"max_hp_gain":0,"max_hp_loss":0,"event_name":"Transmorgrifier","floor":28,"gold_loss":0,"cards_obtained":["TimeWarp"]},{"damage_healed":0,"gold_gain":0,"player_choice":"Fight","damage_taken":0,"max_hp_gain":0,"max_hp_loss":0,"event_name":"Mysterious Sphere","floor":36,"gold_loss":0}],"is_beta":false,"boss_relics":[{"not_picked":["bronze:MakeshiftBattery","aspiration:RunicSpoon"],"picked":"hubris:Backtick"},{"not_picked":["Philosopher\u0027s Stone","hubris:VirtuousBlindfold"],"picked":"Empty Cage"}],"items_purged_floors":[3,12,44],"is_endless":false,"potions_floor_spawned":[1,4,8,14,16,19,23,29,33,35,41],"ascension_level":3}}