{"host":"ydg0vn0pu4pubmdt","time":1612613371,"event":{"mods":["AchievementEnabler","BaseMod","Colored Map","Gold Saver","Minty Spire (QoL Compilation)","Quick Restart","SuperFastMode"],"gold_per_floor":[110,35,35,35,55,90,90,124,124,124,143,143,172,184,184,261,261,272,287,307,307,75,75,107,107,107,127,154,154,166,196,196,273,273,288,308,308,530,549,582,601,281,281,291,9,39,51,68,68,68,68,68,68,26,52,52],"floor_reached":57,"language":"KOR","playtime":2667,"items_purged":["Strike_P","Strike_P","Defend_P"],"score":2854,"play_id":"d0eb38e6-c826-44c4-9fe5-182e145c57dd","local_time":"20210206210931","is_ascension_mode":true,"campfire_choices":[{"data":"Eruption","floor":7.0,"key":"SMITH"},{"floor":12.0,"key":"REST"},{"data":"FlurryOfBlows","floor":15.0,"key":"SMITH"},{"data":"Vault","floor":23.0,"key":"SMITH"},{"data":"TalkToTheHand","floor":25.0,"key":"SMITH"},{"data":"Adaptation","floor":32.0,"key":"SMITH"},{"floor":49.0,"key":"RECALL"},{"data":"Scrawl","floor":53.0,"key":"SMITH"}],"circlet_count":0,"master_deck":["AscendersBane","Strike_P","Defend_P+1","Defend_P","Defend_P","Eruption+1","Vigilance+1","ReachHeaven+1","TalkToTheHand+1","FlurryOfBlows+1","EmptyBody","Vault+1","TalkToTheHand+1","Adaptation+1","Thinking Ahead","FearNoEvil","Master of Strategy","EmptyMind+1","Scrawl+1"],"relics":["PureWater","NeowsBlessing","Pocketwatch","Boot","Anchor","Gambling Chip","War Paint","VioletLotus","Orrery","Kunai","Pear","MealTicket","Red Mask","Philosopher\u0027s Stone","Shuriken","Membership Card","TheAbacus","Ornamental Fan","Darkstone Periapt","Blue Candle"],"acts_visited":["Exordium","TheCity","TheBeyond","TheEnding"],"potions_floor_usage":[56,56],"damage_taken":[{"damage":0.0,"enemies":"2 Louse","floor":1.0,"turns":1.0},{"damage":0.0,"enemies":"Jaw Worm","floor":5.0,"turns":1.0},{"damage":0.0,"enemies":"3 Sentries","floor":6.0,"turns":1.0},{"damage":9.0,"enemies":"Lagavulin","floor":8.0,"turns":6.0},{"damage":0.0,"enemies":"Small Slimes","floor":11.0,"turns":2.0},{"damage":10.0,"enemies":"3 Sentries","floor":13.0,"turns":3.0},{"damage":0.0,"enemies":"Exordium Thugs","floor":14.0,"turns":2.0},{"damage":0.0,"enemies":"Slime Boss","floor":16.0,"turns":4.0},{"damage":1.0,"enemies":"3 Byrds","floor":18.0,"turns":6.0},{"damage":0.0,"enemies":"2 Thieves","floor":19.0,"turns":2.0},{"damage":0.0,"enemies":"Centurion and Healer","floor":20.0,"turns":3.0},{"damage":10.0,"enemies":"Book of Stabbing","floor":24.0,"turns":2.0},{"damage":10.0,"enemies":"Snecko","floor":27.0,"turns":5.0},{"damage":1.0,"enemies":"Snake Plant","floor":30.0,"turns":5.0},{"damage":1.0,"enemies":"Masked Bandits","floor":31.0,"turns":5.0},{"damage":37.0,"enemies":"Champ","floor":33.0,"turns":12.0},{"damage":0.0,"enemies":"Orb Walker","floor":35.0,"turns":3.0},{"damage":0.0,"enemies":"3 Darklings","floor":36.0,"turns":6.0},{"damage":0.0,"enemies":"Maw","floor":39.0,"turns":7.0},{"damage":30.0,"enemies":"Reptomancer","floor":40.0,"turns":7.0},{"damage":0.0,"enemies":"Sphere and 2 Shapes","floor":41.0,"turns":4.0},{"damage":3.0,"enemies":"Transient","floor":44.0,"turns":7.0},{"damage":0.0,"enemies":"Giant Head","floor":46.0,"turns":7.0},{"damage":0.0,"enemies":"4 Shapes","floor":47.0,"turns":4.0},{"damage":0.0,"enemies":"Spire Growth","floor":48.0,"turns":3.0},{"damage":16.0,"enemies":"Donu and Deca","floor":50.0,"turns":7.0},{"damage":10.0,"enemies":"Time Eater","floor":51.0,"turns":8.0},{"damage":10.0,"enemies":"Shield and Spear","floor":55.0,"turns":6.0},{"damage":10,"enemies":"The Heart","floor":56,"turns":9}],"seed_played":"-8597548900729813738","potions_obtained":[{"floor":5.0,"key":"PowerPotion"},{"floor":6.0,"key":"Weak Potion"},{"floor":8.0,"key":"Dexterity Potion"},{"floor":13.0,"key":"SkillPotion"},{"floor":16.0,"key":"Dexterity Potion"},{"floor":19.0,"key":"AttackPotion"},{"floor":24.0,"key":"PowerPotion"},{"floor":27.0,"key":"Fruit Juice"},{"floor":39.0,"key":"Explosive Potion"},{"floor":40.0,"key":"ColorlessPotion"},{"floor":47.0,"key":"Fire Potion"}],"is_trial":false,"path_per_floor":["M","?","$","?","M","E","R","E","T","?","M","R","E","M","R","B",null,"M","M","M","?","$","R","E","R","T","M","T","?","M","?","R","B",null,"M","M","?","?","M","E","M","$","T","M","$","E","M","M","R","B","B",null,"R","$","E","B",null],"character_chosen":"WATCHER","items_purchased":["Orrery","Membership Card","Master of Strategy","TheAbacus","Ornamental Fan","DuplicationPotion"],"campfire_rested":1,"item_purchase_floors":[22,42,42,45,45,54],"current_hp_per_floor":[61,61,61,50,50,50,50,41,41,21,21,41,31,31,31,31,59,58,58,58,58,58,58,48,48,58,53,53,53,52,51,51,14,66,66,66,56,56,56,26,26,41,41,38,53,53,53,53,53,37,27,69,69,83,73,63],"gold":52,"neow_bonus":"THREE_ENEMY_KILL","is_daily":false,"chose_seed":false,"campfire_upgraded":6,"win_rate":0.0,"timestamp":1612613371,"path_taken":["M","?","$","?","M","E","R","E","T","?","M","R","E","M","R","BOSS","M","M","M","?","?","R","E","R","T","?","?","?","M","?","R","BOSS","M","M","?","?","M","E","M","$","T","M","$","E","M","M","R","BOSS","BOSS","R","$","E","BOSS"],"items_purchased_type":["Relic","Relic","Card","Relic","Relic","Potion"],"build_version":"2020-12-22","purchased_purges":3,"victory":true,"max_hp_per_floor":[68,68,68,68,68,68,68,68,68,68,68,68,68,68,68,68,68,68,68,68,68,68,68,68,68,78,83,83,83,83,83,83,83,83,83,83,83,83,83,83,83,83,83,83,83,83,83,83,83,83,83,83,83,83,83,83],"card_choices":[{"not_picked":["EmptyBody","ThirdEye"],"picked":"ReachHeaven","floor":1.0},{"not_picked":["ThirdEye","PathToVictory","JustLucky"],"picked":"SKIP","floor":5.0},{"not_picked":["Indignation","FlurryOfBlows"],"picked":"TalkToTheHand","floor":6.0},{"not_picked":["Prostrate","Evaluate","Collect"],"picked":"SKIP","floor":8.0},{"not_picked":["MentalFortress","BowlingBash"],"picked":"FlurryOfBlows","floor":11.0},{"not_picked":["CutThroughFate","EmptyMind","ReachHeaven"],"picked":"SKIP","floor":13.0},{"not_picked":["DevaForm","FlyingSleeves"],"picked":"EmptyBody","floor":14.0},{"not_picked":["FlyingSleeves","TalkToTheHand","Consecrate"],"picked":"SKIP","floor":18.0},{"not_picked":["Prostrate","SashWhip","FlyingSleeves+1"],"picked":"SKIP","floor":19.0},{"not_picked":["Prostrate","SashWhip","FlyingSleeves+1"],"picked":"SKIP","floor":19.0},{"not_picked":["TalkToTheHand","Prostrate","Consecrate"],"picked":"SKIP","floor":20.0},{"not_picked":["Consecrate","FlurryOfBlows"],"picked":"Vault","floor":22.0},{"not_picked":["FollowUp+1","Vengeance"],"picked":"TalkToTheHand","floor":24.0},{"not_picked":["Scrawl","Study"],"picked":"Adaptation","floor":27.0},{"not_picked":["SashWhip","Perseverance","Protect"],"picked":"SKIP","floor":30.0},{"not_picked":["Pray","ClearTheMind","JustLucky"],"picked":"SKIP","floor":35.0},{"not_picked":["BattleHymn","Protect+1","ReachHeaven"],"picked":"SKIP","floor":36.0},{"not_picked":["PanicButton","Good Instincts"],"picked":"Thinking Ahead","floor":37.0},{"not_picked":["PathToVictory","Sanctity+1","WreathOfFlame"],"picked":"SKIP","floor":39.0},{"not_picked":["FollowUp","FlyingSleeves","ThirdEye"],"picked":"SKIP","floor":40.0},{"not_picked":["Sanctity","Study"],"picked":"FearNoEvil","floor":41.0},{"not_picked":["JustLucky","CrushJoints","Consecrate"],"picked":"SKIP","floor":44.0},{"not_picked":["DeceiveReality+1","Fasting2+1"],"picked":"EmptyMind+1","floor":46.0},{"not_picked":["Consecrate","JustLucky"],"picked":"Scrawl","floor":47.0},{"not_picked":["LikeWater","Halt","JustLucky"],"picked":"SKIP","floor":48.0},{"not_picked":["WheelKick","Indignation","BattleHymn"],"picked":"SKIP","floor":55.0}],"player_experience":646497,"relics_obtained":[{"floor":6.0,"key":"Boot"},{"floor":8.0,"key":"Anchor"},{"floor":9.0,"key":"Gambling Chip"},{"floor":13.0,"key":"War Paint"},{"floor":24.0,"key":"Kunai"},{"floor":26.0,"key":"Pear"},{"floor":28.0,"key":"MealTicket"},{"floor":31.0,"key":"Red Mask"},{"floor":40.0,"key":"Shuriken"},{"floor":46.0,"key":"Darkstone Periapt"},{"floor":55.0,"key":"Blue Candle"}],"event_choices":[{"cards_removed":["Strike_P"],"damage_healed":0.0,"max_hp_gain":0.0,"max_hp_loss":0.0,"gold_gain":0.0,"event_name":"The Cleric","player_choice":"Card Removal","floor":2.0,"gold_loss":75.0,"damage_taken":0.0},{"damage_healed":0.0,"max_hp_gain":0.0,"max_hp_loss":0.0,"gold_gain":0.0,"event_name":"Scrap Ooze","player_choice":"Success","floor":4.0,"gold_loss":0.0,"damage_taken":11.0,"relics_obtained":["Pocketwatch"]},{"damage_healed":0.0,"max_hp_gain":0.0,"max_hp_loss":0.0,"gold_gain":0.0,"event_name":"Shining Light","player_choice":"Entered Light","floor":10.0,"gold_loss":0.0,"damage_taken":20.0,"cards_upgraded":["ReachHeaven","TalkToTheHand"]},{"damage_healed":0.0,"max_hp_gain":0.0,"max_hp_loss":0.0,"gold_gain":0.0,"event_name":"Match and Keep!","player_choice":"0 cards matched","floor":21.0,"gold_loss":0.0,"damage_taken":0.0,"cards_obtained":[]},{"damage_healed":0.0,"max_hp_gain":0.0,"max_hp_loss":0.0,"gold_gain":0.0,"event_name":"Ghosts","player_choice":"Ignored","floor":29.0,"gold_loss":0.0,"damage_taken":0.0},{"damage_healed":0.0,"max_hp_gain":0.0,"max_hp_loss":0.0,"gold_gain":0.0,"event_name":"Masked Bandits","player_choice":"Fought Bandits","floor":31.0,"gold_loss":0.0,"damage_taken":0.0},{"damage_healed":0.0,"max_hp_gain":0.0,"max_hp_loss":0.0,"gold_gain":0.0,"event_name":"SensoryStone","player_choice":"Memory 3","floor":37.0,"gold_loss":0.0,"damage_taken":10.0},{"damage_healed":0.0,"max_hp_gain":0.0,"max_hp_loss":0.0,"gold_gain":222.0,"event_name":"Tomb of Lord Red Mask","player_choice":"Wore Mask","floor":38.0,"gold_loss":0.0,"damage_taken":0.0}],"is_beta":false,"boss_relics":[{"not_picked":["Runic Pyramid","Calling Bell"],"picked":"VioletLotus"},{"not_picked":["Astrolabe","Pandora\u0027s Box"],"picked":"Philosopher\u0027s Stone"}],"items_purged_floors":[22,42,45],"is_endless":false,"potions_floor_spawned":[5,6,8,13,16,19,24,27,39,40,47],"ascension_level":20}}