{"host":"lmshf3swj20gmdor","time":1612605436,"event":{"mods":["2.2 Compatiblity","BaseMod","Conspire","Downfall","Googly Eyes","Hubris","Minty Spire (QoL Compilation)","Replay The Spire","Spikes Relics","StSLib","Synergy Search","The Servant 0.9.4"],"gold_per_floor":[99,84,104,116,135,135,135,35,53,53,70,80,80,99,116,219,219,219,204,189,205,550,579,634,669,686,718,732,732,749,762,762,762,762],"floor_reached":32,"language":"ENG","playtime":1243,"items_purged":[],"score":351,"play_id":"90b80ff5-6721-4bd1-8fe2-acd56e6568e4","local_time":"20210206095716","is_ascension_mode":true,"campfire_choices":[{"floor":1,"key":"RECALL"},{"data":"bronze:BugBarrage","floor":8,"key":"SMITH"},{"floor":13,"key":"REST"},{"floor":29,"key":"REST"}],"circlet_count":0,"master_deck":["bronze:Strike","bronze:Strike","bronze:Strike","bronze:Strike","bronze:Defend","bronze:Defend","bronze:Defend","bronze:Defend","bronze:Replicate","bronze:Goto","Poisoned Strike+1","bronze:Iterate+1","bronze:BugBarrage+1","bronze:BugBarrage","bronze:Repair","bronze:Iterate","bronze:FineTuning","bronze:AlphaBuild","bronze:Iterate+1","bronze:HardenedForm","bronze:BugBarrage+1","bronze:ItsAFeature","bronze:Iterate+1","bronze:Optimize+1","bronze:Boost"],"relics":["bronze:BronzeCore","BlackRope","downfall:HeartBlessingRed","hubris:Backtick","Guardian:GemstoneGun","RetroEgg","Bronze Scales","Simple Rune","Nunchaku"],"acts_visited":["Exordium","TheCity"],"potions_floor_usage":[16,16,16,25,30,30,31,32],"damage_taken":[{"damage":0,"enemies":"downfall:FleeingMerchant","floor":2,"turns":4},{"damage":0,"enemies":"Cultist","floor":3,"turns":2},{"damage":9,"enemies":"2 Louse","floor":4,"turns":3},{"damage":7,"enemies":"Jaw Worm","floor":5,"turns":3},{"damage":11,"enemies":"Lots of Slimes","floor":9,"turns":3},{"damage":0,"enemies":"Large Slime","floor":11,"turns":2},{"damage":18,"enemies":"Gremlin Gang","floor":12,"turns":2},{"damage":11,"enemies":"Lots of Slimes","floor":14,"turns":3},{"damage":5,"enemies":"Exordium Thugs","floor":15,"turns":3},{"damage":25,"enemies":"IC_STATUS_ARCHETYPE","floor":16,"turns":6},{"damage":2,"enemies":"downfall:FleeingMerchant","floor":19,"turns":4},{"damage":7,"enemies":"downfall:FleeingMerchant","floor":20,"turns":4},{"damage":0,"enemies":"Spheric Guardian","floor":21,"turns":2},{"damage":7,"enemies":"downfall:FleeingMerchant","floor":22,"turns":4},{"damage":36,"enemies":"Replay:Snechameleon","floor":23,"turns":5},{"damage":22,"enemies":"Slavers","floor":25,"turns":4},{"damage":0,"enemies":"Shell Parasite","floor":26,"turns":3},{"damage":8,"enemies":"Book of Stabbing","floor":27,"turns":4},{"damage":17,"enemies":"Sentry and Sphere","floor":28,"turns":4},{"damage":31,"enemies":"Snake Plant","floor":30,"turns":4},{"damage":8,"enemies":"Centurion and Healer","floor":31,"turns":4},{"damage":20,"enemies":"3 Cultists","floor":32,"turns":3}],"seed_played":"1102039838062664673","potions_obtained":[{"floor":4,"key":"Ancient Potion"},{"floor":5,"key":"Languid Potion"},{"floor":9,"key":"bronze:FreeFunctionsPotion"},{"floor":16,"key":"Weak Potion"},{"floor":23,"key":"conspire:TimeTravelPotion"},{"floor":25,"key":"EssenceOfSteel"},{"floor":26,"key":"sneckomod:MuddlingPotion"},{"floor":31,"key":"champ:CounterPotion"}],"is_trial":false,"path_per_floor":["R","$","M","M","M","?","T","R","M","?","M","M","R","M","M","B",null,"R","$","$","M","$","E","T","E","M","E","M","R","M","M","M"],"character_chosen":"THE_AUTOMATON","items_purchased":[],"campfire_rested":2,"item_purchase_floors":[],"current_hp_per_floor":[49,49,49,40,33,33,33,33,22,22,22,4,25,21,23,5,70,70,70,63,63,56,27,27,31,38,37,20,41,10,9,0,0,0],"gold":762,"neow_bonus":"RANDOM_COLORLESS_2","is_daily":false,"chose_seed":false,"campfire_upgraded":1,"win_rate":0.0,"timestamp":1612605436,"path_taken":["R","$","M","?","M","?","T","R","M","?","M","M","R","M","M","BOSS","R","?","$","M","$","E","T","E","M","E","M","R","M","M","M"],"items_purchased_type":[],"build_version":"2020-12-22","purchased_purges":0,"victory":false,"max_hp_per_floor":[70,70,70,70,70,70,70,70,70,70,70,70,70,70,70,70,70,70,70,70,70,70,70,70,70,70,70,70,70,70,70,70,70,70],"card_choices":[{"not_picked":["Reforge","Master of Strategy"],"picked":"Poisoned Strike","floor":0},{"not_picked":["bronze:Frontload","bronze:Constructor"],"picked":"bronze:Iterate","floor":2},{"not_picked":["bronze:FollowUp","bronze:FineTuning"],"picked":"bronze:BugBarrage","floor":3},{"not_picked":["bronze:Shell","bronze:Return","bronze:BitShift"],"picked":"SKIP","floor":4},{"not_picked":["bronze:BuggyMess","bronze:ItsAFeature","bronze:DelayedSlice"],"picked":"SKIP","floor":5},{"not_picked":["bronze:Frontload","bronze:FineTuning"],"picked":"bronze:BugBarrage","floor":9},{"not_picked":["bronze:Backtrace","bronze:Separator","bronze:SpaghettiCode"],"picked":"SKIP","floor":11},{"not_picked":["bronze:Separator","bronze:BuggyMess"],"picked":"bronze:Repair","floor":12},{"not_picked":["bronze:DigitalCarnage","bronze:DelayedSlice"],"picked":"bronze:Iterate","floor":14},{"not_picked":["bronze:BuggyMess","bronze:CutThrough","bronze:FineTuning"],"picked":"SKIP","floor":15},{"not_picked":["bronze:BuggyMess","bronze:CutThrough"],"picked":"bronze:FineTuning","floor":15},{"not_picked":["bronze:SpaghettiCode","bronze:Format"],"picked":"bronze:AlphaBuild","floor":16},{"not_picked":["bronze:Overheat+1","bronze:DelayedGuard","bronze:Repulsor"],"picked":"SKIP","floor":19},{"not_picked":["bronze:BitShift","bronze:Constructor"],"picked":"bronze:Iterate+1","floor":20},{"not_picked":["bronze:Shell+1","bronze:CutThrough","bronze:DelayedSlice"],"picked":"SKIP","floor":21},{"not_picked":["bronze:Boost+1","bronze:Hardcode"],"picked":"bronze:HardenedForm","floor":22},{"not_picked":["bronze:BitShift","bronze:ForLoop"],"picked":"bronze:BugBarrage+1","floor":23},{"not_picked":["bronze:BitShift","bronze:Turbo","bronze:Virus"],"picked":"SKIP","floor":25},{"not_picked":["bronze:DarkDash","bronze:BronzeArmor","bronze:Constructor"],"picked":"SKIP","floor":26},{"not_picked":["bronze:Separator+1","bronze:ItsAFeature","bronze:Flail"],"picked":"SKIP","floor":27},{"not_picked":["bronze:Separator+1","bronze:Flail"],"picked":"bronze:ItsAFeature","floor":27},{"not_picked":["bronze:BitShift","bronze:Turbo"],"picked":"bronze:Iterate+1","floor":28},{"not_picked":["bronze:NullPointer","bronze:Invalidate"],"picked":"bronze:Optimize","floor":30},{"not_picked":["bronze:DarkDash","bronze:ForceShield+1"],"picked":"bronze:Boost","floor":31}],"player_experience":787958,"relics_obtained":[{"floor":7,"key":"BlackRope"},{"floor":23,"key":"RetroEgg"},{"floor":24,"key":"Bronze Scales"},{"floor":25,"key":"Simple Rune"},{"floor":27,"key":"Nunchaku"}],"event_choices":[],"is_beta":false,"boss_relics":[{"not_picked":["ChewingGum","Abe\u0027s Treasure"],"picked":"hubris:Backtick"}],"items_purged_floors":[],"is_endless":false,"potions_floor_spawned":[4,5,9,14,16,23,25,26,27,31],"killed_by":"3 Cultists","ascension_level":2}}