{"host":"8d3fefv2347kqkpz","time":1612587234,"event":{"mods":["AchievementEnabler","Act Like it!","Aspiration","BaseMod","Better Vampires","Colored Map","Colored Powertips","Conspire","GifTheSpireLib","Highlight Path","Hubris","Mimic Mod","Minty Spire (QoL Compilation)","Quick Restart","Rare Cards Sparkle","Relic Stats","Replay The Spire","Spicy Shops","StSLib","The Jungle","Waifu the Spire"],"gold_per_floor":[119,119,119,129,15,15,15],"floor_reached":6,"language":"ZHS","playtime":98,"items_purged":[],"score":36,"play_id":"df151abc-4532-4823-aa92-15187033a23d","local_time":"20210206125354","is_ascension_mode":true,"campfire_choices":[],"circlet_count":0,"master_deck":["Strike_P","Strike_P","Strike_P","Strike_P","Defend_P","Defend_P","Defend_P","Defend_P","Vigilance","Replay:AtTheReady","Shame"],"relics":["PureWater","Peace Pipe"],"acts_visited":["Exordium"],"potions_floor_usage":[4,4],"damage_taken":[{"damage":0,"enemies":"Small Slimes","floor":1,"turns":3},{"damage":8,"enemies":"Cultist","floor":4,"turns":6},{"damage":0,"enemies":"3 Sentries","floor":6,"turns":1}],"seed_played":"2893645536796608273","potions_obtained":[{"floor":3,"key":"SmokeBomb"},{"floor":3,"key":"Ancient Potion"},{"floor":3,"key":"Languid Potion"}],"is_trial":false,"path_per_floor":["M","?","?","M","$","E"],"character_chosen":"WATCHER","items_purchased":["Peace Pipe"],"campfire_rested":0,"item_purchase_floors":[5],"current_hp_per_floor":[77,70,70,62,62,62,62],"gold":15,"neow_bonus":"RANDOM_EVENT","is_daily":false,"chose_seed":false,"campfire_upgraded":0,"win_rate":0.0,"timestamp":1612587234,"path_taken":["M","?","?","M","$","E"],"items_purchased_type":["Relic"],"build_version":"2020-12-22","purchased_purges":0,"victory":false,"max_hp_per_floor":[77,77,77,77,77,77,77],"relic_stats":{"Peace Pipe":0,"counters":[3,10],"obtain_stats":[{"Peace Pipe":5,"PureWater":0},{"Peace Pipe":2,"PureWater":0},{"Peace Pipe":9,"PureWater":0}]},"card_choices":[{"not_picked":["JustLucky","Evaluate","Replay:BluntJabs"],"picked":"SKIP","floor":1},{"not_picked":["Wireheading","Replay:Vibes"],"picked":"Replay:AtTheReady","floor":4}],"player_experience":270881,"relics_obtained":[],"event_choices":[{"damage_healed":0,"gold_gain":0,"player_choice":"Donut","damage_taken":0,"max_hp_gain":5,"max_hp_loss":0,"event_name":"Big Fish","floor":0,"gold_loss":0},{"cards_removed":["Eruption"],"damage_healed":0,"gold_gain":0,"player_choice":"Card Removal","damage_taken":7,"max_hp_gain":0,"max_hp_loss":0,"event_name":"Golden Wing","floor":2,"gold_loss":0},{"damage_healed":0,"gold_gain":0,"player_choice":"Got Potions","damage_taken":0,"max_hp_gain":0,"max_hp_loss":0,"event_name":"Lab","floor":3,"gold_loss":0}],"is_beta":false,"boss_relics":[],"items_purged_floors":[],"is_endless":false,"potions_floor_spawned":[],"killed_by":"3 Sentries","ascension_level":1}}