{"host":"06gxn1c1bsk424jw","time":1612616460,"event":{"mods":["BaseMod","DeckTracker","Minty Spire (QoL Compilation)","SuperFastMode"],"gold_per_floor":[113,113,43,53,3,3,28,28,53,84,114,76,100,127,139,255,267,293,36,71,85,115,149,149,174,174,174,174,174,203,237,237,337,337,357,373,24,36,86,86,112,129,129,144,176,212,270,270,270,295,295,295,67,97,97],"floor_reached":56,"language":"KOR","playtime":6947,"items_purged":["Strike_P"],"score":1907,"play_id":"37c659bc-c245-4293-84a0-5cdeb8dba5e6","local_time":"20210206220100","is_ascension_mode":true,"campfire_choices":[{"data":"Eruption","floor":6,"key":"SMITH"},{"data":"CrushJoints","floor":8,"key":"SMITH"},{"data":"TalkToTheHand","floor":15,"key":"SMITH"},{"floor":24,"key":"REST"},{"floor":27,"key":"REST"},{"data":"BattleHymn","floor":29,"key":"SMITH"},{"data":"HandOfGreed","floor":32,"key":"SMITH"},{"data":"Omniscience","floor":40,"key":"SMITH"},{"floor":49,"key":"RECALL"},{"data":"Wish","floor":52,"key":"SMITH"}],"circlet_count":0,"master_deck":["Defend_P","Defend_P","Defend_P+1","Defend_P","Eruption+1","Vigilance+1","DevaForm+1","Tantrum+1","TalkToTheHand+1","ClearTheMind","CrushJoints+1","Fasting2+1","Brilliance","SignatureMove","ClearTheMind+1","LessonLearned","MentalFortress+1","HandOfGreed+1","ForeignInfluence+1","FlurryOfBlows","DeusExMachina","MentalFortress","BattleHymn+1","Bite+1","Bite+1","Bite+1","Bite+1","Bite","FlyingSleeves+1","Omniscience+1","Sanctity","EmptyFist","EmptyBody","ThirdEye+1","SpiritShield","WheelKick+1","Wish+1","Master of Strategy","Adaptation"],"relics":["HolyWater","CultistMask","TungstenRod","Bronze Scales","MawBank","Sozu","Red Mask","Gremlin Horn","HornCleat","Dead Branch","Lizard Tail","Gambling Chip","Pocketwatch","Art of War","Anchor","Molten Egg 2","ClockworkSouvenir","InkBottle"],"acts_visited":["Exordium","TheCity","TheBeyond","TheEnding"],"potions_floor_usage":[7,18,23,23],"damage_taken":[{"damage":0,"enemies":"Small Slimes","floor":1,"turns":4},{"damage":0,"enemies":"Cultist","floor":4,"turns":3},{"damage":19,"enemies":"3 Sentries","floor":7,"turns":6},{"damage":0,"enemies":"Lagavulin","floor":10,"turns":4},{"damage":5,"enemies":"Jaw Worm","floor":11,"turns":4},{"damage":0,"enemies":"Large Slime","floor":13,"turns":3},{"damage":5,"enemies":"Looter","floor":14,"turns":3},{"damage":0,"enemies":"The Guardian","floor":16,"turns":5},{"damage":9,"enemies":"2 Thieves","floor":18,"turns":3},{"damage":3,"enemies":"Masked Bandits","floor":20,"turns":3},{"damage":6,"enemies":"Chosen","floor":21,"turns":3},{"damage":12,"enemies":"Centurion and Healer","floor":22,"turns":7},{"damage":14,"enemies":"Slavers","floor":23,"turns":5},{"damage":8,"enemies":"Book of Stabbing","floor":25,"turns":4},{"damage":6,"enemies":"Gremlin Leader","floor":30,"turns":3},{"damage":7,"enemies":"Shelled Parasite and Fungi","floor":31,"turns":2},{"damage":3,"enemies":"Champ","floor":33,"turns":6},{"damage":1,"enemies":"3 Darklings","floor":35,"turns":3},{"damage":11,"enemies":"3 Shapes","floor":36,"turns":3},{"damage":11,"enemies":"Writhing Mass","floor":38,"turns":2},{"damage":0,"enemies":"Mind Bloom Boss Battle","floor":39,"turns":5},{"damage":0,"enemies":"Giant Head","floor":41,"turns":5},{"damage":6,"enemies":"Sphere and 2 Shapes","floor":42,"turns":3},{"damage":0,"enemies":"4 Shapes","floor":44,"turns":2},{"damage":6,"enemies":"Reptomancer","floor":45,"turns":5},{"damage":0,"enemies":"Maw","floor":46,"turns":5},{"damage":0,"enemies":"Giant Head","floor":47,"turns":4},{"damage":48,"enemies":"Donu and Deca","floor":50,"turns":7},{"damage":18,"enemies":"Shield and Spear","floor":54,"turns":5},{"damage":14,"enemies":"The Heart","floor":55,"turns":9}],"seed_played":"-7207761098005344434","potions_obtained":[{"floor":1,"key":"EssenceOfSteel"},{"floor":7,"key":"EssenceOfSteel"},{"floor":11,"key":"Energy Potion"},{"floor":16,"key":"EssenceOfSteel"}],"is_trial":false,"path_per_floor":["M","?","$","M","$","R","E","R","T","E","M","?","M","M","R","B",null,"M","$","?","M","M","E","R","E","T","R","?","R","E","M","R","B",null,"M","M","$","M","?","R","E","M","T","M","E","M","E","?","R","B",null,"R","$","E","B",null],"character_chosen":"WATCHER","items_purchased":["TalkToTheHand","CrushJoints","HandOfGreed","Gambling Chip","EmptyBody","Adaptation","ClockworkSouvenir"],"campfire_rested":2,"item_purchase_floors":[3,5,19,37,37,53,53],"current_hp_per_floor":[65,65,65,65,65,65,46,46,46,46,41,41,41,36,36,36,58,49,49,46,40,28,14,33,25,25,44,44,44,41,36,36,44,45,45,39,39,31,41,41,45,41,41,45,45,45,45,45,45,6,35,35,35,26,22],"gold":97,"neow_bonus":"THREE_RARE_CARDS","is_daily":false,"chose_seed":false,"campfire_upgraded":7,"win_rate":0.0,"timestamp":1612616460,"path_taken":["M","?","?","M","?","R","E","R","T","E","M","?","M","M","R","BOSS","M","$","?","M","M","E","R","E","T","R","?","R","E","M","R","BOSS","M","M","$","M","?","R","E","M","T","M","E","M","E","?","R","BOSS","R","$","E","BOSS"],"items_purchased_type":["Card","Card","Card","Relic","Card","Card","Relic"],"build_version":"2020-12-22","purchased_purges":1,"victory":true,"max_hp_per_floor":[65,65,65,65,65,65,65,65,65,65,65,65,65,65,65,65,65,65,65,65,65,65,65,65,65,65,65,45,45,45,45,45,45,45,45,45,45,45,45,45,45,45,45,45,45,45,45,45,45,45,45,45,45,45,45],"card_choices":[{"not_picked":["Brilliance","Vault"],"picked":"DevaForm","floor":0},{"not_picked":["Consecrate","ForeignInfluence"],"picked":"Tantrum","floor":1},{"not_picked":["SashWhip","ThirdEye"],"picked":"ClearTheMind","floor":4},{"not_picked":["FearNoEvil","Nirvana"],"picked":"Fasting2","floor":7},{"not_picked":["Consecrate","Perseverance","JustLucky"],"picked":"SKIP","floor":10},{"not_picked":["JustLucky","InnerPeace"],"picked":"Brilliance","floor":11},{"not_picked":["Crescendo","Protect"],"picked":"SignatureMove","floor":13},{"not_picked":["WindmillStrike","Halt"],"picked":"ClearTheMind","floor":14},{"not_picked":["Scrawl","DeusExMachina"],"picked":"LessonLearned","floor":16},{"not_picked":["Tantrum","Crescendo"],"picked":"MentalFortress+1","floor":18},{"not_picked":["Consecrate","Swivel+1"],"picked":"ForeignInfluence+1","floor":20},{"not_picked":["CrushJoints","Meditate+1"],"picked":"FlurryOfBlows","floor":21},{"not_picked":["Consecrate","SashWhip"],"picked":"DeusExMachina","floor":22},{"not_picked":["EmptyFist+1","Consecrate"],"picked":"MentalFortress","floor":23},{"not_picked":["CarveReality","Worship+1"],"picked":"BattleHymn","floor":25},{"not_picked":["Blasphemy","CutThroughFate+1","CrushJoints"],"picked":"SKIP","floor":30},{"not_picked":["Conclude","Consecrate"],"picked":"FlyingSleeves+1","floor":31},{"not_picked":["Judgement","Brilliance"],"picked":"Omniscience","floor":33},{"not_picked":["SandsOfTime","MentalFortress"],"picked":"Sanctity","floor":35},{"not_picked":["SashWhip+1","Vengeance"],"picked":"EmptyFist","floor":36},{"not_picked":["ClearTheMind","FollowUp"],"picked":"ThirdEye+1","floor":38},{"not_picked":["Worship","Collect"],"picked":"SpiritShield","floor":41},{"not_picked":["Pray+1","ThirdEye"],"picked":"WheelKick+1","floor":42},{"not_picked":["FlurryOfBlows","CarveReality+1","Vengeance+1"],"picked":"SKIP","floor":44},{"not_picked":["FlurryOfBlows","CarveReality+1","Vengeance+1"],"picked":"SKIP","floor":44},{"not_picked":["ReachHeaven","Collect","FlyingSleeves+1"],"picked":"SKIP","floor":45},{"not_picked":["Conclude+1","Tantrum+1","FlyingSleeves"],"picked":"SKIP","floor":46},{"not_picked":["Weave+1","Halt+1"],"picked":"Wish","floor":47},{"not_picked":["Secret Weapon","Transmutation"],"picked":"Master of Strategy","floor":48},{"not_picked":["Halt","CutThroughFate+1","FlyingSleeves+1"],"picked":"SKIP","floor":54}],"player_experience":768129,"relics_obtained":[{"floor":7,"key":"TungstenRod"},{"floor":9,"key":"Bronze Scales"},{"floor":10,"key":"MawBank"},{"floor":20,"key":"Red Mask"},{"floor":23,"key":"Gremlin Horn"},{"floor":25,"key":"HornCleat"},{"floor":26,"key":"Dead Branch"},{"floor":30,"key":"Lizard Tail"},{"floor":39,"key":"Pocketwatch"},{"floor":41,"key":"Art of War"},{"floor":45,"key":"Anchor"},{"floor":47,"key":"Molten Egg 2"},{"floor":54,"key":"InkBottle"}],"event_choices":[{"damage_healed":0,"gold_gain":0,"player_choice":"Trade","damage_taken":0,"relics_obtained":["CultistMask"],"max_hp_gain":0,"max_hp_loss":0,"event_name":"FaceTrader","floor":2,"gold_loss":0},{"cards_removed":["Strike_P"],"damage_healed":0,"gold_gain":0,"player_choice":"Card Removal","damage_taken":0,"max_hp_gain":0,"max_hp_loss":0,"event_name":"The Cleric","floor":12,"gold_loss":50},{"damage_healed":0,"gold_gain":0,"player_choice":"Fought Bandits","damage_taken":0,"max_hp_gain":0,"max_hp_loss":0,"event_name":"Masked Bandits","floor":20,"gold_loss":0},{"damage_healed":0,"gold_gain":0,"player_choice":"Became a vampire","damage_taken":0,"max_hp_gain":0,"max_hp_loss":20,"event_name":"Vampires","floor":28,"gold_loss":0,"cards_obtained":["Bite","Bite","Bite","Bite","Bite"]},{"damage_healed":0,"gold_gain":0,"player_choice":"Fight","damage_taken":0,"max_hp_gain":0,"max_hp_loss":0,"event_name":"MindBloom","floor":39,"gold_loss":0},{"damage_healed":0,"gold_gain":0,"player_choice":"Memory 1","damage_taken":0,"max_hp_gain":0,"max_hp_loss":0,"event_name":"SensoryStone","floor":48,"gold_loss":0}],"is_beta":false,"boss_relics":[{"not_picked":["Cursed Key","Busted Crown"],"picked":"Sozu"},{"not_picked":["SlaversCollar","Philosopher\u0027s Stone"],"picked":"HolyWater"}],"items_purged_floors":[19],"is_endless":false,"potions_floor_spawned":[1,7,11,16,21,22,23,25,31,35,36,38,44,46],"ascension_level":8}}