{"host":"osk2oboccoevp2u5","time":1612646685,"event":{"mods":["AchievementEnabler","Alarm Clock","BaseMod","Colored Powertips","Disable Question Mark Monsters","Displayed Cursed Tome","Key Reminder","Minty Spire (QoL Compilation)","Potion Indicator Mod","Quick Restart","Rare Cards Sparkle","Reorder Act Four","StSLib","The Cursed","Useless Jewels Mod"],"gold_per_floor":[119,138,138,151,151,151,166,166,244,256,33,65,79,89,89,187,187,204,219,237,2,18,18,35,35,35,35,35,46,46,58,58,58,58],"floor_reached":33,"language":"ENG","playtime":3490,"items_purged":["Pain","TheCursedMod:Strike_TheCursed"],"score":392,"play_id":"1ca8aac7-0315-4ae8-8c45-3b1db68eeef1","local_time":"20210206172445","is_ascension_mode":true,"campfire_choices":[{"floor":6,"key":"REST"},{"floor":8,"key":"REST"},{"floor":15,"key":"REST"},{"floor":23,"key":"REST"},{"data":"TheCursedMod:Grudge","floor":27,"key":"SMITH"},{"floor":30,"key":"REST"},{"data":"TheCursedMod:DoubleShield","floor":32,"key":"SMITH"}],"circlet_count":0,"master_deck":["TheCursedMod:Strike_TheCursed","TheCursedMod:Strike_TheCursed","TheCursedMod:Strike_TheCursed","TheCursedMod:Defend_TheCursed","TheCursedMod:Defend_TheCursed","TheCursedMod:Defend_TheCursed","TheCursedMod:Defend_TheCursed","TheCursedMod:CursedWand","TheCursedMod:CleanUpWorkshop","TheCursedMod:Dregs","TheCursedMod:AntiAging","TheCursedMod:SmokeScreen","TheCursedMod:RavingStaff","TheCursedMod:TacticalStrike","TheCursedMod:NeowsMight","TheCursedMod:RavingStaff","TheCursedMod:ShockAndAwe+1","TheCursedMod:BloodBarrier+1","Discovery","TheCursedMod:Grudge+1","TheCursedMod:TroublousMinions","TheCursedMod:DoubleShield+1"],"relics":["TheCursedMod:BlackMagicAdvanced","Pen Nib","WarpedTongs","White Beast Statue","Strange Spoon","TheCursedMod:CrystalBall","TungstenRod"],"acts_visited":["Exordium","TheCity"],"potions_floor_usage":[7,10,10,12,16,16,16,20,33,33],"damage_taken":[{"damage":5,"enemies":"Cultist","floor":1,"turns":6},{"damage":0,"enemies":"Small Slimes","floor":2,"turns":5},{"damage":3,"enemies":"2 Louse","floor":4,"turns":3},{"damage":9,"enemies":"Lots of Slimes","floor":7,"turns":8},{"damage":26,"enemies":"Large Slime","floor":10,"turns":6},{"damage":13,"enemies":"Lagavulin","floor":12,"turns":7},{"damage":16,"enemies":"2 Fungi Beasts","floor":13,"turns":5},{"damage":0,"enemies":"Exordium Wildlife","floor":14,"turns":2},{"damage":38,"enemies":"Slime Boss","floor":16,"turns":14},{"damage":2,"enemies":"2 Thieves","floor":18,"turns":2},{"damage":0,"enemies":"Spheric Guardian","floor":19,"turns":3},{"damage":0,"enemies":"Snake Plant","floor":20,"turns":2},{"damage":19,"enemies":"Centurion and Healer","floor":22,"turns":7},{"damage":7,"enemies":"Snecko","floor":24,"turns":4},{"damage":21,"enemies":"Shelled Parasite and Fungi","floor":29,"turns":11},{"damage":10,"enemies":"Cultist and Chosen","floor":31,"turns":6},{"damage":91,"enemies":"Champ","floor":33,"turns":15}],"seed_played":"-392756880456871262","potions_obtained":[{"floor":2,"key":"BlessingOfTheForge"},{"floor":4,"key":"EssenceOfSteel"},{"floor":7,"key":"BlessingOfTheForge"},{"floor":10,"key":"Fruit Juice"},{"floor":12,"key":"DistilledChaos"},{"floor":13,"key":"Explosive Potion"},{"floor":14,"key":"Swift Potion"},{"floor":16,"key":"SpeedPotion"},{"floor":18,"key":"SmokeBomb"},{"floor":19,"key":"FearPotion"},{"floor":20,"key":"PowerPotion"},{"floor":24,"key":"DuplicationPotion"}],"is_trial":false,"path_per_floor":["M","M","?","M","?","R","M","R","T","M","$","E","M","M","R","B",null,"M","M","M","$","M","R","M","?","T","R","?","M","R","M","R","B"],"character_chosen":"THE_CURSED","items_purchased":["Strange Spoon","Discovery","Strength Potion"],"campfire_rested":5,"item_purchase_floors":[11,21,21],"current_hp_per_floor":[65,67,25,22,22,45,38,62,62,41,41,28,12,12,37,2,67,65,65,65,65,48,75,70,70,70,70,70,51,79,69,69,0,0],"gold":58,"neow_bonus":"ONE_RANDOM_RARE_CARD","is_daily":false,"chose_seed":false,"campfire_upgraded":2,"win_rate":0.0,"timestamp":1612646685,"path_taken":["M","M","?","M","?","R","?","R","T","M","$","E","M","M","R","BOSS","M","M","M","$","M","R","M","?","T","R","?","M","R","?","R","BOSS"],"items_purchased_type":["Relic","Card","Potion"],"build_version":"2020-12-22","purchased_purges":2,"victory":false,"max_hp_per_floor":[77,79,79,79,79,79,81,81,81,86,86,86,86,86,86,89,89,89,89,89,89,91,91,93,93,93,93,93,95,95,95,95,97,97],"card_choices":[{"not_picked":["TheCursedMod:CircleOfFlame","TheCursedMod:Mangle"],"picked":"TheCursedMod:SmokeScreen","floor":1},{"not_picked":["TheCursedMod:CursedStaff","TheCursedMod:TacticalStrike","TheCursedMod:SurpriseAttack"],"picked":"SKIP","floor":2},{"not_picked":["TheCursedMod:Torture","TheCursedMod:Hemoplague"],"picked":"TheCursedMod:RavingStaff","floor":4},{"not_picked":["TheCursedMod:Wield","TheCursedMod:Stigma","TheCursedMod:SurpriseAttack"],"picked":"SKIP","floor":7},{"not_picked":["TheCursedMod:Obscuration","TheCursedMod:SurpriseAttack"],"picked":"TheCursedMod:TacticalStrike","floor":10},{"not_picked":["TheCursedMod:ReleasedStrength","TheCursedMod:DoubleShield","TheCursedMod:VitalStrike"],"picked":"SKIP","floor":12},{"not_picked":["TheCursedMod:CircleOfFlame","TheCursedMod:CursedShiv"],"picked":"TheCursedMod:NeowsMight","floor":13},{"not_picked":["TheCursedMod:Torture","TheCursedMod:FleshFromBone"],"picked":"TheCursedMod:RavingStaff","floor":14},{"not_picked":["TheCursedMod:CircleOfAbyss","TheCursedMod:VoidForm"],"picked":"TheCursedMod:ShockAndAwe","floor":16},{"not_picked":["TheCursedMod:FleshFromBone","TheCursedMod:SmokeScreen","TheCursedMod:CursedShiv"],"picked":"SKIP","floor":18},{"not_picked":["TheCursedMod:Mangle","TheCursedMod:CursedBoomerang"],"picked":"TheCursedMod:BloodBarrier+1","floor":19},{"not_picked":["TheCursedMod:Hemoplague","TheCursedMod:Mangle","TheCursedMod:CursedMace+1"],"picked":"SKIP","floor":20},{"not_picked":["TheCursedMod:Stigma","TheCursedMod:Torture","TheCursedMod:Stretching"],"picked":"SKIP","floor":22},{"not_picked":["TheCursedMod:CursedSpellbook","TheCursedMod:Torture+1","TheCursedMod:Wield"],"picked":"SKIP","floor":24},{"not_picked":["TheCursedMod:WearCloak","TheCursedMod:SurpriseAttack+1"],"picked":"TheCursedMod:TroublousMinions","floor":29},{"not_picked":["TheCursedMod:SpitefulPlan","TheCursedMod:CollectTribute"],"picked":"TheCursedMod:DoubleShield","floor":31}],"player_experience":970513,"relics_obtained":[{"floor":9,"key":"White Beast Statue"},{"floor":12,"key":"TheCursedMod:CrystalBall"},{"floor":26,"key":"TungstenRod"}],"event_choices":[{"damage_healed":0,"gold_gain":0,"player_choice":"Success","damage_taken":42,"relics_obtained":["Pen Nib"],"max_hp_gain":0,"max_hp_loss":0,"event_name":"Scrap Ooze","floor":3,"gold_loss":0},{"damage_healed":0,"gold_gain":0,"player_choice":"Rummage","damage_taken":0,"relics_obtained":["WarpedTongs"],"max_hp_gain":0,"max_hp_loss":0,"event_name":"Accursed Blacksmith","floor":5,"gold_loss":0,"cards_obtained":["Pain"]},{"damage_healed":0,"gold_gain":0,"player_choice":"Read","damage_taken":0,"max_hp_gain":0,"max_hp_loss":0,"event_name":"The Library","floor":25,"gold_loss":0,"cards_obtained":["TheCursedMod:Grudge"]},{"damage_healed":0,"gold_gain":0,"player_choice":"Upgraded","damage_taken":0,"max_hp_gain":0,"max_hp_loss":0,"event_name":"Upgrade Shrine","floor":28,"gold_loss":0,"cards_upgraded":["TheCursedMod:ShockAndAwe"]}],"is_beta":false,"boss_relics":[{"not_picked":["Runic Pyramid","Sozu"],"picked":"TheCursedMod:BlackMagicAdvanced"}],"items_purged_floors":[11,21],"is_endless":false,"potions_floor_spawned":[2,4,7,10,12,13,14,16,18,19,20,22,24,29,31],"killed_by":"Champ","ascension_level":9}}