{"host":"rylkjufw9dlhr07b","time":1612651854,"event":{"mods":["AchievementEnabler","BaseMod","Better Note","BetterRewards","Hubris","Minty Spire (QoL Compilation)","Quick Restart","StSLib"],"gold_per_floor":[110,76,76,76,41,41,70,22,22,22,44,67,104,35,35,143,143,168,177,177,177],"floor_reached":20,"language":"FRA","playtime":782,"items_purged":[],"score":508,"play_id":"59c52453-6af8-4761-8969-055729dac497","local_time":"20210206235054","is_ascension_mode":true,"campfire_choices":[{"data":"Apotheosis","floor":6,"key":"SMITH"},{"floor":10,"key":"REST"},{"floor":15,"key":"REST"}],"circlet_count":0,"master_deck":["AscendersBane","Strike_P","Strike_P","Strike_P","Defend_P","Defend_P","Defend_P","Eruption","Vigilance","Apotheosis+1","PathToVictory","FlurryOfBlows","EmptyBody","Protect","FearNoEvil","Prostrate","EmptyFist","CutThroughFate","Prostrate","Nirvana","DevaForm","Prostrate+1","SignatureMove+1"],"relics":["PureWater","Juzu Bracelet","Oddly Smooth Stone","Darkstone Periapt","hubris:Towel","Smiling Mask","CeramicFish","Bird Faced Urn","Empty Cage"],"acts_visited":["Exordium","TheCity"],"potions_floor_usage":[7,13,16,20],"damage_taken":[{"damage":0,"enemies":"Jaw Worm","floor":1,"turns":3},{"damage":25,"enemies":"3 Sentries","floor":7,"turns":10},{"damage":0,"enemies":"2 Louse","floor":11,"turns":4},{"damage":0,"enemies":"Small Slimes","floor":12,"turns":4},{"damage":11,"enemies":"Lagavulin","floor":13,"turns":4},{"damage":0,"enemies":"Hexaghost","floor":16,"turns":13},{"damage":18,"enemies":"3 Byrds","floor":18,"turns":6},{"damage":61,"enemies":"Masked Bandits","floor":20,"turns":5}],"seed_played":"8517813976047783280","potions_obtained":[{"floor":1,"key":"DuplicationPotion"},{"floor":11,"key":"Swift Potion"},{"floor":13,"key":"ColorlessPotion"},{"floor":18,"key":"Dexterity Potion"}],"is_trial":false,"path_per_floor":["M","$","?","?","?","R","E","?","T","R","M","M","E","$","R","B",null,"M","?","?"],"character_chosen":"WATCHER","items_purchased":["Apotheosis","Juzu Bracelet","Oddly Smooth Stone","PathToVictory","Darkstone Periapt","FlurryOfBlows","EmptyBody","FearNoEvil","Nirvana"],"campfire_rested":2,"item_purchase_floors":[0,0,0,0,0,0,0,2,14],"current_hp_per_floor":[33,33,33,36,54,54,29,29,29,51,51,51,40,40,62,66,73,57,57,0,0],"gold":177,"neow_bonus":"","is_daily":false,"chose_seed":false,"campfire_upgraded":1,"win_rate":0.0,"timestamp":1612651854,"path_taken":["M","$","?","?","?","R","E","?","T","R","M","M","E","$","R","BOSS","M","?","?"],"items_purchased_type":["Card","Relic","Relic","Card","Relic","Card","Card","Card","Card"],"build_version":"2020-12-22","purchased_purges":0,"victory":false,"max_hp_per_floor":[72,72,72,75,75,75,75,75,75,75,75,75,75,75,75,75,75,75,75,75,75],"card_choices":[{"not_picked":["Worship","Evaluate"],"picked":"Protect","floor":1},{"not_picked":["ClearTheMind","FollowUp"],"picked":"Prostrate","floor":7},{"not_picked":["Evaluate","ClearTheMind"],"picked":"EmptyFist","floor":11},{"not_picked":["EmptyMind","Evaluate"],"picked":"CutThroughFate","floor":12},{"not_picked":["SignatureMove","ThirdEye"],"picked":"Prostrate","floor":13},{"not_picked":["Judgement","MasterReality"],"picked":"DevaForm","floor":16},{"not_picked":["Meditate","Crescendo"],"picked":"Prostrate+1","floor":18}],"player_experience":582860,"relics_obtained":[{"floor":7,"key":"Smiling Mask"},{"floor":9,"key":"CeramicFish"},{"floor":13,"key":"Bird Faced Urn"}],"event_choices":[{"damage_healed":18,"gold_gain":0,"player_choice":"Healed","damage_taken":0,"max_hp_gain":0,"max_hp_loss":0,"event_name":"The Cleric","floor":5,"gold_loss":35},{"damage_healed":0,"gold_gain":0,"player_choice":"Left Gold","damage_taken":0,"max_hp_gain":0,"max_hp_loss":0,"event_name":"World of Goop","floor":8,"gold_loss":48},{"cards_removed":["Apotheosis"],"damage_healed":0,"gold_gain":0,"player_choice":"Take \u0026 Give","damage_taken":0,"max_hp_gain":0,"max_hp_loss":0,"event_name":"betterNote:BetterNote","floor":19,"gold_loss":0,"cards_obtained":["SignatureMove"]},{"damage_healed":0,"gold_gain":0,"player_choice":"Fought Bandits","damage_taken":0,"max_hp_gain":0,"max_hp_loss":0,"event_name":"Masked Bandits","floor":20,"gold_loss":0}],"is_beta":false,"boss_relics":[{"not_picked":["Velvet Choker","Snecko Eye"],"picked":"Empty Cage"}],"items_purged_floors":[],"is_endless":false,"potions_floor_spawned":[1,11,13,18],"killed_by":"Masked Bandits","ascension_level":11}}