{"host":"nz11ypxva4e39b7q","time":1612570426,"event":{"mods":["BaseMod","Better Third Choice","Better Vampires","Colored Map","Minty Spire (QoL Compilation)","Quick Restart","StSLib"],"gold_per_floor":[113,124,138,138,154,154,50,50,50,68,68,94,105,105,105,183,183,194,194,206,2,52,79,92,126,126,126,160,174,224,70,70,147,147,161,174,188,200,215,240,240,269,269,269,283,283,293,168,168,168,168,168,168,5,38,38],"floor_reached":57,"language":"ENG","playtime":2945,"items_purged":["Strike_B","Writhe","Zap"],"score":2873,"play_id":"87aeb683-c0ef-43fd-bc5a-7ddecd16e620","local_time":"20210206011346","is_ascension_mode":true,"campfire_choices":[{"data":"Ball Lightning","floor":6.0,"key":"SMITH"},{"data":"Compile Driver","floor":8.0,"key":"SMITH"},{"data":"Coolheaded","floor":11.0,"key":"SMITH"},{"data":"Defragment","floor":15.0,"key":"SMITH"},{"floor":27.0,"key":"DIG"},{"data":"Defragment","floor":32.0,"key":"SMITH"},{"floor":41.0,"key":"RECALL"},{"data":"Storm","floor":44.0,"key":"SMITH"},{"floor":46.0,"key":"DIG"},{"floor":49.0,"key":"DIG"},{"data":"Force Field","floor":53,"key":"SMITH"}],"circlet_count":0,"master_deck":["AscendersBane","Dualcast","Leap","Coolheaded+1","Ball Lightning+1","Self Repair","Compile Driver+1","Capacitor","Defragment+1","Fission+1","Amplify","Static Discharge","Static Discharge","Conserve Battery","White Noise","Echo Form","Thunder Strike","Skim","Force Field+1","Defragment+1","Chill","Echo Form","Storm+1","Coolheaded","Storm"],"relics":["Coffee Dripper","Letter Opener","Symbiotic Virus","Pandora\u0027s Box","Meat on the Bone","Medical Kit","StrikeDummy","Shovel","Mummified Hand","Darkstone Periapt","Pear","Runic Pyramid","Bottled Lightning","Bag of Marbles","Omamori","DataDisk","Lantern","Incense Burner"],"acts_visited":["Exordium","TheCity","TheBeyond","TheEnding"],"potions_floor_usage":[],"damage_taken":[{"damage":4.0,"enemies":"Small Slimes","floor":1.0,"turns":4.0},{"damage":2.0,"enemies":"2 Louse","floor":2.0,"turns":4.0},{"damage":7.0,"enemies":"Jaw Worm","floor":3.0,"turns":5.0},{"damage":1.0,"enemies":"Blue Slaver","floor":5.0,"turns":4.0},{"damage":0.0,"enemies":"Exordium Thugs","floor":10.0,"turns":4.0},{"damage":5.0,"enemies":"Lagavulin","floor":12.0,"turns":6.0},{"damage":12.0,"enemies":"Gremlin Gang","floor":13.0,"turns":5.0},{"damage":10.0,"enemies":"The Guardian","floor":16.0,"turns":10.0},{"damage":1.0,"enemies":"Chosen","floor":18.0,"turns":4.0},{"damage":10.0,"enemies":"Shell Parasite","floor":20.0,"turns":3.0},{"damage":7.0,"enemies":"Book of Stabbing","floor":23.0,"turns":5.0},{"damage":23.0,"enemies":"Snake Plant","floor":24.0,"turns":4.0},{"damage":51.0,"enemies":"Slavers","floor":25.0,"turns":4.0},{"damage":0.0,"enemies":"Gremlin Leader","floor":28.0,"turns":6.0},{"damage":0.0,"enemies":"3 Cultists","floor":29.0,"turns":3.0},{"damage":3.0,"enemies":"Champ","floor":33.0,"turns":5.0},{"damage":0.0,"enemies":"Orb Walker","floor":35.0,"turns":3.0},{"damage":6.0,"enemies":"3 Shapes","floor":36.0,"turns":4.0},{"damage":18.0,"enemies":"Writhing Mass","floor":37.0,"turns":5.0},{"damage":15.0,"enemies":"3 Darklings","floor":38.0,"turns":3.0},{"damage":22.0,"enemies":"Sphere and 2 Shapes","floor":39.0,"turns":4.0},{"damage":10.0,"enemies":"Reptomancer","floor":40.0,"turns":3.0},{"damage":0.0,"enemies":"Giant Head","floor":42.0,"turns":4.0},{"damage":0.0,"enemies":"Spire Growth","floor":45.0,"turns":3.0},{"damage":13.0,"enemies":"4 Shapes","floor":47.0,"turns":2.0},{"damage":53.0,"enemies":"Time Eater","floor":50.0,"turns":4.0},{"damage":0.0,"enemies":"Donu and Deca","floor":51.0,"turns":2.0},{"damage":43,"enemies":"Shield and Spear","floor":55,"turns":3},{"damage":128,"enemies":"The Heart","floor":56,"turns":5}],"seed_played":"-3200516178810190201","potions_obtained":[{"floor":2.0,"key":"Regen Potion"},{"floor":13.0,"key":"Weak Potion"},{"floor":16.0,"key":"SkillPotion"},{"floor":18.0,"key":"FocusPotion"},{"floor":25.0,"key":"Dexterity Potion"},{"floor":33.0,"key":"SneckoOil"},{"floor":37.0,"key":"Swift Potion"},{"floor":39.0,"key":"FairyPotion"},{"floor":42.0,"key":"DuplicationPotion"}],"is_trial":false,"path_per_floor":["M","M","M","?","M","R","$","R","T","M","R","E","M","?","R","B",null,"M","?","M","$","?","E","M","E","T","R","E","M","?","$","R","B",null,"M","M","M","M","M","E","R","E","T","R","M","R","M","$","R","B","B",null,"R","$","E","B",null],"character_chosen":"DEFECT","items_purchased":["Compile Driver","Medical Kit","Defragment","PowerPotion","Lantern"],"campfire_rested":0,"item_purchase_floors":[7,21,21,31,54],"current_hp_per_floor":[60,58,51,56,55,55,55,55,55,62,62,76,71,71,71,68,74,73,73,70,70,70,70,54,15,15,15,44,51,51,51,51,55,78,86,86,75,74,59,63,63,70,70,70,77,77,71,71,71,44,58,79,79,79,62,42],"gold":38,"neow_bonus":"BOSS_RELIC","is_daily":false,"chose_seed":false,"campfire_upgraded":7,"win_rate":0.0,"timestamp":1612570426,"path_taken":["M","M","M","?","M","R","$","R","T","M","R","E","M","?","R","BOSS","M","?","M","$","?","E","M","E","T","R","E","?","?","$","R","BOSS","M","M","?","M","M","E","R","E","T","R","M","R","M","$","R","BOSS","BOSS","R","$","E","BOSS"],"items_purchased_type":["Card","Relic","Card","Potion","Relic"],"build_version":"2020-12-22","purchased_purges":3,"victory":true,"max_hp_per_floor":[71,71,71,76,76,76,76,76,76,76,76,76,76,76,76,76,76,76,76,76,76,76,76,76,76,76,76,86,86,86,86,86,86,86,86,86,86,86,86,86,86,86,86,86,86,86,86,86,86,86,86,86,86,86,86,86],"card_choices":[{"not_picked":["Steam","Conserve Battery"],"picked":"Leap","floor":1.0},{"not_picked":["Gash","Hello World"],"picked":"Coolheaded","floor":2.0},{"not_picked":["Lockon","Conserve Battery"],"picked":"Ball Lightning","floor":3.0},{"not_picked":["Ball Lightning","Fusion"],"picked":"Self Repair","floor":5.0},{"not_picked":["Conserve Battery","FTL"],"picked":"Capacitor","floor":10.0},{"not_picked":["Double Energy","Cold Snap"],"picked":"Defragment","floor":12.0},{"not_picked":["Sweeping Beam","Gash"],"picked":"Fission","floor":13.0},{"not_picked":["Hyperbeam","Buffer"],"picked":"Amplify","floor":16.0},{"not_picked":["Auto Shields","Hello World","Streamline"],"picked":"SKIP","floor":18.0},{"not_picked":["Stack","Steam"],"picked":"Force Field","floor":20.0},{"not_picked":["Skim","Sunder+1"],"picked":"Chill","floor":23.0},{"not_picked":["Coolheaded","Tempest","Beam Cell"],"picked":"SKIP","floor":24.0},{"not_picked":["Cold Snap","White Noise","Gash"],"picked":"SKIP","floor":25.0},{"not_picked":["Force Field","Coolheaded","Streamline"],"picked":"SKIP","floor":28.0},{"not_picked":["Beam Cell","Self Repair","Buffer"],"picked":"SKIP","floor":29.0},{"not_picked":["Fission","Creative AI"],"picked":"Echo Form","floor":33.0},{"not_picked":["Lockon","Stack","Melter"],"picked":"SKIP","floor":35.0},{"not_picked":["Compile Driver","Darkness","Rip and Tear"],"picked":"SKIP","floor":36.0},{"not_picked":["Conserve Battery","Force Field","Cold Snap"],"picked":"SKIP","floor":37.0},{"not_picked":["Static Discharge","Coolheaded"],"picked":"Storm","floor":38.0},{"not_picked":["Skim","Defragment","Melter+1"],"picked":"SKIP","floor":39.0},{"not_picked":["Hologram","Ball Lightning","Chaos"],"picked":"SKIP","floor":40.0},{"not_picked":["Amplify","Force Field"],"picked":"Coolheaded","floor":42.0},{"not_picked":["Static Discharge+1","Rebound+1"],"picked":"Storm","floor":45.0},{"not_picked":["Ball Lightning","Chill","Steam Power"],"picked":"SKIP","floor":47.0},{"not_picked":["Rip and Tear","Redo","Steam Power"],"picked":"SKIP","floor":55}],"player_experience":1021301,"relics_obtained":[{"floor":9.0,"key":"Letter Opener"},{"floor":12.0,"key":"Symbiotic Virus"},{"floor":23.0,"key":"StrikeDummy"},{"floor":25.0,"key":"Shovel"},{"floor":26.0,"key":"Mummified Hand"},{"floor":27.0,"key":"Darkstone Periapt"},{"floor":28.0,"key":"Pear"},{"floor":40.0,"key":"Bottled Lightning"},{"floor":42.0,"key":"Bag of Marbles"},{"floor":46.0,"key":"Omamori"},{"floor":49.0,"key":"DataDisk"},{"floor":55,"key":"Incense Burner"}],"event_choices":[{"damage_healed":0.0,"max_hp_gain":5.0,"max_hp_loss":0.0,"gold_gain":0.0,"event_name":"Big Fish","player_choice":"Donut","floor":4.0,"gold_loss":0.0,"damage_taken":0.0},{"damage_healed":0.0,"max_hp_gain":0.0,"max_hp_loss":0.0,"gold_gain":0.0,"event_name":"Living Wall","player_choice":"Grow","floor":14.0,"gold_loss":0.0,"damage_taken":0.0,"cards_upgraded":["Fission"]},{"damage_healed":0.0,"max_hp_gain":0.0,"max_hp_loss":0.0,"gold_gain":0.0,"event_name":"The Mausoleum","player_choice":"Opened","floor":19.0,"gold_loss":0.0,"damage_taken":0.0,"relics_obtained":["Meat on the Bone"],"cards_obtained":["Writhe"]},{"damage_healed":0.0,"max_hp_gain":0.0,"max_hp_loss":0.0,"gold_gain":50.0,"event_name":"betterThird:BetterNest","player_choice":"Steal","floor":22.0,"gold_loss":0.0,"damage_taken":0.0},{"damage_healed":0.0,"max_hp_gain":0.0,"max_hp_loss":0.0,"gold_gain":50.0,"event_name":"Golden Shrine","player_choice":"Pray","floor":30.0,"gold_loss":0.0,"damage_taken":0.0}],"is_beta":false,"boss_relics":[{"not_picked":["Black Star","Cursed Key"],"picked":"Pandora\u0027s Box"},{"not_picked":["Tiny House","Astrolabe"],"picked":"Runic Pyramid"}],"items_purged_floors":[7,31,48],"is_endless":false,"potions_floor_spawned":[2,13,16,18,25,33,37,38,39,42],"ascension_level":20}}