{"host":"lx933ja015x1ub68","time":1612627578,"event":{"mods":["AchievementEnabler","BaseMod","Better Match","Better Third Choice","BetterRewards","Colored Map","Exacting","FTL Soundtrack","Minty Spire (QoL Compilation)","Shop Mod","StSLib","Weighted Paths"],"gold_per_floor":[110,126,126,91,119,149,9,19,19,66,101,11,25,44,44,143,143,158,176,176,218,7,7,76,91,91,91,91,105,105,10,10,107,107,133,151,151,151,171,196,196,0,25,45,95,95,115,115,115,160],"floor_reached":51,"language":"ENG","playtime":7182,"items_purged":["Writhe","Genetic Algorithm"],"score":732,"play_id":"9a3cee7a-32c2-4cee-922e-ecd3c52370f5","local_time":"20210207030618","is_ascension_mode":false,"campfire_choices":[{"floor":15.0,"key":"REST"},{"floor":23,"key":"REST"},{"floor":28,"key":"REST"},{"data":"Blade Dance","floor":30,"key":"SMITH"},{"data":"Mayhem","floor":32,"key":"SMITH"},{"floor":41,"key":"REST"},{"data":"Noxious Fumes","floor":46,"key":"SMITH"},{"data":"Carnage","floor":49,"key":"SMITH"}],"circlet_count":0,"master_deck":["Strike_G","Strike_G","Strike_G","Strike_G","Strike_G","Defend_G","Defend_G","Defend_G","Defend_G","Defend_G","Survivor","Neutralize","Unload","Infinite Blades+1","Blade Dance+1","Dodge and Roll","Sadistic Nature","Slice","PiercingWail","Dodge and Roll","Blur","Slice","Ball Lightning","Stack","Venomology","Dagger Spray","All Out Attack","Carnage+1","Feed","Perfected Strike+1","Underhanded Strike","Outmaneuver","Swift Strike","Dark Shackles","Glacier","FollowUp","Mayhem+1","Vault+1","CurseOfTheBell","Backstab+1","Pommel Strike","Second Wind+1","Venomology+1","Noxious Fumes+1","Bandage Up+1","Leg Sweep+1","Dodge and Roll+1","Slice","Madness+1","Madness+1"],"relics":["Ring of the Serpent","MerchantsRug","Membership Card","Ninja Scroll","Bronze Scales","Letter Opener","PrismaticShard","Ice Cream","Pocketwatch","Pantograph","PreservedInsect","Red Mask","Bag of Marbles","Anchor","Toxic Egg 2","Matryoshka","Calling Bell","Regal Pillow","Sundial","Lizard Tail","Eternal Feather","Kunai","Potion Belt","StoneCalendar"],"acts_visited":["Exordium","TheCity","TheBeyond"],"potions_floor_usage":[21,21,24,29,33,33,33,36,36,39,40,44,45,50,50,50,50,50,50,50],"damage_taken":[{"damage":0.0,"enemies":"Small Slimes","floor":1.0,"turns":1.0},{"damage":0.0,"enemies":"Jaw Worm","floor":2.0,"turns":2.0},{"damage":0.0,"enemies":"Cultist","floor":5.0,"turns":2.0},{"damage":21.0,"enemies":"Gremlin Nob","floor":6.0,"turns":4.0},{"damage":0.0,"enemies":"Red Slaver","floor":8.0,"turns":2.0},{"damage":0.0,"enemies":"3 Louse","floor":10.0,"turns":2.0},{"damage":14.0,"enemies":"3 Sentries","floor":11.0,"turns":6.0},{"damage":0.0,"enemies":"Looter","floor":13.0,"turns":2.0},{"damage":6.0,"enemies":"Red Slaver","floor":14.0,"turns":3.0},{"damage":15.0,"enemies":"Hexaghost","floor":16.0,"turns":6.0},{"damage":1.0,"enemies":"Spheric Guardian","floor":18.0,"turns":3.0},{"damage":20,"enemies":"2 Thieves","floor":19,"turns":3},{"damage":23,"enemies":"Masked Bandits","floor":21,"turns":4},{"damage":11,"enemies":"Slavers","floor":24,"turns":4},{"damage":6,"enemies":"Centurion and Healer","floor":25,"turns":5},{"damage":0,"enemies":"Chosen and Byrds","floor":29,"turns":4},{"damage":12,"enemies":"Automaton","floor":33,"turns":10},{"damage":22,"enemies":"3 Darklings","floor":35,"turns":4},{"damage":25,"enemies":"3 Shapes","floor":36,"turns":3},{"damage":13,"enemies":"Jaw Worm Horde","floor":39,"turns":5},{"damage":12,"enemies":"Reptomancer","floor":40,"turns":6},{"damage":6,"enemies":"3 Darklings","floor":44,"turns":3},{"damage":27,"enemies":"2 Orb Walkers","floor":45,"turns":7},{"damage":30,"enemies":"Spire Growth","floor":47,"turns":5},{"damage":21,"enemies":"Awakened One","floor":50,"turns":12}],"seed_played":"2601758835154117730","potions_obtained":[{"floor":2.0,"key":"Block Potion"},{"floor":10.0,"key":"GamblersBrew"},{"floor":13.0,"key":"AttackPotion"},{"floor":16.0,"key":"CunningPotion"},{"floor":19,"key":"DistilledChaos"},{"floor":24,"key":"FearPotion"},{"floor":25,"key":"GhostInAJar"},{"floor":33,"key":"SkillPotion"},{"floor":39,"key":"Regen Potion"},{"floor":40,"key":"SkillPotion"},{"floor":44,"key":"PowerPotion"},{"floor":47,"key":"PowerPotion"}],"is_trial":false,"path_per_floor":["M","M","?","?","M","E","$","M","T","M","E","$","M","M","R","B",null,"M","M","?","?","$","R","E","M","T","?","R","M","R","$","R","B",null,"M","M","?","?","M","E","R","$","T","M","?","R","M","?","R","B",null],"character_chosen":"THE_SILENT","items_purchased":["MerchantsRug","Membership Card","Ninja Scroll","Bronze Scales","Unload","Infinite Blades","Blade Dance","Dodge and Roll","Sadistic Nature","Slice","PrismaticShard","CunningPotion","Pantograph","Dagger Spray","Underhanded Strike","Outmaneuver","Bag of Marbles","Swift Strike","Mayhem","Noxious Fumes","Bandage Up+1","Leg Sweep+1","Dodge and Roll+1"],"campfire_rested":4,"item_purchase_floors":[0,0,0,0,0,0,0,0,0,7,7,7,12,12,22,22,22,22,31,42,42,42,42],"current_hp_per_floor":[56,56,56,70,70,49,49,49,49,49,35,35,35,29,50,55,70,72,52,52,29,29,50,42,36,36,36,58,61,61,61,61,70,82,63,41,41,41,42,45,88,88,88,82,61,88,64,53,83,70],"gold":160,"neow_bonus":"","is_daily":false,"chose_seed":false,"campfire_upgraded":4,"win_rate":0.0,"timestamp":1612627578,"path_taken":["M","M","?","?","M","E","?","?","T","M","E","$","M","M","R","BOSS","M","M","?","?","$","R","E","M","T","?","R","?","R","?","R","BOSS","M","M","?","?","M","E","R","$","T","M","?","R","M","?","R","BOSS"],"items_purchased_type":["Relic","Relic","Relic","Relic","Card","Card","Card","Card","Card","Card","Relic","Potion","Relic","Card","Card","Card","Relic","Card","Card","Card","Card","Card","Card"],"build_version":"2020-12-22","purchased_purges":2,"victory":true,"max_hp_per_floor":[70,70,70,70,70,70,70,70,70,70,70,70,70,70,70,70,70,73,73,73,73,73,73,76,76,76,76,76,79,79,79,79,82,82,85,88,88,88,88,88,88,88,88,88,88,88,88,88,88,88],"card_choices":[{"not_picked":["Flying Knee","Backflip"],"picked":"Slice","floor":1.0},{"not_picked":["Masterful Stab","Prepared"],"picked":"PiercingWail","floor":2.0},{"not_picked":["PiercingWail","Acrobatics"],"picked":"Dodge and Roll","floor":5.0},{"not_picked":["Distraction","Dodge and Roll"],"picked":"Blur","floor":6.0},{"not_picked":["Chrysalis","Crescendo"],"picked":"Ball Lightning","floor":8.0},{"not_picked":["Pummel","Protect"],"picked":"Stack","floor":10.0},{"not_picked":["Iron Wave","Hologram"],"picked":"Venomology","floor":11.0},{"not_picked":["ClearTheMind","ThirdEye"],"picked":"All Out Attack","floor":13.0},{"not_picked":["Pommel Strike","True Grit"],"picked":"Carnage","floor":14.0},{"not_picked":["All For One","Secret Weapon"],"picked":"Feed","floor":16.0},{"not_picked":["Ball Lightning","Cold Snap"],"picked":"Perfected Strike+1","floor":18.0},{"not_picked":["Armaments","FollowUp+1"],"picked":"Genetic Algorithm","floor":19},{"not_picked":["Reinforced Body","Weave"],"picked":"Dark Shackles","floor":24},{"not_picked":["All Out Attack","EmptyFist"],"picked":"Glacier","floor":25},{"not_picked":["CrushJoints","Body Slam"],"picked":"FollowUp","floor":29},{"not_picked":["Omniscience+1","Impervious+1"],"picked":"Vault+1","floor":33},{"not_picked":["Flex+1","Clothesline"],"picked":"Backstab+1","floor":35},{"not_picked":["Prepared+1","Pray+1"],"picked":"Pommel Strike","floor":36},{"not_picked":["ThirdEye+1","PathToVictory+1"],"picked":"Second Wind+1","floor":39},{"not_picked":["FollowUp","Tools of the Trade"],"picked":"Venomology+1","floor":40},{"not_picked":["Go for the Eyes+1","Whirlwind+1","Doom and Gloom"],"picked":"SKIP","floor":44},{"not_picked":["ClearTheMind+1","WaveOfTheHand+1"],"picked":"Slice","floor":45},{"not_picked":["PanicButton+1","Quick Slash+1","Tantrum+1"],"picked":"SKIP","floor":47}],"player_experience":5003,"relics_obtained":[{"floor":6.0,"key":"Letter Opener"},{"floor":9.0,"key":"Ice Cream"},{"floor":11.0,"key":"Pocketwatch"},{"floor":21,"key":"Red Mask"},{"floor":24,"key":"Anchor"},{"floor":26,"key":"Toxic Egg 2"},{"floor":34,"key":"Regal Pillow"},{"floor":34,"key":"Sundial"},{"floor":34,"key":"Lizard Tail"},{"floor":40,"key":"Eternal Feather"},{"floor":43,"key":"Kunai"},{"floor":43,"key":"Potion Belt"},{"floor":45,"key":"StoneCalendar"}],"event_choices":[{"damage_healed":0.0,"max_hp_gain":0.0,"max_hp_loss":0.0,"gold_gain":0.0,"event_name":"Living Wall","player_choice":"Grow","floor":3.0,"gold_loss":0.0,"damage_taken":0.0,"cards_upgraded":["Infinite Blades"]},{"damage_healed":17.0,"max_hp_gain":0.0,"max_hp_loss":0.0,"gold_gain":0.0,"event_name":"The Cleric","player_choice":"Healed","floor":4.0,"gold_loss":35.0,"damage_taken":0.0},{"damage_healed":0,"gold_gain":0,"player_choice":"Opened","damage_taken":0,"relics_obtained":["PreservedInsect"],"max_hp_gain":0,"max_hp_loss":0,"event_name":"The Mausoleum","floor":20,"gold_loss":0,"cards_obtained":["Writhe"]},{"damage_healed":0,"gold_gain":0,"player_choice":"Fought Bandits","damage_taken":0,"max_hp_gain":0,"max_hp_loss":0,"event_name":"Masked Bandits","floor":21,"gold_loss":0},{"damage_healed":0,"gold_gain":0,"player_choice":"Gave Potion","damage_taken":0,"relics_obtained":["Matryoshka"],"max_hp_gain":0,"max_hp_loss":0,"event_name":"WeMeetAgain","floor":27,"gold_loss":0},{"damage_healed":0,"gold_gain":0,"player_choice":"Ignored","damage_taken":0,"max_hp_gain":0,"max_hp_loss":0,"event_name":"The Moai Head","floor":37,"gold_loss":0},{"damage_healed":0,"gold_gain":0,"player_choice":"Ignored","damage_taken":0,"max_hp_gain":0,"max_hp_loss":0,"event_name":"Tomb of Lord Red Mask","floor":38,"gold_loss":0},{"damage_healed":0,"gold_gain":0,"player_choice":"Fight","damage_taken":0,"max_hp_gain":0,"max_hp_loss":0,"event_name":"Mysterious Sphere","floor":45,"gold_loss":0},{"damage_healed":0,"gold_gain":0,"player_choice":"Embrace Madness","damage_taken":11,"max_hp_gain":0,"max_hp_loss":0,"event_name":"Winding Halls","floor":48,"gold_loss":0,"cards_obtained":["Madness","Madness"]}],"is_beta":false,"boss_relics":[{"not_picked":["Tiny House","Velvet Choker"],"picked":"Ring of the Serpent"},{"not_picked":["Fusion Hammer","HoveringKite"],"picked":"Calling Bell"}],"items_purged_floors":[22,42],"is_endless":false,"potions_floor_spawned":[2,10,13,14,16,19,24,25,33,39,40,44],"ascension_level":0}}