{"host":"lmshf3swj20gmdor","time":1612602336,"event":{"mods":["2.2 Compatiblity","BaseMod","Conspire","Downfall","Googly Eyes","Hubris","Minty Spire (QoL Compilation)","Replay The Spire","Spikes Relics","StSLib","Synergy Search","The Servant 0.9.4"],"gold_per_floor":[99,114,134,150,150,150,150,150,175,110,110,136,153,164,180,282,282,282,296,313,325,410,429,456,256,356,356,404,439,439,439],"floor_reached":29,"language":"ENG","playtime":976,"items_purged":[],"score":311,"play_id":"204b359d-b623-4059-a65f-6c39133991b2","local_time":"20210206090536","is_ascension_mode":true,"campfire_choices":[{"floor":1,"key":"DIG"},{"data":"bronze:Boost","floor":6,"key":"SMITH"},{"data":"bronze:BugBarrage","floor":11,"key":"SMITH"},{"data":"bronze:BugBarrage","floor":18,"key":"SMITH"},{"floor":27,"key":"REST"}],"circlet_count":0,"master_deck":["bronze:Strike","bronze:Strike","bronze:Strike","bronze:Strike","bronze:Defend","bronze:Defend","bronze:Defend","bronze:Defend","bronze:Replicate","bronze:Goto","bronze:BugBarrage","bronze:BugBarrage+1","bronze:Boost+1","CommonCold","bronze:BugBarrage+1","bronze:Boost","bronze:Flail+1","conspire:SpireCoStock","conspire:SpireCoStock","conspire:SpireCoStock","conspire:SpireCoStock"],"relics":["bronze:BronzeCore","Bag of Preparation","bronze:CableSpool","conspire:BottledYoYo","Replay:Ringing Soul","hubris:SlimyHat","conspire:DeflatedDodgeball","Ring of Chaos","ReplayTheSpireMod:TigerMarble"],"acts_visited":["Exordium","TheCity"],"potions_floor_usage":[],"damage_taken":[{"damage":12,"enemies":"Small Slimes","floor":2,"turns":3},{"damage":8,"enemies":"2 Louse","floor":3,"turns":2},{"damage":6,"enemies":"Cultist","floor":4,"turns":3},{"damage":12,"enemies":"3 Sentries","floor":9,"turns":6},{"damage":5,"enemies":"downfall:FleeingMerchant","floor":10,"turns":4},{"damage":21,"enemies":"Lagavulin","floor":12,"turns":4},{"damage":5,"enemies":"Blue Slaver","floor":13,"turns":2},{"damage":0,"enemies":"Large Slime","floor":14,"turns":2},{"damage":0,"enemies":"3 Louse","floor":15,"turns":2},{"damage":6,"enemies":"SI_SHIV_ARCHETYPE","floor":16,"turns":7},{"damage":11,"enemies":"Spheric Guardian","floor":19,"turns":3},{"damage":7,"enemies":"Chosen","floor":20,"turns":4},{"damage":10,"enemies":"Snecko","floor":21,"turns":4},{"damage":32,"enemies":"Centurion and Healer","floor":23,"turns":5},{"damage":24,"enemies":"Snake Plant","floor":28,"turns":5},{"damage":12,"enemies":"Shelled Parasite and Fungi","floor":29,"turns":2}],"seed_played":"4887832061276420787","potions_obtained":[{"floor":3,"key":"hexamod:SoulburnPotion"},{"floor":12,"key":"Strength Potion"},{"floor":15,"key":"Dexterity Potion"}],"is_trial":false,"path_per_floor":["R","M","M","M","?","R","T","?","E","$","R","E","M","M","M","B",null,"R","M","M","M","?","M","T","?","?","R","M","M"],"character_chosen":"THE_AUTOMATON","items_purchased":["bronze:BugBarrage"],"campfire_rested":1,"item_purchase_floors":[10],"current_hp_per_floor":[70,58,50,44,44,44,44,47,35,33,33,12,7,7,7,1,76,76,65,61,54,40,8,8,11,11,36,12,0,0,0],"gold":439,"neow_bonus":"RANDOM_COMMON_RELIC","is_daily":false,"chose_seed":false,"campfire_upgraded":3,"win_rate":0.0,"timestamp":1612602336,"path_taken":["R","M","M","M","?","R","T","?","E","$","R","E","M","M","M","BOSS","R","M","M","M","?","M","T","?","?","R","M","?"],"items_purchased_type":["Card"],"build_version":"2020-12-22","purchased_purges":0,"victory":false,"max_hp_per_floor":[70,70,70,70,70,70,70,73,73,76,76,76,76,76,76,76,76,76,76,79,82,82,82,82,85,85,85,85,85,85,85],"card_choices":[{"not_picked":["bronze:ItsAFeature","bronze:Invalidate"],"picked":"bronze:BugBarrage","floor":2},{"not_picked":["bronze:Safeguard","bronze:ForLoop"],"picked":"bronze:BugBarrage","floor":3},{"not_picked":["bronze:NullPointer","bronze:BuggyMess"],"picked":"bronze:Boost","floor":4},{"not_picked":["bronze:Terminator","bronze:Boost","bronze:ForLoop"],"picked":"SKIP","floor":9},{"not_picked":["bronze:Overheat","bronze:Fortify","bronze:Branch"],"picked":"SKIP","floor":10},{"not_picked":["bronze:Shield","bronze:CutThrough","bronze:BuggyMess"],"picked":"SKIP","floor":12},{"not_picked":["bronze:Return","bronze:Branch","bronze:DelayedSlice"],"picked":"SKIP","floor":13},{"not_picked":["bronze:ChildClass","bronze:Shell","bronze:Library"],"picked":"SKIP","floor":14},{"not_picked":["bronze:FollowUp","bronze:Shell","bronze:Turbo"],"picked":"SKIP","floor":15},{"not_picked":["bronze:NullPointer+1","bronze:Fortify","bronze:Deprecate"],"picked":"SKIP","floor":19},{"not_picked":["bronze:Safeguard","bronze:Shield"],"picked":"bronze:Boost","floor":20},{"not_picked":["bronze:CloningBeam","bronze:CutThrough"],"picked":"bronze:Flail+1","floor":21},{"not_picked":["bronze:GetLatest","bronze:DelayedSlice","bronze:Repulsor+1"],"picked":"SKIP","floor":23},{"not_picked":["bronze:Separator","bronze:ForLoop","bronze:ForceShield"],"picked":"SKIP","floor":28}],"player_experience":785251,"relics_obtained":[{"floor":1,"key":"bronze:CableSpool"},{"floor":7,"key":"Replay:Ringing Soul"},{"floor":9,"key":"hubris:SlimyHat"},{"floor":12,"key":"conspire:DeflatedDodgeball"},{"floor":24,"key":"ReplayTheSpireMod:TigerMarble"}],"event_choices":[{"damage_healed":0,"gold_gain":0,"player_choice":"Invest 4","damage_taken":0,"max_hp_gain":0,"max_hp_loss":0,"event_name":"conspire:Investor","floor":25,"gold_loss":0}],"is_beta":false,"boss_relics":[{"not_picked":["SacredBark","conspire:SpecialSausage"],"picked":"Ring of Chaos"}],"items_purged_floors":[],"is_endless":false,"potions_floor_spawned":[3,12,15,16,23],"killed_by":"Shelled Parasite and Fungi","ascension_level":2}}