{"host":"49pjgf1q9ev52n8z","time":1612585937,"event":{"mods":["BaseMod","Bestiary","Colored Map","Keyboard Shortcuts","Minty Spire (QoL Compilation)","Practice Mode","Relic Stats","StSLib"],"gold_per_floor":[12,12,24,24,42,71,85,85,85,113,43,43,53,78,78,179,179,196,206,206,206,206,206,234,258,258,258,287,327,327,327],"floor_reached":30,"language":"ENG","playtime":2304,"items_purged":[],"score":376,"play_id":"361b2ce6-e490-472f-a2cb-98c116e35a60","local_time":"20210205203217","is_ascension_mode":true,"campfire_choices":[{"floor":8,"key":"REST"},{"data":"Berserk","floor":15,"key":"SMITH"},{"data":"Brutality","floor":23,"key":"SMITH"},{"floor":27,"key":"REST"}],"circlet_count":0,"master_deck":["Strike_R+1","Strike_R+1","Strike_R+1","Strike_R+1","Defend_R+1","Defend_R+1","Defend_R+1","Defend_R+1","Bash","Thinking Ahead","Iron Wave","Berserk+1","Hemokinesis+1","Double Tap","Brutality+1","Blood for Blood","Pommel Strike","Inflame","Demon Form","Ghostly Armor","Hemokinesis","J.A.X.","Clothesline+1","Cleave+1","Shrug It Off"],"relics":["Burning Blood","Blue Candle","Mummified Hand","Sundial","Akabeko","Runic Cube","NlothsMask","CeramicFish","Tiny Chest"],"acts_visited":["Exordium","TheCity"],"potions_floor_usage":[6,6,10,10,25,25,29],"damage_taken":[{"damage":6,"enemies":"Cultist","floor":1,"turns":4},{"damage":7,"enemies":"Jaw Worm","floor":3,"turns":3},{"damage":4,"enemies":"2 Louse","floor":5,"turns":2},{"damage":19,"enemies":"3 Sentries","floor":6,"turns":6},{"damage":26,"enemies":"Gremlin Gang","floor":7,"turns":4},{"damage":4,"enemies":"Gremlin Nob","floor":10,"turns":2},{"damage":0,"enemies":"2 Fungi Beasts","floor":13,"turns":2},{"damage":15,"enemies":"3 Sentries","floor":14,"turns":7},{"damage":31,"enemies":"The Guardian","floor":16,"turns":6},{"damage":16,"enemies":"2 Thieves","floor":18,"turns":3},{"damage":23,"enemies":"Shell Parasite","floor":19,"turns":3},{"damage":47,"enemies":"Book of Stabbing","floor":24,"turns":5},{"damage":9,"enemies":"Snake Plant","floor":25,"turns":4},{"damage":7,"enemies":"Centurion and Healer","floor":28,"turns":4},{"damage":28,"enemies":"Slavers","floor":29,"turns":5},{"damage":18,"enemies":"Snecko","floor":30,"turns":4}],"seed_played":"3989064922271567831","potions_obtained":[{"floor":1,"key":"ColorlessPotion"},{"floor":3,"key":"GamblersBrew"},{"floor":5,"key":"FearPotion"},{"floor":7,"key":"CultistPotion"},{"floor":19,"key":"GamblersBrew"},{"floor":24,"key":"LiquidMemories"},{"floor":25,"key":"CultistPotion"}],"is_trial":false,"path_per_floor":["M","?","M","?","M","E","M","R","T","E","$","?","M","E","R","B",null,"M","M","?","?","?","R","E","M","T","R","M","E","M"],"character_chosen":"IRONCLAD","items_purchased":["Blood for Blood"],"campfire_rested":2,"item_purchase_floors":[11],"current_hp_per_floor":[80,80,79,63,65,52,32,56,56,58,58,58,64,55,55,30,80,70,53,53,53,53,53,12,9,9,33,32,10,0,0],"gold":327,"neow_bonus":"RANDOM_COLORLESS_2","is_daily":false,"chose_seed":false,"campfire_upgraded":2,"win_rate":0.0,"timestamp":1612585937,"path_taken":["M","?","M","?","M","E","M","R","T","E","$","?","M","E","R","BOSS","M","?","?","?","?","R","E","M","T","R","M","E","M"],"items_purchased_type":["Card"],"build_version":"2020-12-22","purchased_purges":0,"victory":false,"max_hp_per_floor":[80,80,80,80,80,80,80,80,80,80,80,80,80,80,80,80,80,80,80,80,80,80,80,80,80,80,80,80,80,80,80],"relic_stats":{"counters":[16,64],"Mummified Hand":[28],"Sundial":[8],"Blue Candle":[0],"CeramicFish":27,"Tiny Chest":0,"obtain_stats":[{"Mummified Hand":9,"Sundial":10,"Blue Candle":6,"CeramicFish":24,"Tiny Chest":29,"Burning Blood":0,"Akabeko":14,"Runic Cube":17,"NlothsMask":22},{"Mummified Hand":5,"Sundial":6,"Blue Candle":4,"CeramicFish":12,"Tiny Chest":15,"Burning Blood":0,"Akabeko":8,"Runic Cube":9,"NlothsMask":11},{"Mummified Hand":19,"Sundial":21,"Blue Candle":15,"CeramicFish":47,"Tiny Chest":60,"Burning Blood":0,"Akabeko":30,"Runic Cube":36,"NlothsMask":42}],"Burning Blood":90,"Runic Cube":[42]},"card_choices":[{"not_picked":["Magnetism","Transmutation"],"picked":"Thinking Ahead","floor":0},{"not_picked":["Cleave","Burning Pact"],"picked":"Iron Wave","floor":1},{"not_picked":["Clash","Reckless Charge","Sword Boomerang"],"picked":"SKIP","floor":3},{"not_picked":["Havoc","Perfected Strike"],"picked":"Hemokinesis","floor":5},{"not_picked":["Sword Boomerang","Bloodletting"],"picked":"Double Tap","floor":6},{"not_picked":["Rage","Twin Strike","Warcry"],"picked":"SKIP","floor":7},{"not_picked":["Battle Trance","Flame Barrier"],"picked":"Brutality","floor":10},{"not_picked":["Hemokinesis","Seeing Red"],"picked":"Pommel Strike","floor":13},{"not_picked":["Sword Boomerang","Bloodletting"],"picked":"Inflame","floor":14},{"not_picked":["Berserk","Bludgeon"],"picked":"Demon Form","floor":16},{"not_picked":["Armaments","Body Slam+1"],"picked":"Ghostly Armor","floor":18},{"not_picked":["Pommel Strike","Dark Embrace"],"picked":"Hemokinesis","floor":19},{"not_picked":["Second Wind","Combust","Infernal Blade"],"picked":"SKIP","floor":24},{"not_picked":["Flex+1","Iron Wave+1"],"picked":"Clothesline+1","floor":25},{"not_picked":["Inflame","Flex"],"picked":"Cleave+1","floor":28},{"not_picked":["Whirlwind","Armaments"],"picked":"Shrug It Off","floor":29}],"player_experience":741360,"relics_obtained":[{"floor":6,"key":"Blue Candle"},{"floor":9,"key":"Mummified Hand"},{"floor":10,"key":"Sundial"},{"floor":14,"key":"Akabeko"},{"floor":24,"key":"CeramicFish"},{"floor":29,"key":"Tiny Chest"}],"event_choices":[{"damage_healed":0,"gold_gain":0,"cards_transformed":["Strike_R"],"player_choice":"Change","damage_taken":0,"max_hp_gain":0,"max_hp_loss":0,"event_name":"Living Wall","floor":2,"gold_loss":0,"cards_obtained":["Berserk"]},{"damage_healed":0,"gold_gain":0,"player_choice":"Entered Light","damage_taken":16,"max_hp_gain":0,"max_hp_loss":0,"event_name":"Shining Light","floor":4,"gold_loss":0,"cards_upgraded":["Strike_R","Strike_R"]},{"damage_healed":0,"gold_gain":0,"player_choice":"Upgraded","damage_taken":0,"max_hp_gain":0,"max_hp_loss":0,"event_name":"Upgrade Shrine","floor":12,"gold_loss":0,"cards_upgraded":["Hemokinesis"]},{"damage_healed":0,"gold_gain":0,"player_choice":"Simplicity","damage_taken":0,"max_hp_gain":0,"max_hp_loss":0,"event_name":"Back to Basics","floor":20,"gold_loss":0,"cards_upgraded":["Strike_R","Strike_R","Defend_R","Defend_R","Defend_R","Defend_R"]},{"damage_healed":0,"gold_gain":0,"player_choice":"Obtain J.A.X.","damage_taken":0,"max_hp_gain":0,"max_hp_loss":0,"event_name":"Drug Dealer","floor":21,"gold_loss":0,"cards_obtained":["J.A.X."]},{"damage_healed":0,"gold_gain":0,"player_choice":"Trade","damage_taken":0,"relics_obtained":["NlothsMask"],"max_hp_gain":0,"max_hp_loss":0,"event_name":"FaceTrader","floor":22,"gold_loss":0}],"is_beta":false,"boss_relics":[{"not_picked":["Cursed Key","Tiny House"],"picked":"Runic Cube"}],"items_purged_floors":[],"is_endless":false,"potions_floor_spawned":[1,3,5,7,19,24,25],"killed_by":"Snecko","ascension_level":4}}