{"host":"x000krxjblg8jdg4","time":1612640042,"event":{"mods":["BaseMod","Downfall","Hermit","Minty Spire (QoL Compilation)","StSLib","The Cursed","The Runesmith","The Servant 0.9.4"],"gold_per_floor":[212,227,242,257,257,286,286,313,313,342,358,377,391,2,2,103,103,114,131,144,159,4,4,21,21,21,21,49,148,148,159,159,264,264,284,296,296,323,334,334,383,383,465,476,21,0,13,40,40,40],"floor_reached":51,"language":"ENG","playtime":4832,"items_purged":[],"score":746,"play_id":"d0283a7d-bd8c-4509-b251-29b48ef2cc32","local_time":"20210206173402","is_ascension_mode":false,"campfire_choices":[{"floor":7,"key":"REST"},{"floor":15,"key":"REST"},{"floor":23,"key":"REST"},{"floor":25,"key":"REST"},{"floor":27,"key":"REST"},{"data":"Creative AI","floor":30,"key":"SMITH"},{"data":"Hello World","floor":32,"key":"SMITH"},{"floor":40,"key":"REST"},{"data":"Zap","floor":49,"key":"SMITH"}],"circlet_count":0,"master_deck":["Strike_B","Strike_B","Defend_B","Defend_B","Defend_B","Defend_B","Zap+1","Dualcast","Rebound","Ball Lightning","Ball Lightning","Conserve Battery","Lockon","Leap","Ball Lightning+1","Barrage+1","Go for the Eyes+1","Hello World+1","Compile Driver+1","Glacier","Creative AI+1","Leap","Gash+1","Beam Cell+1","Go for the Eyes+1","Electrodynamics","Gash+1","FTL+1","Machine Learning","CurseOfTheBell","FTL+1","Streamline+1","Sweeping Beam+1","Conserve Battery","Compile Driver+1","FTL+1","Conserve Battery"],"relics":["Cracked Core","PreservedInsect","Nunchaku","Molten Egg 2","Eternal Feather","Torii","SlaversCollar","Orichalcum","Ice Cream","Shuriken","Calling Bell","Potion Belt","White Beast Statue","Thread and Needle","Omamori","CaptainsWheel","InkBottle","StoneCalendar","Regal Pillow","Red Mask","Boot"],"acts_visited":["Exordium","TheCity","TheBeyond"],"potions_floor_usage":[4,12,12,20,33,33,41,41,41,48,50,50,50,50,50],"damage_taken":[{"damage":0,"enemies":"Cultist","floor":1,"turns":3},{"damage":7,"enemies":"Small Slimes","floor":2,"turns":3},{"damage":2,"enemies":"Jaw Worm","floor":3,"turns":3},{"damage":17,"enemies":"Exordium Thugs","floor":4,"turns":4},{"damage":24,"enemies":"Lagavulin","floor":6,"turns":5},{"damage":0,"enemies":"Gremlin Nob","floor":8,"turns":2},{"damage":18,"enemies":"3 Sentries","floor":10,"turns":5},{"damage":11,"enemies":"3 Louse","floor":11,"turns":3},{"damage":0,"enemies":"Large Slime","floor":12,"turns":2},{"damage":6,"enemies":"Lots of Slimes","floor":13,"turns":4},{"damage":23,"enemies":"Slime Boss","floor":16,"turns":9},{"damage":28,"enemies":"2 Thieves","floor":18,"turns":4},{"damage":36,"enemies":"Spheric Guardian","floor":19,"turns":6},{"damage":8,"enemies":"Chosen and Byrds","floor":20,"turns":7},{"damage":2,"enemies":"Centurion and Healer","floor":21,"turns":9},{"damage":19,"enemies":"Snake Plant","floor":24,"turns":5},{"damage":1,"enemies":"Book of Stabbing","floor":28,"turns":5},{"damage":1,"enemies":"Cultist and Chosen","floor":31,"turns":3},{"damage":34,"enemies":"Collector","floor":33,"turns":8},{"damage":39,"enemies":"3 Darklings","floor":35,"turns":6},{"damage":11,"enemies":"3 Shapes","floor":36,"turns":3},{"damage":16,"enemies":"Spire Growth","floor":39,"turns":5},{"damage":38,"enemies":"2 Orb Walkers","floor":41,"turns":5},{"damage":0,"enemies":"Writhing Mass","floor":44,"turns":9},{"damage":6,"enemies":"Sphere and 2 Shapes","floor":47,"turns":6},{"damage":19,"enemies":"Nemesis","floor":48,"turns":6},{"damage":56,"enemies":"Donu and Deca","floor":50,"turns":8}],"seed_played":"-5318093123687079830","potions_obtained":[{"floor":3,"key":"SkillPotion"},{"floor":6,"key":"Energy Potion"},{"floor":10,"key":"FocusPotion"},{"floor":13,"key":"bronze:BurnAndBuffPotion"},{"floor":16,"key":"LiquidMemories"},{"floor":20,"key":"sneckomod:MuddlingPotion"},{"floor":21,"key":"Weak Potion"},{"floor":31,"key":"Weak Potion"},{"floor":33,"key":"Swift Potion"},{"floor":35,"key":"PotionOfCapacity"},{"floor":36,"key":"Slimebound:ThreeZeroPotion"},{"floor":39,"key":"Explosive Potion"},{"floor":41,"key":"SpeedPotion"},{"floor":44,"key":"bronze:BurnAndBuffPotion"},{"floor":47,"key":"bronze:BurnAndBuffPotion"},{"floor":48,"key":"Energy Potion"}],"is_trial":false,"path_per_floor":["M","M","M","M","?","E","R","E","T","E","M","M","M","$","R","B",null,"M","M","M","M","$","R","M","R","T","R","E","?","R","M","R","B",null,"M","M","?","T","M","R","?","?","T","M","$","?","M","E","R","B",null],"character_chosen":"DEFECT","items_purchased":["Torii","Compile Driver+1","Glacier","Orichalcum","StoneCalendar","Regal Pillow"],"campfire_rested":6,"item_purchase_floors":[14,14,14,22,45,45],"current_hp_per_floor":[75,68,66,49,49,25,47,47,47,29,18,18,12,12,46,23,75,47,11,3,1,1,38,19,56,56,75,74,74,75,74,75,41,75,36,25,25,25,9,49,11,75,75,75,75,75,69,50,71,15],"gold":40,"neow_bonus":"HUNDRED_GOLD","is_daily":false,"chose_seed":false,"campfire_upgraded":3,"win_rate":0.0,"timestamp":1612640042,"path_taken":["M","M","M","M","?","E","R","E","T","E","M","?","M","$","R","BOSS","M","M","M","M","$","R","M","R","T","R","E","?","R","M","R","BOSS","M","M","?","?","M","R","?","?","T","M","$","?","M","E","R","BOSS"],"items_purchased_type":["Relic","Card","Card","Relic","Relic","Relic"],"build_version":"2020-12-22","purchased_purges":0,"victory":true,"max_hp_per_floor":[75,75,75,75,75,75,75,75,75,75,75,75,75,75,75,75,75,75,75,75,75,75,75,75,75,75,75,75,75,75,75,75,75,75,75,75,75,75,75,75,75,75,75,75,75,75,75,75,75,75],"card_choices":[{"not_picked":["Beam Cell","Coolheaded"],"picked":"Rebound","floor":1},{"not_picked":["Reprogram","Auto Shields"],"picked":"Ball Lightning","floor":2},{"not_picked":["Redo","Stack"],"picked":"Ball Lightning","floor":3},{"not_picked":["Ball Lightning","Fusion"],"picked":"Conserve Battery","floor":4},{"not_picked":["Redo","Glacier"],"picked":"Lockon","floor":6},{"not_picked":["Hologram","Coolheaded"],"picked":"Leap","floor":8},{"not_picked":["Tempest","Consume"],"picked":"Ball Lightning+1","floor":10},{"not_picked":["Stack","Redo"],"picked":"Barrage+1","floor":11},{"not_picked":["Doom and Gloom+1","Genetic Algorithm"],"picked":"Go for the Eyes+1","floor":12},{"not_picked":["Compile Driver+1","Hologram"],"picked":"Hello World","floor":13},{"not_picked":["Thunder Strike+1","Fission"],"picked":"Creative AI","floor":16},{"not_picked":["Tempest","Steam Power"],"picked":"Leap","floor":18},{"not_picked":["Static Discharge","Consume"],"picked":"Gash+1","floor":19},{"not_picked":["Steam","Barrage+1"],"picked":"Beam Cell+1","floor":20},{"not_picked":["Redo","Undo"],"picked":"Go for the Eyes+1","floor":21},{"not_picked":["Ball Lightning+1","Stack"],"picked":"Electrodynamics","floor":24},{"not_picked":["Rip and Tear+1","White Noise"],"picked":"Gash+1","floor":28},{"not_picked":["Redo","Reprogram+1"],"picked":"FTL+1","floor":31},{"not_picked":["Amplify","Multi-Cast"],"picked":"Machine Learning","floor":33},{"not_picked":["Compile Driver+1","Coolheaded+1"],"picked":"FTL+1","floor":35},{"not_picked":["Barrage+1","Glacier+1"],"picked":"Streamline+1","floor":36},{"not_picked":["Rip and Tear+1","FTL+1"],"picked":"Sweeping Beam+1","floor":39},{"not_picked":["FTL+1","Skim+1"],"picked":"Conserve Battery","floor":41},{"not_picked":["Hologram","Streamline+1"],"picked":"Compile Driver+1","floor":44},{"not_picked":["Streamline+1","Leap"],"picked":"FTL+1","floor":47},{"not_picked":["Leap","Compile Driver+1"],"picked":"Conserve Battery","floor":48}],"player_experience":65646,"relics_obtained":[{"floor":6,"key":"PreservedInsect"},{"floor":8,"key":"Nunchaku"},{"floor":9,"key":"Molten Egg 2"},{"floor":10,"key":"Eternal Feather"},{"floor":26,"key":"Ice Cream"},{"floor":28,"key":"Shuriken"},{"floor":34,"key":"Potion Belt"},{"floor":34,"key":"White Beast Statue"},{"floor":34,"key":"Thread and Needle"},{"floor":38,"key":"Omamori"},{"floor":41,"key":"CaptainsWheel"},{"floor":43,"key":"InkBottle"},{"floor":48,"key":"Boot"}],"event_choices":[{"cards_removed":["Strike_B"],"damage_healed":0,"gold_gain":0,"player_choice":"Card Removal","damage_taken":0,"max_hp_gain":0,"max_hp_loss":0,"event_name":"Wheel of Change","floor":5,"gold_loss":0},{"damage_healed":0,"gold_gain":99,"player_choice":"Stole From Cult","damage_taken":0,"max_hp_gain":0,"max_hp_loss":0,"event_name":"Nest","floor":29,"gold_loss":0},{"cards_removed":["Strike_B"],"damage_healed":0,"gold_gain":0,"player_choice":"Removed Attack","damage_taken":0,"max_hp_gain":0,"max_hp_loss":0,"event_name":"Falling","floor":37,"gold_loss":0},{"damage_healed":0,"gold_gain":0,"player_choice":"Fight","damage_taken":0,"max_hp_gain":0,"max_hp_loss":0,"event_name":"Mysterious Sphere","floor":41,"gold_loss":0},{"damage_healed":64,"gold_gain":0,"player_choice":"Heal","damage_taken":0,"max_hp_gain":0,"max_hp_loss":0,"event_name":"MindBloom","floor":42,"gold_loss":0,"cards_obtained":["Doubt"]},{"damage_healed":0,"gold_gain":0,"player_choice":"Paid","damage_taken":0,"relics_obtained":["Red Mask"],"max_hp_gain":0,"max_hp_loss":0,"event_name":"Tomb of Lord Red Mask","floor":46,"gold_loss":21}],"is_beta":false,"boss_relics":[{"not_picked":["Runic Dome","Astrolabe"],"picked":"SlaversCollar"},{"not_picked":["Tiny House","FrozenCore"],"picked":"Calling Bell"}],"items_purged_floors":[],"is_endless":false,"potions_floor_spawned":[3,6,10,13,16,20,21,31,33,35,36,39,41,44,47,48],"ascension_level":0}}