{"host":"u1dfzl6o6mfmauc3","time":1612581109,"event":{"mods":["2.2 Compatiblity","AchievementEnabler","BaseMod","Bestiary","Block Reminder","Challenge The Spire","Colored Map","Dark Map","Hermit","Highlight Path","Marisa????????","Minty Spire (QoL Compilation)","Random Character Button","Rare Cards Sparkle","Relic Stats","Robot Space Explorer","StSLib","The Disciple"],"gold_per_floor":[111,128,128,146,221,264,289,289,330,330,360,10,54,70,91,91,91,217,217,236,236,252,252,25,25,63,63,106,129,154,166,6,21,21,44,69,69,69,194,194,208,222,285,285,301,301,339,11,35,66,66,66,66,89,89,89,89,89,89,4,35,35,35],"floor_reached":62,"language":"ENG","playtime":2836,"items_purged":["Strike_B","Strike_B"],"score":1159,"play_id":"3573a1ff-57d2-42dc-9e17-9b9d41f8c747","local_time":"20210205221149","is_ascension_mode":true,"campfire_choices":[{"floor":8,"key":"REST"},{"data":"Defragment","floor":16,"key":"SMITH"},{"floor":17,"key":"REST"},{"data":"Defragment","floor":25,"key":"SMITH"},{"data":"Discovery","floor":31,"key":"SMITH"},{"data":"Seek","floor":34,"key":"SMITH"},{"data":"Reboot","floor":37,"key":"SMITH"},{"data":"Electrodynamics","floor":38,"key":"SMITH"},{"floor":46,"key":"DIG"},{"floor":51,"key":"DIG"},{"floor":55,"key":"DIG"},{"floor":56,"key":"RECALL"},{"floor":59,"key":"DIG"}],"circlet_count":0,"master_deck":["Strike_B","Strike_B","Defend_B","Defend_B","Defend_B","Zap","Dualcast","Defragment+1","Hologram","Rip and Tear","Auto Shields","Coolheaded","Streamline","Defragment+1","Cold Snap","Turbo","Discovery+1","Reboot+1","Ball Lightning","Biased Cognition","Seek+1","Sunder","Self Repair","Electrodynamics+1","Echo Form","Core Surge","Barrage+1","Enlightenment"],"relics":["Runic Pyramid","Golden Idol","MealTicket","Symbiotic Virus","Bottled Flame","FossilizedHelix","Coffee Dripper","Omamori","Torii","Bag of Marbles","MawBank","Inserter","Shovel","Prayer Wheel","Potion Belt","Singing Bowl","Bronze Scales","Nunchaku","Eternal Feather","Gremlin Horn","Boot"],"acts_visited":["Exordium","TheCity","TheBeyond","TheEnding"],"potions_floor_usage":[6,7,13,26,26,33,36,61,61,61,62,62],"damage_taken":[{"damage":2,"enemies":"Jaw Worm","floor":1,"turns":5},{"damage":0,"enemies":"Small Slimes","floor":2,"turns":3},{"damage":15,"enemies":"2 Louse","floor":4,"turns":3},{"damage":16,"enemies":"Gremlin Nob","floor":6,"turns":4},{"damage":1,"enemies":"Exordium Wildlife","floor":7,"turns":6},{"damage":13,"enemies":"Lagavulin","floor":9,"turns":9},{"damage":6,"enemies":"3 Sentries","floor":13,"turns":7},{"damage":0,"enemies":"Large Slime","floor":14,"turns":4},{"damage":0,"enemies":"Red Slaver","floor":15,"turns":3},{"damage":0,"enemies":"Hexaghost","floor":18,"turns":9},{"damage":8,"enemies":"3 Byrds","floor":20,"turns":4},{"damage":0,"enemies":"Shell Parasite","floor":22,"turns":3},{"damage":14,"enemies":"Slavers","floor":26,"turns":5},{"damage":8,"enemies":"Book of Stabbing","floor":28,"turns":5},{"damage":6,"enemies":"Chosen and Byrds","floor":30,"turns":4},{"damage":0,"enemies":"Snecko","floor":33,"turns":5},{"damage":0,"enemies":"Centurion and Healer","floor":35,"turns":6},{"damage":0,"enemies":"Snake Plant","floor":36,"turns":4},{"damage":6,"enemies":"Automaton","floor":39,"turns":10},{"damage":0,"enemies":"3 Shapes","floor":41,"turns":3},{"damage":20,"enemies":"3 Darklings","floor":42,"turns":4},{"damage":0,"enemies":"Mind Bloom Boss Battle","floor":43,"turns":6},{"damage":1,"enemies":"4 Shapes","floor":45,"turns":4},{"damage":0,"enemies":"Reptomancer","floor":47,"turns":5},{"damage":0,"enemies":"Nemesis","floor":50,"turns":5},{"damage":0,"enemies":"Spire Growth","floor":54,"turns":4},{"damage":31,"enemies":"Donu and Deca","floor":57,"turns":6},{"damage":85,"enemies":"Shield and Spear","floor":61,"turns":5},{"damage":51,"enemies":"The Heart","floor":62,"turns":2}],"seed_played":"-7572174124550666277","potions_obtained":[{"floor":1,"key":"Swift Potion"},{"floor":4,"key":"BlessingOfTheForge"},{"floor":7,"key":"Explosive Potion"},{"floor":9,"key":"SkillPotion"},{"floor":22,"key":"BlessingOfTheForge"},{"floor":26,"key":"SkillPotion"},{"floor":30,"key":"SkillPotion"},{"floor":33,"key":"ColorlessPotion"},{"floor":42,"key":"LiquidMemories"},{"floor":43,"key":"DuplicationPotion"},{"floor":44,"key":"AttackPotion"},{"floor":47,"key":"CultistPotion"}],"is_trial":false,"path_per_floor":["M","M","?","M","?","E","M","R","E","T","?","$","E","M","M","R","R","B",null,"M","?","M","?","$","R","E","?","E","T","M","R","$","M","R","M","M","R","R","B",null,"M","M","?","?","M","R","E","$","T","E","R","?","$","M","R","R","B",null,"R","$","E","B"],"character_chosen":"DEFECT","items_purchased":["Defragment","Cold Snap","Turbo","Discovery","Reboot","Omamori","Self Repair","Singing Bowl","Regen Potion","Enlightenment"],"campfire_rested":2,"item_purchase_floors":[12,12,12,12,12,24,32,48,48,60],"current_hp_per_floor":[66,66,48,33,22,6,5,27,14,14,14,29,23,23,23,23,45,45,68,60,60,60,60,75,75,61,61,53,53,47,47,62,69,69,75,75,75,75,75,75,75,62,69,69,75,75,75,75,75,77,77,77,77,81,81,81,57,75,81,81,21,0,0],"gold":35,"neow_bonus":"BOSS_RELIC","is_daily":false,"chose_seed":false,"campfire_upgraded":6,"win_rate":0.0,"timestamp":1612581109,"path_taken":["M","M","?","M","?","E","M","R","E","T","?","$","E","M","M","R","R","BOSS","M","?","M","?","?","R","E","?","E","T","M","R","$","M","R","?","M","R","R","BOSS","M","M","?","?","?","R","E","$","T","E","R","?","$","M","R","R","BOSS","R","$","E","BOSS"],"items_purchased_type":["Card","Card","Card","Card","Card","Relic","Card","Relic","Potion","Card"],"build_version":"2020-12-22","purchased_purges":2,"victory":false,"max_hp_per_floor":[75,75,75,75,75,75,75,75,75,75,75,75,75,75,75,75,75,75,75,75,75,75,75,75,75,75,75,75,75,75,75,75,75,75,75,75,75,75,75,75,75,75,75,75,75,75,75,75,75,77,77,77,77,81,81,81,81,81,81,81,83,83,83],"relic_stats":{"Inserter":[22],"Torii":8,"Singing Bowl":8,"Gremlin Horn":[1,1],"counters":[29,143],"Golden Idol":203,"Eternal Feather":6,"MawBank":36,"Boot":[0],"Nunchaku":[2],"Shovel":4,"Bronze Scales":[48],"MealTicket":45,"Prayer Wheel":1,"obtain_stats":[{"Potion Belt":47,"Inserter":40,"Torii":26,"Singing Bowl":48,"Gremlin Horn":59,"Golden Idol":3,"Eternal Feather":55,"Omamori":24,"MawBank":29,"Boot":61,"Bottled Flame":10,"Nunchaku":51,"Shovel":43,"Bronze Scales":50,"MealTicket":6,"Prayer Wheel":46,"Coffee Dripper":19,"Bag of Marbles":28,"Cracked Core":0,"Symbiotic Virus":9,"FossilizedHelix":13,"Runic Pyramid":0},{"Potion Belt":24,"Inserter":19,"Torii":13,"Singing Bowl":24,"Gremlin Horn":27,"Golden Idol":2,"Eternal Feather":26,"Omamori":12,"MawBank":14,"Boot":28,"Bottled Flame":6,"Nunchaku":25,"Shovel":22,"Bronze Scales":25,"MealTicket":4,"Prayer Wheel":23,"Coffee Dripper":10,"Bag of Marbles":14,"Cracked Core":0,"Symbiotic Virus":6,"FossilizedHelix":7,"Runic Pyramid":0},{"Potion Belt":121,"Inserter":99,"Torii":65,"Singing Bowl":121,"Gremlin Horn":136,"Golden Idol":8,"Eternal Feather":130,"Omamori":60,"MawBank":70,"Boot":141,"Bottled Flame":30,"Nunchaku":126,"Shovel":112,"Bronze Scales":126,"MealTicket":15,"Prayer Wheel":116,"Coffee Dripper":53,"Bag of Marbles":70,"Cracked Core":0,"Symbiotic Virus":30,"FossilizedHelix":37,"Runic Pyramid":0}]},"card_choices":[{"not_picked":["Heatsinks","Hologram"],"picked":"Defragment","floor":1},{"not_picked":["FTL","Undo"],"picked":"Hologram","floor":2},{"not_picked":["Capacitor","Compile Driver"],"picked":"Rip and Tear","floor":4},{"not_picked":["Chaos","Sweeping Beam"],"picked":"Auto Shields","floor":6},{"not_picked":["FTL","Chaos"],"picked":"Coolheaded","floor":7},{"not_picked":["Compile Driver","All For One"],"picked":"Streamline","floor":9},{"not_picked":["Cold Snap","Barrage","Redo"],"picked":"SKIP","floor":13},{"not_picked":["Blizzard","Consume"],"picked":"Ball Lightning","floor":14},{"not_picked":["Genetic Algorithm","Defragment","Barrage"],"picked":"SKIP","floor":15},{"not_picked":["Thunder Strike","Machine Learning"],"picked":"Biased Cognition","floor":18},{"not_picked":["Rip and Tear","Ball Lightning","Steam"],"picked":"SKIP","floor":20},{"not_picked":["Rip and Tear","Ball Lightning","Steam"],"picked":"SKIP","floor":20},{"not_picked":["Chaos","Streamline","Force Field+1"],"picked":"SKIP","floor":22},{"not_picked":["Static Discharge","Storm+1"],"picked":"Seek","floor":26},{"not_picked":["Cold Snap","Gash+1"],"picked":"Sunder","floor":28},{"not_picked":["Leap","Rebound","Ball Lightning+1"],"picked":"SKIP","floor":30},{"not_picked":["Hologram+1","Conserve Battery","Steam"],"picked":"SKIP","floor":33},{"not_picked":["Skim+1","Cold Snap+1"],"picked":"Electrodynamics","floor":35},{"not_picked":["Conserve Battery+1","Ball Lightning","Hologram"],"picked":"SKIP","floor":36},{"not_picked":["Rainbow","Amplify"],"picked":"Echo Form","floor":39},{"not_picked":["Leap+1","Ball Lightning","Melter"],"picked":"SKIP","floor":41},{"not_picked":["Aggregate","Stack","Sweeping Beam+1"],"picked":"SKIP","floor":42},{"not_picked":["Rebound","Undo"],"picked":"Core Surge","floor":43},{"not_picked":["Fusion+1","Leap+1","Ball Lightning"],"picked":"SKIP","floor":45},{"not_picked":["Coolheaded","Reprogram+1"],"picked":"Barrage+1","floor":47},{"not_picked":["Hello World+1","Turbo","Steam+1"],"picked":"Singing Bowl","floor":50},{"not_picked":["Leap+1","Static Discharge","Stack+1"],"picked":"Singing Bowl","floor":54},{"not_picked":["Sunder","Barrage","Reprogram"],"picked":"Singing Bowl","floor":54},{"not_picked":["FTL+1","Go for the Eyes+1","Compile Driver"],"picked":"Singing Bowl","floor":61}],"player_experience":232495,"relics_obtained":[{"floor":6,"key":"MealTicket"},{"floor":9,"key":"Symbiotic Virus"},{"floor":10,"key":"Bottled Flame"},{"floor":13,"key":"FossilizedHelix"},{"floor":26,"key":"Torii"},{"floor":28,"key":"Bag of Marbles"},{"floor":29,"key":"MawBank"},{"floor":43,"key":"Shovel"},{"floor":46,"key":"Prayer Wheel"},{"floor":47,"key":"Potion Belt"},{"floor":50,"key":"Bronze Scales"},{"floor":51,"key":"Nunchaku"},{"floor":55,"key":"Eternal Feather"},{"floor":59,"key":"Gremlin Horn"},{"floor":61,"key":"Boot"}],"event_choices":[{"damage_healed":0,"gold_gain":0,"player_choice":"Take Damage","damage_taken":18,"relics_obtained":["Golden Idol"],"max_hp_gain":0,"max_hp_loss":0,"event_name":"Golden Idol","floor":3,"gold_loss":0},{"damage_healed":0,"gold_gain":75,"player_choice":"Gather Gold","damage_taken":11,"max_hp_gain":0,"max_hp_loss":0,"event_name":"World of Goop","floor":5,"gold_loss":0},{"damage_healed":0,"gold_gain":30,"player_choice":"Searched \u00271\u0027 times","damage_taken":0,"max_hp_gain":0,"max_hp_loss":0,"event_name":"Dead Adventurer","floor":11,"gold_loss":0},{"damage_healed":0,"gold_gain":0,"player_choice":"Ignored","damage_taken":0,"max_hp_gain":0,"max_hp_loss":0,"event_name":"Cursed Tome","floor":21,"gold_loss":0},{"damage_healed":0,"gold_gain":0,"player_choice":"Ignored","damage_taken":0,"max_hp_gain":0,"max_hp_loss":0,"event_name":"The Mausoleum","floor":23,"gold_loss":0},{"damage_healed":0,"gold_gain":0,"player_choice":"Ignored","damage_taken":0,"max_hp_gain":0,"max_hp_loss":0,"event_name":"N\u0027loth","floor":27,"gold_loss":0},{"damage_healed":0,"gold_gain":0,"player_choice":"Fight","damage_taken":0,"max_hp_gain":0,"max_hp_loss":0,"event_name":"MindBloom","floor":43,"gold_loss":0},{"damage_healed":0,"gold_gain":0,"player_choice":"Got Potions","damage_taken":0,"max_hp_gain":0,"max_hp_loss":0,"event_name":"Lab","floor":44,"gold_loss":0},{"cards_removed":["Defend_B"],"damage_healed":0,"gold_gain":0,"player_choice":"Removed Skill","damage_taken":0,"max_hp_gain":0,"max_hp_loss":0,"event_name":"Falling","floor":52,"gold_loss":0}],"is_beta":false,"boss_relics":[{"not_picked":["Cursed Key","Snecko Eye"],"picked":"Coffee Dripper"},{"not_picked":["Fusion Hammer","Nuclear Battery"],"picked":"Inserter"}],"items_purged_floors":[24,32],"is_endless":false,"potions_floor_spawned":[1,4,7,9,22,26,30,33,42,43,47,50,54],"killed_by":"The Heart","ascension_level":6}}