{"host":"u1dfzl6o6mfmauc3","time":1612570164,"event":{"mods":["2.2 Compatiblity","AchievementEnabler","BaseMod","Bestiary","Block Reminder","Challenge The Spire","Colored Map","Dark Map","Hermit","Highlight Path","Marisa????????","Minty Spire (QoL Compilation)","Random Character Button","Rare Cards Sparkle","Relic Stats","Robot Space Explorer","StSLib","The Disciple"],"gold_per_floor":[111,36,36,55,75,34,61,74,108,108,108,121,121,121,138,138,138,239,239,259,246,171,86,86,86,86,86],"floor_reached":26,"language":"ENG","playtime":1458,"items_purged":["Decay"],"score":302,"play_id":"8830ff32-a020-4bca-b4f9-4d974f81e5b0","local_time":"20210205190924","is_ascension_mode":true,"campfire_choices":[{"floor":14,"key":"REST"},{"data":"RobotSpaceExplorer:RigExplosive","floor":17,"key":"SMITH"},{"floor":25,"key":"REST"}],"circlet_count":0,"master_deck":["RobotSpaceExplorer:Strike","RobotSpaceExplorer:Strike","RobotSpaceExplorer:Strike","RobotSpaceExplorer:Defend","RobotSpaceExplorer:Defend","RobotSpaceExplorer:Defend","RobotSpaceExplorer:Defend","RobotSpaceExplorer:Scan","RobotSpaceExplorer:MiniLasers","RobotSpaceExplorer:SurgingStrike","RobotSpaceExplorer:Pulsar","RobotSpaceExplorer:RigExplosive+1","RobotSpaceExplorer:Blitz","RobotSpaceExplorer:Accelerator","RobotSpaceExplorer:Counterblock","RobotSpaceExplorer:ScrapShield","RobotSpaceExplorer:GlueShot","RobotSpaceExplorer:LaserBurst+1","RobotSpaceExplorer:ScrapMissile+1","RobotSpaceExplorer:TrailblazerForm","RobotSpaceExplorer:Calculate","RobotSpaceExplorer:Electropulse+1"],"relics":["RobotSpaceExplorer:RoboCore","FossilizedHelix","Question Card","Dream Catcher","Calipers","Molten Egg 2","Torii","Ginger","RobotSpaceExplorer:SearchSpecs","CaptainsWheel"],"acts_visited":["Exordium","TheCity"],"potions_floor_usage":[7,9,9,12,15,18,20,20,21,26,26],"damage_taken":[{"damage":0,"enemies":"Jaw Worm","floor":1,"turns":4},{"damage":0,"enemies":"Cultist","floor":4,"turns":3},{"damage":0,"enemies":"2 Louse","floor":5,"turns":3},{"damage":17,"enemies":"Lagavulin","floor":7,"turns":7},{"damage":3,"enemies":"Blue Slaver","floor":8,"turns":5},{"damage":14,"enemies":"Gremlin Nob","floor":9,"turns":5},{"damage":0,"enemies":"2 Fungi Beasts","floor":12,"turns":3},{"damage":0,"enemies":"Large Slime","floor":15,"turns":5},{"damage":14,"enemies":"The Guardian","floor":18,"turns":14},{"damage":5,"enemies":"3 Byrds","floor":20,"turns":6},{"damage":7,"enemies":"2 Thieves","floor":21,"turns":5},{"damage":85,"enemies":"Book of Stabbing","floor":26,"turns":10}],"seed_played":"-8427310586055567351","potions_obtained":[{"floor":1,"key":"RobotSpaceExplorer:PlasmaFlask"},{"floor":5,"key":"RobotSpaceExplorer:PlasmaFlask"},{"floor":7,"key":"Block Potion"},{"floor":9,"key":"Regen Potion"},{"floor":18,"key":"Weak Potion"}],"is_trial":false,"path_per_floor":["M","$","?","M","M","$","E","M","E","T","T","M","?","R","M","?","R","B",null,"M","M","?","?","?","R","E"],"character_chosen":"RobotSpaceExplorer","items_purchased":["RobotSpaceExplorer:Blitz"],"campfire_rested":2,"item_purchase_floors":[6],"current_hp_per_floor":[68,68,68,68,68,68,51,48,34,34,34,34,22,44,44,49,49,35,69,64,57,57,57,42,67,0,0],"gold":86,"neow_bonus":"ONE_RARE_RELIC","is_daily":false,"chose_seed":false,"campfire_upgraded":1,"win_rate":0.0,"timestamp":1612570164,"path_taken":["M","$","?","M","M","?","E","?","E","T","T","M","?","R","M","?","R","BOSS","M","M","?","?","?","R","E"],"items_purchased_type":["Card"],"build_version":"2020-12-22","purchased_purges":1,"victory":false,"max_hp_per_floor":[75,75,75,75,75,75,75,75,75,75,75,75,75,75,75,80,80,80,80,80,80,80,80,85,85,85,85],"relic_stats":{"Dream Catcher":2,"Torii":44,"counters":[12,70],"Ginger":[2],"Question Card":12,"obtain_stats":[{"Dream Catcher":7,"CaptainsWheel":23,"Calipers":9,"Torii":11,"RobotSpaceExplorer:RoboCore":0,"Molten Egg 2":10,"RobotSpaceExplorer:SearchSpecs":19,"Ginger":13,"Question Card":3,"FossilizedHelix":0},{"Dream Catcher":4,"CaptainsWheel":11,"Calipers":6,"Torii":6,"RobotSpaceExplorer:RoboCore":0,"Molten Egg 2":6,"RobotSpaceExplorer:SearchSpecs":9,"Ginger":7,"Question Card":1,"FossilizedHelix":0},{"Dream Catcher":17,"CaptainsWheel":60,"Calipers":27,"Torii":27,"RobotSpaceExplorer:RoboCore":0,"Molten Egg 2":27,"RobotSpaceExplorer:SearchSpecs":49,"Ginger":30,"Question Card":4,"FossilizedHelix":0}]},"card_choices":[{"not_picked":["RobotSpaceExplorer:FranticSearch","RobotSpaceExplorer:MetalStrike"],"picked":"RobotSpaceExplorer:SurgingStrike","floor":1},{"not_picked":["RobotSpaceExplorer:StunGrenade","RobotSpaceExplorer:SurgingShield","RobotSpaceExplorer:PlasmaMissile"],"picked":"RobotSpaceExplorer:Pulsar","floor":4},{"not_picked":["RobotSpaceExplorer:SwiftStep","RobotSpaceExplorer:GlueShot","RobotSpaceExplorer:ImprovisedAttack"],"picked":"RobotSpaceExplorer:RigExplosive","floor":5},{"not_picked":["RobotSpaceExplorer:ShockKick","RobotSpaceExplorer:Discharger","RobotSpaceExplorer:FrostMissile"],"picked":"RobotSpaceExplorer:Accelerator","floor":7},{"not_picked":["RobotSpaceExplorer:GlueShot","RobotSpaceExplorer:SlimeMissile","RobotSpaceExplorer:Pulsar"],"picked":"RobotSpaceExplorer:Counterblock","floor":8},{"not_picked":["RobotSpaceExplorer:Reload","RobotSpaceExplorer:Smokescreen","RobotSpaceExplorer:Counterblock"],"picked":"RobotSpaceExplorer:ScrapShield","floor":9},{"not_picked":["RobotSpaceExplorer:FranticSearch","RobotSpaceExplorer:ShockKick+1","RobotSpaceExplorer:ShovelStrike+1"],"picked":"RobotSpaceExplorer:GlueShot","floor":12},{"not_picked":["RobotSpaceExplorer:Autoloader","RobotSpaceExplorer:Probe+1","RobotSpaceExplorer:Counterblock"],"picked":"RobotSpaceExplorer:LaserBurst+1","floor":14},{"not_picked":["RobotSpaceExplorer:GlueShot","RobotSpaceExplorer:StunGrenade+1","RobotSpaceExplorer:ImprovisedAttack+1"],"picked":"RobotSpaceExplorer:ScrapMissile+1","floor":15},{"not_picked":["RobotSpaceExplorer:DroneSwarm","RobotSpaceExplorer:Multitool","RobotSpaceExplorer:Explosion+1"],"picked":"RobotSpaceExplorer:TrailblazerForm","floor":18},{"not_picked":["RobotSpaceExplorer:ScrapMissile+1","RobotSpaceExplorer:LaserBurst+1","RobotSpaceExplorer:FrostMissile+1"],"picked":"RobotSpaceExplorer:Calculate","floor":20},{"not_picked":["RobotSpaceExplorer:Reload","RobotSpaceExplorer:Counterblock","RobotSpaceExplorer:GlueShot"],"picked":"RobotSpaceExplorer:Electropulse+1","floor":21}],"player_experience":228751,"relics_obtained":[{"floor":7,"key":"Dream Catcher"},{"floor":9,"key":"Calipers"},{"floor":10,"key":"Molten Egg 2"},{"floor":11,"key":"Torii"}],"event_choices":[{"damage_healed":0,"gold_gain":0,"player_choice":"Gave Potion","damage_taken":0,"relics_obtained":["Question Card"],"max_hp_gain":0,"max_hp_loss":0,"event_name":"WeMeetAgain","floor":3,"gold_loss":0},{"damage_healed":0,"gold_gain":0,"player_choice":"Success","damage_taken":12,"relics_obtained":["Ginger"],"max_hp_gain":0,"max_hp_loss":0,"event_name":"Scrap Ooze","floor":13,"gold_loss":0},{"damage_healed":0,"gold_gain":0,"player_choice":"Donut","damage_taken":0,"max_hp_gain":5,"max_hp_loss":0,"event_name":"Big Fish","floor":16,"gold_loss":0},{"cards_removed":["RobotSpaceExplorer:Strike"],"damage_healed":0,"gold_gain":0,"player_choice":"Gave Gold","damage_taken":0,"max_hp_gain":0,"max_hp_loss":0,"event_name":"Beggar","floor":22,"gold_loss":75},{"damage_healed":0,"gold_gain":0,"player_choice":"Obtained Relic","damage_taken":0,"relics_obtained":["CaptainsWheel"],"max_hp_gain":0,"max_hp_loss":0,"event_name":"Addict","floor":23,"gold_loss":85},{"damage_healed":0,"gold_gain":0,"player_choice":"Shed Blood","damage_taken":20,"max_hp_gain":5,"max_hp_loss":0,"event_name":"Forgotten Altar","floor":24,"gold_loss":0}],"is_beta":false,"boss_relics":[{"not_picked":["Philosopher\u0027s Stone","Coffee Dripper"],"picked":"RobotSpaceExplorer:SearchSpecs"}],"items_purged_floors":[2],"is_endless":false,"potions_floor_spawned":[1,5,7,9,18],"killed_by":"Book of Stabbing","ascension_level":8}}