{"host":"mydft8i2zzydgggw","time":1612601520,"event":{"mods":["AchievementEnabler","BaseMod","BetterRewards","Colored Map","Colored Powertips","DeckTracker","Keyboard Shortcuts","Minty Spire (QoL Compilation)","Rare Cards Sparkle","StSLib","SuperFastMode","everything is the same but u backflip on backflip"],"gold_per_floor":[115,40,40,6,17,42,58,70,94,105,105,117,152,152,152,248,248,265,280,280,280,297,297,297],"floor_reached":23,"language":"KOR","playtime":487,"items_purged":["Strike_R"],"score":308,"play_id":"8c8d3088-8cc2-41d0-aefc-25248f6af224","local_time":"20210206175200","is_ascension_mode":true,"campfire_choices":[{"data":"Body Slam","floor":11,"key":"SMITH"},{"data":"Entrench","floor":15,"key":"SMITH"}],"circlet_count":0,"master_deck":["Bash","Twin Strike","Evolve","Shrug It Off","True Grit","Body Slam+1","Sentinel","Burning Pact","Entrench+1","Body Slam","Offering","Flame Barrier","Dual Wield","Body Slam","Dual Wield","Double Tap","Shrug It Off","Warcry+1","Carnage","Clothesline"],"relics":["Burning Blood","NeowsBlessing","Red Skull","Anchor","Smiling Mask","Pandora\u0027s Box"],"acts_visited":["Exordium","TheCity"],"potions_floor_usage":[13,16,16,16],"damage_taken":[{"damage":0,"enemies":"Jaw Worm","floor":1,"turns":1},{"damage":0,"enemies":"2 Louse","floor":5,"turns":2},{"damage":0,"enemies":"Gremlin Nob","floor":6,"turns":1},{"damage":6,"enemies":"Cultist","floor":7,"turns":3},{"damage":30,"enemies":"Large Slime","floor":8,"turns":10},{"damage":19,"enemies":"Exordium Wildlife","floor":10,"turns":5},{"damage":4,"enemies":"Blue Slaver","floor":12,"turns":4},{"damage":12,"enemies":"3 Sentries","floor":13,"turns":9},{"damage":47,"enemies":"Slime Boss","floor":16,"turns":11},{"damage":30,"enemies":"3 Byrds","floor":18,"turns":6},{"damage":23,"enemies":"Spheric Guardian","floor":19,"turns":4},{"damage":17,"enemies":"Shelled Parasite and Fungi","floor":22,"turns":7},{"damage":19,"enemies":"Slavers","floor":23,"turns":2}],"seed_played":"2514682094608444138","potions_obtained":[{"floor":1,"key":"FearPotion"},{"floor":5,"key":"Weak Potion"},{"floor":8,"key":"Energy Potion"},{"floor":10,"key":"Fire Potion"},{"floor":13,"key":"LiquidBronze"}],"is_trial":false,"path_per_floor":["M","$","?","$","M","E","M","M","T","M","R","M","E","?","R","B",null,"M","M","?","?","M","E"],"character_chosen":"IRONCLAD","items_purchased":["Evolve"],"campfire_rested":0,"item_purchase_floors":[4],"current_hp_per_floor":[78,78,78,78,80,80,80,56,56,43,43,45,39,65,65,24,66,42,25,25,25,14,0,0],"gold":297,"neow_bonus":"THREE_ENEMY_KILL","is_daily":false,"chose_seed":false,"campfire_upgraded":2,"win_rate":0.0,"timestamp":1612601520,"path_taken":["M","$","?","$","M","E","M","M","T","M","R","M","E","?","R","BOSS","M","M","?","?","M","E"],"items_purchased_type":["Card"],"build_version":"2020-12-22","purchased_purges":1,"victory":false,"max_hp_per_floor":[80,80,80,80,80,80,80,80,80,80,80,80,80,80,80,80,80,80,80,80,80,80,80,80],"card_choices":[{"not_picked":["Pummel","Anger"],"picked":"Twin Strike","floor":1},{"not_picked":["Sever Soul","Intimidate"],"picked":"Shrug It Off","floor":5},{"not_picked":["Clothesline","Headbutt"],"picked":"True Grit","floor":6},{"not_picked":["Combust","Metallicize"],"picked":"Body Slam","floor":7},{"not_picked":["Warcry","Cleave"],"picked":"Sentinel","floor":8},{"not_picked":["Pommel Strike","Carnage"],"picked":"Burning Pact","floor":10},{"not_picked":["Anger","Dark Embrace"],"picked":"Entrench","floor":12},{"not_picked":["Battle Trance","Havoc"],"picked":"Body Slam","floor":13},{"not_picked":["Reaper","Fiend Fire"],"picked":"Offering","floor":16},{"not_picked":["Sword Boomerang","Heavy Blade"],"picked":"Warcry+1","floor":18},{"not_picked":["Twin Strike","Flex+1","Sword Boomerang+1"],"picked":"SKIP","floor":19},{"not_picked":["Wild Strike","Cleave+1","Intimidate"],"picked":"SKIP","floor":22}],"player_experience":237018,"relics_obtained":[{"floor":6,"key":"Red Skull"},{"floor":9,"key":"Anchor"},{"floor":13,"key":"Smiling Mask"}],"event_choices":[{"damage_healed":0,"gold_gain":0,"player_choice":"Ignored","damage_taken":0,"max_hp_gain":0,"max_hp_loss":0,"event_name":"Liars Game","floor":3,"gold_loss":0},{"damage_healed":26,"gold_gain":0,"player_choice":"Banana","damage_taken":0,"max_hp_gain":0,"max_hp_loss":0,"event_name":"Big Fish","floor":14,"gold_loss":0},{"damage_healed":0,"gold_gain":0,"cards_transformed":["Wild Strike","Berserk"],"player_choice":"Became Test Subject","damage_taken":0,"max_hp_gain":0,"max_hp_loss":0,"event_name":"Drug Dealer","floor":20,"gold_loss":0,"cards_obtained":["Carnage","Clothesline"]},{"damage_healed":0,"gold_gain":0,"player_choice":"Ignored","damage_taken":0,"max_hp_gain":0,"max_hp_loss":0,"event_name":"Vampires","floor":21,"gold_loss":0}],"is_beta":false,"boss_relics":[{"not_picked":["Runic Dome","Calling Bell"],"picked":"Pandora\u0027s Box"}],"items_purged_floors":[2],"is_endless":false,"potions_floor_spawned":[1,5,8,10,13],"killed_by":"Slavers","ascension_level":7}}