{"host":"22tt21bn45sbv98g","time":1612595236,"event":{"mods":["Act Like it!","BaseMod","Downfall","Gensokyo","Minty Spire (QoL Compilation)","Remilia£®¿Ÿ√◊¿Ú—«£©","StSLib","The Blackbeard","The Servant 0.9.4","Youmu£®ªÍ∆«—˝√Œ£©"],"gold_per_floor":[116,116,116,22,22,66,66,100,100,100,133,66,110,134,134,134,134],"floor_reached":16,"language":"ZHS","playtime":979,"items_purged":[],"score":200,"play_id":"8d823732-cc89-4621-97fe-950fc0b32533","local_time":"20210206150716","is_ascension_mode":true,"campfire_choices":[{"data":"LeisurelyOfLord","floor":7,"key":"SMITH"},{"data":"HellCatastrophe","floor":10,"key":"SMITH"},{"data":"QueenOfMidnight","floor":15,"key":"SMITH"}],"circlet_count":0,"master_deck":["Strike_RM","Strike_RM","Strike_RM","Strike_RM","Defend_RM","Defend_RM","Defend_RM","Defend_RM","RedMoon","LeisurelyOfLord+1","RedRainbow+1","StarOfDavid+1","HellCatastrophe+1","QueenOfMidnight+1","ScarletDevil+1","VampireClaw","BloodHunter","VampireSweep"],"relics":["ScarletHat","NeowsBlessing","CeramicFish","Gensokyo:PortableGap","Gensokyo:Mercy","Vajra","Shuriken","HornCleat","ScarletDevilRocket","Whetstone"],"acts_visited":["Exordium"],"potions_floor_usage":[16,16,16],"damage_taken":[{"damage":0,"enemies":"Gensokyo:3_Fairies","floor":1,"turns":2},{"damage":0,"enemies":"Gensokyo:Aya","floor":6,"turns":1},{"damage":0,"enemies":"Gensokyo:Mamizou","floor":8,"turns":3},{"damage":0,"enemies":"Gensokyo:2_Kodama","floor":11,"turns":5},{"damage":22,"enemies":"Gensokyo:Cirno","floor":13,"turns":7},{"damage":0,"enemies":"Gensokyo:Python","floor":14,"turns":2},{"damage":48,"enemies":"Gensokyo:Yukari","floor":16,"turns":8}],"seed_played":"4883204487901016312","potions_obtained":[{"floor":8,"key":"champ:CounterPotion"},{"floor":11,"key":"FearPotion"},{"floor":14,"key":"CultistPotion"}],"is_trial":false,"path_per_floor":["M","?","?","COS","?","E","R","E","T","R","M","$","E","M","R","B"],"character_chosen":"REMILIA","items_purchased":["VampireClaw"],"campfire_rested":0,"item_purchase_floors":[12],"current_hp_per_floor":[75,60,60,60,60,60,60,60,60,60,60,60,40,40,40,0,0],"gold":134,"neow_bonus":"THREE_ENEMY_KILL","is_daily":false,"chose_seed":false,"campfire_upgraded":3,"win_rate":0.0,"timestamp":1612595236,"path_taken":["M","?","?","COS","?","E","R","E","T","R","?","$","E","M","R","BOSS"],"items_purchased_type":["Card"],"build_version":"2020-12-22","purchased_purges":0,"victory":false,"max_hp_per_floor":[75,75,68,68,68,68,68,68,68,68,68,68,68,68,68,68,68],"card_choices":[{"not_picked":["BombardNight","BloodHunter"],"picked":"LeisurelyOfLord","floor":1},{"not_picked":["CharismaGuard+1","FavorOfDestiny+1"],"picked":"RedRainbow+1","floor":6},{"not_picked":["BombardNight","ForbiddenFruit"],"picked":"StarOfDavid","floor":6},{"not_picked":["FitfulNightmare","UnstableMagic"],"picked":"HellCatastrophe","floor":8},{"not_picked":["BatForm","HellCatastrophe"],"picked":"QueenOfMidnight","floor":11},{"not_picked":["UnstableMagic","StarOfDavid"],"picked":"ScarletDevil","floor":11},{"not_picked":["StarOfDavid","UnstableMagic"],"picked":"BloodHunter","floor":13},{"not_picked":["CharismaGuard","BloodHunter"],"picked":"VampireSweep","floor":14}],"player_experience":318672,"relics_obtained":[{"floor":6,"key":"Vajra"},{"floor":8,"key":"Shuriken"},{"floor":9,"key":"HornCleat"},{"floor":13,"key":"Whetstone"}],"event_choices":[],"is_beta":false,"boss_relics":[],"items_purged_floors":[],"is_endless":false,"potions_floor_spawned":[8,11,14],"killed_by":"Gensokyo:Yukari","ascension_level":5}}