{"host":"8zow35rkxv448q2r","time":1612630077,"event":{"mods":["AchievementEnabler","BaseMod","Colored Map","Colored Powertips","Minty Spire (QoL Compilation)","Relic Stats"],"gold_per_floor":[114,124,999277,999277,999277,999277,999127,999127,999127,999143,999167,999193,999153,998528,998528,998632,998632,998642,998642,997924,997940,997953,997982,998001,997566,997566,997577,997577,997309,997325,997325,997325,997429,997429,997443,997493,997505,997192,997212,997212,997224,997244,997315,997315,997385,997397,996925,996925,996925,996925,996925,996925,996653,996678,996678,996678],"floor_reached":55,"language":"ENG","playtime":3934,"items_purged":["Metallicize","Seeing Red"],"score":1040,"play_id":"97936c5c-18c2-4f3e-a654-6a0263603f1a","local_time":"20210206114757","is_ascension_mode":true,"campfire_choices":[{"floor":6,"key":"RECALL"},{"floor":8,"key":"REST"},{"floor":15,"key":"REST"},{"floor":32,"key":"REST"},{"floor":40,"key":"REST"},{"floor":44,"key":"REST"},{"data":"Twin Strike","floor":49,"key":"PURGE"},{"data":"Juggernaut","floor":52,"key":"PURGE"}],"circlet_count":0,"master_deck":["AscendersBane","Strike_R+1","Strike_R+1","Strike_R+1","Strike_R+1","Strike_R+1","Defend_R+1","Defend_R+1","Defend_R+1","Defend_R+1","Bash","Flame Barrier","Heavy Blade","Fire Breathing","Body Slam+1","Cleave","Combust","Twin Strike+1","Swift Strike","Disarm","Spot Weakness","Rupture+1","Dark Shackles+1","Rupture+1","Barricade","CurseOfTheBell","Metallicize+1","Seeing Red+1","Inflame+1","Mayhem+1"],"relics":["Fusion Hammer","Red Skull","Meat on the Bone","Toolbox","Strawberry","Boot","Oddly Smooth Stone","Whetstone","Pocketwatch","Medical Kit","Runic Cube","MutagenicStrength","OrangePellets","Vajra","Bag of Preparation","Unceasing Top","Membership Card","MealTicket","Centennial Puzzle","Toxic Egg 2","Anchor","Nunchaku","DollysMirror","Calling Bell","Lantern","Frozen Egg 2","Peace Pipe","Magic Flower","Toy Ornithopter","Ancient Tea Set","TheAbacus","Bottled Lightning","Blue Candle","Blood Vial","Letter Opener","Lee\u0027s Waffle","Ice Cream","Sling","Art of War","Bronze Scales","Bag of Marbles"],"acts_visited":["Exordium","TheCity","TheBeyond","TheEnding"],"potions_floor_usage":[12,12,16,16,16,22,27,33,33,33,36,42,50,50,54,54,55,55],"damage_taken":[{"damage":0,"enemies":"Small Slimes","floor":1,"turns":3},{"damage":8,"enemies":"2 Louse","floor":2,"turns":3},{"damage":0,"enemies":"Cultist","floor":10,"turns":4},{"damage":25,"enemies":"Lagavulin","floor":12,"turns":6},{"damage":7,"enemies":"Hexaghost","floor":16,"turns":8},{"damage":18,"enemies":"Shell Parasite","floor":18,"turns":6},{"damage":17,"enemies":"3 Byrds","floor":21,"turns":3},{"damage":13,"enemies":"Centurion and Healer","floor":22,"turns":3},{"damage":30,"enemies":"Slavers","floor":23,"turns":3},{"damage":12,"enemies":"Snake Plant","floor":24,"turns":2},{"damage":12,"enemies":"Cultist and Chosen","floor":27,"turns":2},{"damage":7,"enemies":"Shelled Parasite and Fungi","floor":30,"turns":4},{"damage":37,"enemies":"Collector","floor":33,"turns":7},{"damage":33,"enemies":"3 Darklings","floor":35,"turns":4},{"damage":2,"enemies":"Mind Bloom Boss Battle","floor":36,"turns":6},{"damage":1,"enemies":"Orb Walker","floor":37,"turns":3},{"damage":23,"enemies":"Writhing Mass","floor":39,"turns":6},{"damage":23,"enemies":"Jaw Worm Horde","floor":41,"turns":4},{"damage":41,"enemies":"Spire Growth","floor":42,"turns":5},{"damage":4,"enemies":"4 Shapes","floor":46,"turns":4},{"damage":24,"enemies":"Time Eater","floor":50,"turns":6},{"damage":98,"enemies":"Shield and Spear","floor":54,"turns":5},{"damage":95,"enemies":"The Heart","floor":55,"turns":5}],"seed_played":"-7628916923464949752","potions_obtained":[{"floor":1,"key":"LiquidBronze"},{"floor":13,"key":"Weak Potion"},{"floor":13,"key":"EssenceOfSteel"},{"floor":21,"key":"SteroidPotion"},{"floor":24,"key":"SkillPotion"},{"floor":27,"key":"SpeedPotion"},{"floor":33,"key":"ColorlessPotion"},{"floor":35,"key":"SpeedPotion"},{"floor":39,"key":"Dexterity Potion"},{"floor":42,"key":"SteroidPotion"},{"floor":54,"key":"Dexterity Potion"}],"is_trial":false,"path_per_floor":["M","M","$","?","?","R","?","R","T","M","T","E","?","$","R","B",null,"M","?","$","M","M","E","M","$","T","M","?","$","M","?","R","B",null,"M","?","M","$","M","R","M","M","T","R","T","M","$","T","R","B",null,"R","$","E","B"],"character_chosen":"IRONCLAD","items_purchased":["Heavy Blade","Fire Breathing","Red Skull","Meat on the Bone","Toolbox","DistilledChaos","HeartOfIron","Whetstone","Pocketwatch","Medical Kit","Combust","Swift Strike","OrangePellets","Regen Potion","GamblersBrew","Swift Potion","Vajra","Bag of Preparation","HeartOfIron","Membership Card","MealTicket","Centennial Puzzle","Metallicize","Anchor","Nunchaku","Dark Shackles+1","DollysMirror","Toy Ornithopter","Ancient Tea Set","TheAbacus","ColorlessPotion","SteroidPotion","Mayhem+1","Blood Vial","Letter Opener","Lee\u0027s Waffle","Regen Potion","BloodPotion","Sling","Art of War","Bronze Scales","SpeedPotion","Weak Potion"],"campfire_rested":5,"item_purchase_floors":[3,3,3,3,3,3,3,14,14,14,14,20,20,20,20,20,20,20,25,25,25,25,25,29,29,29,29,38,38,38,38,38,47,47,47,47,47,47,53,53,53,53,53],"current_hp_per_floor":[72,64,64,64,64,64,71,87,87,87,87,62,62,62,87,80,85,67,67,67,50,46,28,28,28,28,28,28,43,48,48,74,49,78,45,55,54,69,46,72,49,34,34,60,60,56,94,94,94,81,91,91,94,57,0,0],"gold":996678,"neow_bonus":"BOSS_RELIC","is_daily":false,"chose_seed":false,"campfire_upgraded":0,"win_rate":0.0,"timestamp":1612630077,"path_taken":["M","M","$","?","?","R","?","R","T","?","?","E","?","$","R","BOSS","M","?","$","M","M","E","M","$","T","M","?","$","?","?","R","BOSS","M","?","M","$","M","R","M","M","T","R","?","M","$","?","R","BOSS","R","$","E","BOSS"],"items_purchased_type":["Card","Card","Relic","Relic","Relic","Potion","Potion","Relic","Relic","Relic","Card","Card","Relic","Potion","Potion","Potion","Relic","Relic","Potion","Relic","Relic","Relic","Card","Relic","Relic","Card","Relic","Relic","Relic","Relic","Potion","Potion","Card","Relic","Relic","Relic","Potion","Potion","Relic","Relic","Relic","Potion","Potion"],"build_version":"2020-12-22","purchased_purges":2,"victory":false,"max_hp_per_floor":[80,80,80,80,80,80,87,87,87,87,87,87,87,87,87,87,87,87,87,87,87,87,87,87,87,87,87,87,87,87,87,87,87,87,87,87,87,87,87,87,87,87,87,87,87,87,94,94,94,94,94,94,94,94,94,94],"relic_stats":{"Lee\u0027s Waffle":23,"counters":[23,102],"Blue Candle":[5],"Magic Flower":[40],"Bag of Preparation":[34],"Whetstone":["Body Slam","Strike_R"],"Letter Opener":[30],"Boot":[33],"Medical Kit":[9],"Peace Pipe":2,"Blood Vial":3,"OrangePellets":[18],"Centennial Puzzle":[39],"Nunchaku":[11],"TheAbacus":[42],"Bronze Scales":[66],"MealTicket":48,"Art of War":[0],"obtain_stats":[{"Ice Cream":48,"Lantern":34,"Vajra":20,"Magic Flower":36,"Bag of Preparation":20,"Whetstone":14,"Boot":11,"Ancient Tea Set":38,"Sling":53,"Burning Blood":0,"Blood Vial":47,"Centennial Puzzle":25,"Nunchaku":29,"TheAbacus":38,"DollysMirror":29,"Strawberry":7,"Toolbox":3,"MealTicket":25,"Fusion Hammer":0,"Toxic Egg 2":26,"Red Skull":3,"Runic Cube":17,"Lee\u0027s Waffle":47,"Blue Candle":45,"Oddly Smooth Stone":12,"Letter Opener":47,"Frozen Egg 2":34,"Medical Kit":14,"Calling Bell":34,"Peace Pipe":34,"OrangePellets":20,"Anchor":29,"MutagenicStrength":19,"Bronze Scales":53,"Art of War":53,"Bag of Marbles":54,"Membership Card":25,"Bottled Lightning":43,"Unceasing Top":23,"Toy Ornithopter":38,"Meat on the Bone":3,"Pocketwatch":14},{"Ice Cream":20,"Lantern":13,"Vajra":6,"Magic Flower":15,"Bag of Preparation":6,"Whetstone":4,"Boot":3,"Ancient Tea Set":16,"Sling":21,"Burning Blood":0,"Blood Vial":20,"Centennial Puzzle":10,"Nunchaku":11,"TheAbacus":16,"DollysMirror":11,"Strawberry":2,"Toolbox":2,"MealTicket":10,"Fusion Hammer":0,"Toxic Egg 2":10,"Red Skull":2,"Runic Cube":5,"Lee\u0027s Waffle":20,"Blue Candle":19,"Oddly Smooth Stone":4,"Letter Opener":20,"Frozen Egg 2":13,"Medical Kit":4,"Calling Bell":13,"Peace Pipe":13,"OrangePellets":6,"Anchor":11,"MutagenicStrength":6,"Bronze Scales":21,"Art of War":21,"Bag of Marbles":22,"Membership Card":10,"Bottled Lightning":19,"Unceasing Top":9,"Toy Ornithopter":16,"Meat on the Bone":2,"Pocketwatch":4},{"Ice Cream":86,"Lantern":54,"Vajra":30,"Magic Flower":64,"Bag of Preparation":30,"Whetstone":16,"Boot":10,"Ancient Tea Set":67,"Sling":92,"Burning Blood":0,"Blood Vial":86,"Centennial Puzzle":41,"Nunchaku":43,"TheAbacus":67,"DollysMirror":43,"Strawberry":6,"Toolbox":6,"MealTicket":41,"Fusion Hammer":0,"Toxic Egg 2":41,"Red Skull":6,"Runic Cube":24,"Lee\u0027s Waffle":86,"Blue Candle":82,"Oddly Smooth Stone":16,"Letter Opener":86,"Frozen Egg 2":54,"Medical Kit":16,"Calling Bell":54,"Peace Pipe":54,"OrangePellets":30,"Anchor":43,"MutagenicStrength":30,"Bronze Scales":92,"Art of War":92,"Bag of Marbles":97,"Membership Card":41,"Bottled Lightning":82,"Unceasing Top":39,"Toy Ornithopter":67,"Meat on the Bone":6,"Pocketwatch":16}],"Unceasing Top":[8],"Toy Ornithopter":51,"Meat on the Bone":108,"Pocketwatch":[38],"Runic Cube":[107]},"card_choices":[{"not_picked":["Searing Blow","Reckless Charge"],"picked":"Flame Barrier","floor":1},{"not_picked":["Shrug It Off","Havoc"],"picked":"Armaments","floor":2},{"not_picked":["Perfected Strike","Evolve"],"picked":"Twin Strike","floor":10},{"not_picked":["Flame Barrier","Warcry"],"picked":"Cleave","floor":12},{"not_picked":["Double Tap","Brutality"],"picked":"Juggernaut","floor":16},{"not_picked":["Heavy Blade+1","Battle Trance"],"picked":"Twin Strike+1","floor":18},{"not_picked":["Clash","Armaments"],"picked":"Seeing Red","floor":21},{"not_picked":["Fire Breathing","Carnage"],"picked":"Disarm","floor":22},{"not_picked":["Anger","Pummel"],"picked":"Spot Weakness","floor":23},{"not_picked":["Twin Strike","Thunderclap","Armaments"],"picked":"SKIP","floor":24},{"not_picked":["Brutality","Warcry+1"],"picked":"Rupture","floor":27},{"not_picked":["True Grit+1","Body Slam+1","Wild Strike+1"],"picked":"SKIP","floor":30},{"not_picked":["Fiend Fire","Exhume+1"],"picked":"Barricade","floor":33},{"not_picked":["Wild Strike+1","Havoc+1","Armaments+1"],"picked":"SKIP","floor":35},{"not_picked":["Pommel Strike+1","Searing Blow+1"],"picked":"Metallicize+1","floor":37},{"not_picked":["Fire Breathing+1","Pommel Strike+1"],"picked":"Seeing Red+1","floor":39},{"not_picked":["True Grit+1","Headbutt+1","Twin Strike"],"picked":"SKIP","floor":41},{"not_picked":["Uppercut+1","Pummel"],"picked":"Inflame+1","floor":42},{"not_picked":["Iron Wave","Carnage","Pummel+1"],"picked":"SKIP","floor":46},{"not_picked":["Second Wind+1","Iron Wave","Thunderclap"],"picked":"SKIP","floor":54}],"player_experience":172393,"relics_obtained":[{"floor":11,"key":"Boot"},{"floor":12,"key":"Oddly Smooth Stone"},{"floor":23,"key":"Unceasing Top"},{"floor":26,"key":"Toxic Egg 2"},{"floor":34,"key":"Lantern"},{"floor":34,"key":"Frozen Egg 2"},{"floor":34,"key":"Peace Pipe"},{"floor":36,"key":"Magic Flower"},{"floor":43,"key":"Bottled Lightning"},{"floor":45,"key":"Blue Candle"},{"floor":48,"key":"Ice Cream"},{"floor":54,"key":"Bag of Marbles"}],"event_choices":[{"damage_healed":0,"gold_gain":0,"cards_transformed":["Armaments"],"player_choice":"Change","damage_taken":0,"max_hp_gain":0,"max_hp_loss":0,"event_name":"Living Wall","floor":4,"gold_loss":0,"cards_obtained":["Body Slam"]},{"damage_healed":0,"gold_gain":0,"player_choice":"Ignored","damage_taken":0,"max_hp_gain":0,"max_hp_loss":0,"event_name":"Golden Idol","floor":5,"gold_loss":0},{"damage_healed":0,"gold_gain":0,"player_choice":"Paid Gold","damage_taken":0,"relics_obtained":["Strawberry"],"max_hp_gain":0,"max_hp_loss":0,"event_name":"WeMeetAgain","floor":7,"gold_loss":150},{"damage_healed":0,"gold_gain":0,"player_choice":"Bought 3 Potions","damage_taken":0,"max_hp_gain":0,"max_hp_loss":0,"event_name":"The Woman in Blue","floor":13,"gold_loss":0},{"damage_healed":0,"gold_gain":0,"player_choice":"Inject Mutagens","damage_taken":0,"relics_obtained":["MutagenicStrength"],"max_hp_gain":0,"max_hp_loss":0,"event_name":"Drug Dealer","floor":19,"gold_loss":0},{"damage_healed":0,"gold_gain":0,"player_choice":"Upgraded","damage_taken":0,"max_hp_gain":0,"max_hp_loss":0,"event_name":"Upgrade Shrine","floor":28,"gold_loss":0,"cards_upgraded":["Rupture"]},{"damage_healed":0,"gold_gain":0,"player_choice":"Simplicity","damage_taken":0,"max_hp_gain":0,"max_hp_loss":0,"event_name":"Back to Basics","floor":31,"gold_loss":0,"cards_upgraded":["Strike_R","Strike_R","Strike_R","Strike_R","Defend_R","Defend_R","Defend_R","Defend_R"]},{"damage_healed":0,"gold_gain":0,"player_choice":"Fight","damage_taken":0,"max_hp_gain":0,"max_hp_loss":0,"event_name":"MindBloom","floor":36,"gold_loss":0}],"is_beta":false,"boss_relics":[{"not_picked":["Runic Dome","SacredBark"],"picked":"Runic Cube"},{"not_picked":["Coffee Dripper","Cursed Key"],"picked":"Calling Bell"}],"items_purged_floors":[38,47],"is_endless":false,"potions_floor_spawned":[1,21,24,27,30,33,35,39,42,46,54],"killed_by":"The Heart","ascension_level":10}}