{"host":"vlqejv0notyktumz","time":1612639100,"event":{"mods":["AchievementEnabler","BaseMod","Colored Map","Colored Powertips","Downfall","Googly Eyes","Minty Spire (QoL Compilation)","StSLib"],"gold_per_floor":[214,231,30,47,47,47,82,82,82,82,8,8,35,49,49,153,153,167,167,167,181,195,195,214,58,58,58,87,87,87,113,113,113,113],"floor_reached":33,"language":"ENG","playtime":649,"items_purged":["Strike_B"],"score":407,"play_id":"2e86ee90-f701-4076-a3a7-c9afa360d3ec","local_time":"20210206131820","is_ascension_mode":true,"campfire_choices":[{"data":"Streamline","floor":6,"key":"SMITH"},{"data":"Static Discharge","floor":8,"key":"SMITH"},{"data":"Zap","floor":12,"key":"SMITH"},{"floor":15,"key":"REST"},{"data":"Electrodynamics","floor":23,"key":"SMITH"},{"floor":29,"key":"REST"},{"data":"Defragment","floor":32,"key":"SMITH"}],"circlet_count":0,"master_deck":["AscendersBane","Strike_B","Strike_B","Strike_B","Defend_B","Defend_B","Defend_B","Defend_B","Zap+1","Dualcast","Streamline+1","Static Discharge+1","Defragment+1","Stack+1","Beam Cell+1","Capacitor","Lockon","Electrodynamics+1","Thunder Strike","Leap"],"relics":["Cracked Core","Eternal Feather","Centennial Puzzle","Vajra","Nuclear Battery","Strawberry","Pen Nib","Regal Pillow","Blood Vial","Bag of Preparation"],"acts_visited":["Exordium","TheCity"],"potions_floor_usage":[7,13,28,33],"damage_taken":[{"damage":3,"enemies":"2 Louse","floor":1,"turns":3},{"damage":4,"enemies":"Jaw Worm","floor":2,"turns":4},{"damage":0,"enemies":"Cultist","floor":4,"turns":3},{"damage":20,"enemies":"3 Sentries","floor":7,"turns":7},{"damage":17,"enemies":"Lagavulin","floor":13,"turns":5},{"damage":3,"enemies":"Exordium Wildlife","floor":14,"turns":3},{"damage":33,"enemies":"Slime Boss","floor":16,"turns":7},{"damage":2,"enemies":"3 Byrds","floor":18,"turns":1},{"damage":0,"enemies":"Spheric Guardian","floor":21,"turns":3},{"damage":20,"enemies":"Chosen and Byrds","floor":22,"turns":5},{"damage":10,"enemies":"3 Cultists","floor":24,"turns":4},{"damage":41,"enemies":"Book of Stabbing","floor":28,"turns":5},{"damage":98,"enemies":"Champ","floor":33,"turns":6}],"seed_played":"-3922596129933254069","potions_obtained":[{"floor":2,"key":"Block Potion"},{"floor":7,"key":"Weak Potion"},{"floor":16,"key":"Ancient Potion"},{"floor":24,"key":"hexamod:SoulburnPotion"},{"floor":28,"key":"bronze:BurnAndBuffPotion"}],"is_trial":false,"path_per_floor":["M","M","$","M","?","R","E","R","T","?","$","R","E","M","R","B",null,"M","?","?","M","M","R","M","$","T","$","E","R","?","T","R","B"],"character_chosen":"DEFECT","items_purchased":["Defragment","Stack","Capacitor","Pen Nib"],"campfire_rested":2,"item_purchase_floors":[3,3,11,25],"current_hp_per_floor":[65,61,61,61,61,61,41,50,50,50,50,59,42,39,70,37,66,64,64,71,71,51,63,53,53,53,53,12,63,63,63,75,0,0],"gold":113,"neow_bonus":"HUNDRED_GOLD","is_daily":false,"chose_seed":false,"campfire_upgraded":5,"win_rate":0.0,"timestamp":1612639100,"path_taken":["M","M","$","M","?","R","E","R","T","?","$","R","E","?","R","BOSS","M","?","?","M","?","R","M","$","T","$","E","R","?","?","R","BOSS"],"items_purchased_type":["Card","Card","Card","Relic"],"build_version":"2020-12-22","purchased_purges":1,"victory":false,"max_hp_per_floor":[75,75,75,75,75,75,75,75,75,75,75,75,75,75,75,75,75,75,75,82,82,82,82,82,82,82,82,82,82,82,82,82,82,82],"card_choices":[{"not_picked":["Darkness","Genetic Algorithm"],"picked":"Streamline","floor":1},{"not_picked":["Barrage","Redo"],"picked":"Static Discharge","floor":2},{"not_picked":["Turbo","Leap"],"picked":"Beam Cell","floor":4},{"not_picked":["Gash","Heatsinks","Self Repair"],"picked":"SKIP","floor":7},{"not_picked":["Hologram","Stack","Turbo"],"picked":"SKIP","floor":13},{"not_picked":["Sweeping Beam","Cold Snap"],"picked":"Lockon","floor":14},{"not_picked":["Multi-Cast","Reboot"],"picked":"Electrodynamics","floor":16},{"not_picked":["Double Energy","Rebound+1","Compile Driver"],"picked":"SKIP","floor":18},{"not_picked":["Turbo+1","Cold Snap"],"picked":"Thunder Strike","floor":21},{"not_picked":["Barrage+1","Rebound"],"picked":"Leap","floor":22},{"not_picked":["Ball Lightning","Recycle","Blizzard+1"],"picked":"SKIP","floor":24},{"not_picked":["Sweeping Beam+1","Rainbow","Ball Lightning"],"picked":"SKIP","floor":28}],"player_experience":396882,"relics_obtained":[{"floor":7,"key":"Eternal Feather"},{"floor":9,"key":"Centennial Puzzle"},{"floor":13,"key":"Vajra"},{"floor":26,"key":"Regal Pillow"},{"floor":28,"key":"Blood Vial"},{"floor":31,"key":"Bag of Preparation"}],"event_choices":[{"damage_healed":0,"gold_gain":0,"player_choice":"Grow","damage_taken":0,"max_hp_gain":0,"max_hp_loss":0,"event_name":"Living Wall","floor":5,"gold_loss":0,"cards_upgraded":["Stack"]},{"damage_healed":0,"gold_gain":0,"player_choice":"Upgraded","damage_taken":0,"max_hp_gain":0,"max_hp_loss":0,"event_name":"Upgrade Shrine","floor":10,"gold_loss":0,"cards_upgraded":["Beam Cell"]},{"damage_healed":0,"gold_gain":0,"player_choice":"Ignored","damage_taken":0,"max_hp_gain":0,"max_hp_loss":0,"event_name":"Vampires","floor":19,"gold_loss":0},{"damage_healed":0,"gold_gain":0,"player_choice":"Gave Potion","damage_taken":0,"relics_obtained":["Strawberry"],"max_hp_gain":0,"max_hp_loss":0,"event_name":"WeMeetAgain","floor":20,"gold_loss":0},{"damage_healed":0,"gold_gain":0,"player_choice":"Ignored","damage_taken":0,"max_hp_gain":0,"max_hp_loss":0,"event_name":"Cursed Tome","floor":30,"gold_loss":0}],"is_beta":false,"boss_relics":[{"not_picked":["Coffee Dripper","bronze:MakeshiftBattery"],"picked":"Nuclear Battery"}],"items_purged_floors":[3],"is_endless":false,"potions_floor_spawned":[2,7,16,24,28],"killed_by":"Champ","ascension_level":10}}