{"host":"njo8qgvy2a57fcny","time":1612635347,"event":{"mods":["Aspiration","BaseMod","BetterRewards","CCEM2","Colored Map","Colored Powertips","Conspire","Custom Start","Downfall","Energized Spire","GifTheSpireLib","Halation","Hermit","Hubris","Infinite Spire","Jedi Mod","Jorbs\u0027s Wanderer Trilogy","Mimic Mod","Minty Spire (QoL Compilation)","Quick Restart","Random Character Button","Random Character Mod","Rare Cards Sparkle","Relic Sorter","Reliquary","Replay The Spire","Shop Mod","StSLib","Stuff the Spire","The Animator","The Jungle","The Runesmith","The Servant 0.9.4","Unceasing Turn Reminder","thorton"],"gold_per_floor":[99,115,133,133,133,152,152,182,196,215,244,257,257,328,356,515,515,515,560,626,626,660,660,660],"floor_reached":22,"language":"ENG","playtime":1146,"items_purged":["Sickly"],"score":319,"play_id":"aedba9fb-6074-4dc2-b3e1-0d56b5d81ea6","local_time":"20210207051547","is_ascension_mode":true,"campfire_choices":[{"data":"bronze:Replicate","floor":1,"key":"SMITH"},{"data":"bronze:Goto","floor":13,"key":"SMITH"},{"data":"bronze:Philosophize","floor":18,"key":"SMITH"}],"circlet_count":0,"master_deck":["conspire:GhostlyStrike","conspire:GhostlyStrike","conspire:GhostlyStrike","conspire:GhostlyStrike","conspire:GhostlyDefend+1","conspire:GhostlyDefend","conspire:GhostlyDefend+1","conspire:GhostlyDefend","bronze:Replicate+1","bronze:Goto+1","bronze:Iterate","bronze:Constructor","bronze:Constructor","bronze:Separator","bronze:Separator+1","bronze:Iterate","bronze:WhirlingStrike","bronze:Philosophize+1","bronze:DelayedSlice","bronze:DelayedGuard"],"relics":["aspiration:PoetsPen_weak","hubris:Towel","Snack Pack","CCEMRelics:Pendulum","Replay:Bandana","ReplayTheSpireMod:CursedCoin","War Paint","aspiration:FutureDiary","Unceasing Top","jedi:fakemustache","infinitespire:Golems Mask"],"acts_visited":["Exordium","TheCity"],"potions_floor_usage":[9,9,14,20],"damage_taken":[{"damage":3,"enemies":"Small Slimes","floor":2,"turns":3},{"damage":11,"enemies":"Jaw Worm","floor":3,"turns":2},{"damage":0,"enemies":"Cultist","floor":6,"turns":2},{"damage":6,"enemies":"Gremlin Nob","floor":8,"turns":3},{"damage":10,"enemies":"Lots of Slimes","floor":9,"turns":3},{"damage":9,"enemies":"Blue Slaver","floor":10,"turns":3},{"damage":0,"enemies":"Lagavulin","floor":11,"turns":3},{"damage":10,"enemies":"downfall:FleeingMerchant","floor":12,"turns":4},{"damage":0,"enemies":"Gremlin Nob","floor":14,"turns":3},{"damage":0,"enemies":"2 Fungi Beasts","floor":15,"turns":1},{"damage":37,"enemies":"DF_ARCHETYPE_STREAMLINE","floor":16,"turns":5},{"damage":0,"enemies":"Chosen","floor":19,"turns":3},{"damage":26,"enemies":"Shelled Parasite and Fungi","floor":20,"turns":3},{"damage":10,"enemies":"3 Cultists","floor":22,"turns":2}],"seed_played":"-2745407742032473103","potions_obtained":[{"floor":3,"key":"Swift Potion"},{"floor":8,"key":"Adrenaline Potion"},{"floor":11,"key":"PowerPotion"},{"floor":14,"key":"SteroidPotion"},{"floor":16,"key":"CultistPotion"},{"floor":19,"key":"sneckomod:MuddlingPotion"}],"is_trial":false,"path_per_floor":["R","M","M","?","?","M","T","E","M","M","E","$","R","E","M","B",null,"R_BF","M","M","$","M"],"character_chosen":"THE_AUTOMATON","items_purchased":["ReplayTheSpireMod:CursedCoin","bronze:Separator+1","bronze:Iterate","Unceasing Top","jedi:fakemustache","infinitespire:Golems Mask"],"campfire_rested":0,"item_purchase_floors":[12,12,12,21,21,21],"current_hp_per_floor":[70,67,56,56,56,56,56,56,52,45,53,57,57,63,67,35,70,70,70,46,6,0,0,0],"gold":660,"neow_bonus":"BOSS_RELIC","is_daily":false,"chose_seed":false,"campfire_upgraded":3,"win_rate":0.0,"timestamp":1612635347,"path_taken":["R","M","M","?","?","?","T","E","M","M","E","$","R","E","M","BOSS","R_BF","M","M","?","M"],"items_purchased_type":["Relic","Card","Card","Relic","Relic","Relic"],"build_version":"2020-12-22","purchased_purges":1,"victory":false,"max_hp_per_floor":[70,70,70,70,70,70,70,70,70,70,70,70,70,70,70,70,70,70,70,70,70,70,70,70],"card_choices":[{"not_picked":["bronze:Backtrace","bronze:WhirlingStrike"],"picked":"bronze:Iterate","floor":2},{"not_picked":["bronze:Deprecate","bronze:Fortify"],"picked":"bronze:Constructor","floor":3},{"not_picked":["bronze:FindAndReplace","bronze:Backtrace","bronze:Constructor"],"picked":"SKIP","floor":6},{"not_picked":["bronze:Fortify","bronze:BurnOut","bronze:BronzeArmor"],"picked":"SKIP","floor":8},{"not_picked":["bronze:Fortify","bronze:BuggyMess"],"picked":"bronze:Constructor","floor":9},{"not_picked":["bronze:ItsAFeature","bronze:Frontload","bronze:Shield"],"picked":"SKIP","floor":10},{"not_picked":["bronze:Philosophize","bronze:MaxOutput"],"picked":"bronze:Separator","floor":11},{"not_picked":["bronze:Boost","bronze:BronzeOrb","bronze:HyperBeam"],"picked":"SKIP","floor":12},{"not_picked":["bronze:BitShift","bronze:ChosenStrike"],"picked":"bronze:WhirlingStrike","floor":14},{"not_picked":["bronze:BitShift","bronze:ChosenStrike"],"picked":"bronze:Philosophize","floor":15},{"not_picked":["bronze:Deprecate+1","bronze:Overload"],"picked":"bronze:DelayedSlice","floor":19},{"not_picked":["bronze:Constructor","bronze:Frontload"],"picked":"bronze:DelayedGuard","floor":20}],"player_experience":797910,"relics_obtained":[{"floor":7,"key":"Snack Pack"},{"floor":8,"key":"CCEMRelics:Pendulum"},{"floor":11,"key":"Replay:Bandana"},{"floor":14,"key":"War Paint"}],"event_choices":[{"damage_healed":0,"gold_gain":0,"player_choice":"Agree","damage_taken":0,"max_hp_gain":0,"max_hp_loss":0,"event_name":"conspire:LoneGhost","floor":5,"gold_loss":0}],"is_beta":false,"boss_relics":[{"not_picked":["halation:CatFaceCupcake","reliquary:Craggleroot"],"picked":"aspiration:FutureDiary"}],"items_purged_floors":[12],"is_endless":false,"potions_floor_spawned":[3,8,11,14,16,19],"killed_by":"3 Cultists","ascension_level":1}}