{"host":"hgp4s9chziw0zf0g","time":1612604975,"event":{"mods":["BaseMod","BetterRewards","Defuse TimeMaze Blight","Downfall","GifTheSpireLib","Hubris","Infinite Spire","Mimic Mod","Minty Spire (QoL Compilation)","Remove Card Discount Mod","Replay The Spire","StSLib","Stuff the Spire","Synergy Search","The Jungle"],"gold_per_floor":[111,128,108,125,155,2,2,2,2,2,2,2,20,36,36,141,141,152,252,252,252,272,272,272],"floor_reached":23,"language":"ENG","playtime":1084,"items_purged":[],"score":197,"play_id":"06f7a05d-af7b-4e00-89ee-ad0770c45705","local_time":"20210206034935","is_ascension_mode":true,"campfire_choices":[{"data":"infinitespire:Gouge","floor":11,"key":"SMITH"}],"circlet_count":0,"master_deck":["Strike_B","Defend_B","Defend_B","Defend_B","Defend_B","Zap","Dualcast","Go for the Eyes+1","Hologram","StuffTheSpire:Synthwave","FTL+1","infinitespire:Gouge+1","Capacitor","Biased Cognition","Creative AI","Coolheaded"],"relics":["Cracked Core","NeowsBlessing","Potion Belt","Bag of Marbles","Centennial Puzzle","hubris:Backtick","Runic Capacitor","theJungle:SpiritDisease","theJungle:BirthdayCakeSlice"],"acts_visited":["Exordium","Exordium"],"potions_floor_usage":[5,5,5],"damage_taken":[{"damage":0,"enemies":"2 Louse","floor":1,"turns":1},{"damage":0,"enemies":"Cultist","floor":2,"turns":1},{"damage":0,"enemies":"Small Slimes","floor":4,"turns":1},{"damage":0,"enemies":"2 Fungi Beasts","floor":5,"turns":7},{"damage":6,"enemies":"2 Fungi Beasts","floor":13,"turns":2},{"damage":11,"enemies":"3 Louse","floor":14,"turns":2},{"damage":22,"enemies":"Hexaghost","floor":16,"turns":7},{"damage":50,"enemies":"theJungle:5_Spyders","floor":18,"turns":11},{"damage":10,"enemies":"theJungle:GiantWrat","floor":22,"turns":4},{"damage":21,"enemies":"theJungle:MamaSnecko","floor":23,"turns":3}],"seed_played":"6388975507998736682","potions_obtained":[{"floor":1,"key":"Energy Potion"},{"floor":2,"key":"DuplicationPotion"},{"floor":3,"key":"LifebloodPotion"},{"floor":22,"key":"bronze:BurnAndBuffPotion"}],"is_trial":false,"path_per_floor":["M","M","?","M","MIM","$","?","?","T","$","R","?","M","M","R","B",null,"M","?","?","?","M","E"],"character_chosen":"DEFECT","items_purchased":["StuffTheSpire:Synthwave","FTL"],"campfire_rested":0,"item_purchase_floors":[6,6],"current_hp_per_floor":[75,75,75,75,75,75,75,57,57,57,57,57,51,40,62,40,75,25,20,20,25,15,0,0],"gold":272,"neow_bonus":"THREE_ENEMY_KILL","is_daily":false,"chose_seed":false,"campfire_upgraded":1,"win_rate":0.0,"timestamp":1612604975,"path_taken":["M","M","?","?","?","$","?","?","T","$","R","?","M","M","R","BOSS","M","?","?","?","M","E"],"items_purchased_type":["Card","Card"],"build_version":"2020-12-22","purchased_purges":0,"victory":false,"max_hp_per_floor":[75,75,75,75,75,75,75,75,75,75,75,75,75,75,75,75,75,75,75,75,80,80,80,80],"card_choices":[{"not_picked":["Redo","Sweeping Beam"],"picked":"Go for the Eyes","floor":1},{"not_picked":["Streamline","Steam"],"picked":"Hologram","floor":2},{"not_picked":["Sweeping Beam","Creative AI"],"picked":"Coolheaded","floor":4},{"not_picked":["infinitespire:Oblivion","infinitespire:SealOfDarkness+"],"picked":"infinitespire:Gouge","floor":8},{"not_picked":["BasicCrystalCard","Compile Driver"],"picked":"Capacitor","floor":13},{"not_picked":["Compile Driver","StuffTheSpire:NuclearReactor"],"picked":"Biased Cognition","floor":14},{"not_picked":["hubris:DoWhile","Multi-Cast"],"picked":"Creative AI","floor":16},{"not_picked":["Conserve Battery+1","Darkness+1","Compile Driver"],"picked":"SKIP","floor":18},{"not_picked":["Redo","Streamline"],"picked":"Coolheaded","floor":22}],"player_experience":483212,"relics_obtained":[{"floor":5,"key":"Potion Belt"},{"floor":9,"key":"Bag of Marbles"}],"event_choices":[{"damage_healed":0,"gold_gain":0,"player_choice":"Bought 1 Potion","damage_taken":0,"max_hp_gain":0,"max_hp_loss":0,"event_name":"The Woman in Blue","floor":3,"gold_loss":0},{"damage_healed":0,"gold_gain":0,"player_choice":"Grow","damage_taken":0,"max_hp_gain":0,"max_hp_loss":0,"event_name":"Living Wall","floor":7,"gold_loss":0,"cards_upgraded":["FTL"]},{"cards_removed":["Coolheaded"],"damage_healed":0,"gold_gain":0,"player_choice":"Gave Card","damage_taken":0,"relics_obtained":["Centennial Puzzle"],"max_hp_gain":0,"max_hp_loss":0,"event_name":"WeMeetAgain","floor":12,"gold_loss":0}],"is_beta":false,"boss_relics":[{"not_picked":["Runic Dome","Snecko Eye"],"picked":"hubris:Backtick"}],"items_purged_floors":[],"is_endless":false,"potions_floor_spawned":[1,2,4,22],"killed_by":"theJungle:MamaSnecko","ascension_level":2}}