{"host":"yj5ir9d4vfzntee8","time":1612640597,"event":{"mods":["BaseMod","Downfall","Minty Spire (QoL Compilation)","StSLib"],"gold_per_floor":[99,118,29,29,29,54,80,93,93,93,113,171,71,246,263,361,361,261,274,474,79,79,179,179,179,194,220,320,320,320,335,354,453,453,453,453,253,265,283,221,221,233,248,268,268,293,293,293,310,310],"floor_reached":51,"language":"ENG","playtime":4690,"items_purged":["Doubt","Pain"],"score":743,"play_id":"7f28ae9d-4e6c-43f8-837e-fae66188a230","local_time":"20210206114317","is_ascension_mode":false,"campfire_choices":[{"data":"Slimebound:Tackle","floor":1.0,"key":"SMITH"},{"floor":10.0,"key":"REST"},{"floor":13.0,"key":"RECALL"},{"data":"Slimebound:BestDefense","floor":18.0,"key":"SMITH"},{"data":"Slimebound:Grow","floor":25.0,"key":"SMITH"},{"floor":29.0,"key":"REST"},{"data":"Slimebound:DuplicatedForm","floor":35.0,"key":"SMITH"},{"floor":45.0,"key":"REST"},{"floor":47.0,"key":"REST"}],"circlet_count":0,"master_deck":["Slimebound:Tackle+1","Slimebound:Defend_Slimebound","Slimebound:Defend_Slimebound","Slimebound:Defend_Slimebound","Slimebound:Split","Slimebound:CorrosiveSpit","Slimebound:Equalize","Slimebound:BestDefense+1","Slimebound:GrowthPunch","Slimebound:MegaLick","Slimebound:Grow+1","Slimebound:SpikyOuterGoop","Slimebound:SplitAcid","Slimebound:RallyTheTroops+1","Slimebound:SplitMire","Slimebound:RainOfGoop","expansioncontent:AwakenDeath","Slimebound:GoopSpray","Slimebound:Tackle+1","Slimebound:Tackle+1","Slimebound:Tackle+1","Slimebound:Nibble+1","Slimebound:FinishingTackle+1","Slimebound:SlimeSlap+1","Slimebound:DuplicatedForm+1","Slimebound:RejuvenatingLick+1","Slimebound:Gluttony","J.A.X.+1","Slimebound:SlimeBrawl+1","Slimebound:SlimeBarrage+1","Slimebound:OozeBath+1","Slimebound:Split+1","Slimebound:OozeBath+1","Trip+1","Slimebound:RollThrough+1","Slimebound:SplitBruiser+1","Slimebound:ForwardTackle+1","Slimebound:LevelUp+1","Slimebound:OneTwoCombo+1","expansioncontent:StudyTheSpire","Regret","Slimebound:MinionMaster","Slimebound:Equalize+1","Slimebound:LeadByExample+1","Doubt","Slimebound:LeechingTouch+1"],"relics":["Slimebound:AbsorbEndCombat","Thread and Needle","Slimebound:AggressiveSlimeRelic","Juzu Bracelet","Molten Egg 2","downfall:HeartBlessingGreen","Cursed Key","downfall:HeartBlessingRed","HandDrill","White Beast Statue","Sundial","Toxic Egg 2","MutagenicStrength","SacredBark","Toy Ornithopter","Meat on the Bone","Bottled Flame"],"acts_visited":["Exordium","TheCity","TheBeyond"],"potions_floor_usage":[50,50],"damage_taken":[{"damage":10.0,"enemies":"2 Louse","floor":2.0,"turns":4.0},{"damage":3.0,"enemies":"downfall:FleeingMerchant","floor":3.0,"turns":4.0},{"damage":50.0,"enemies":"3 Sentries","floor":6.0,"turns":11.0},{"damage":4.0,"enemies":"Small Slimes","floor":8.0,"turns":3.0},{"damage":7.0,"enemies":"Jaw Worm","floor":11.0,"turns":2.0},{"damage":14.0,"enemies":"3 Sentries","floor":12.0,"turns":6.0},{"damage":0.0,"enemies":"Blue Slaver","floor":15.0,"turns":3.0},{"damage":28.0,"enemies":"WA_ARCHETYPE_RETAIN","floor":16.0,"turns":7.0},{"damage":3.0,"enemies":"3 Byrds","floor":19.0,"turns":4.0},{"damage":39.0,"enemies":"3 Byrds","floor":20.0,"turns":6.0},{"damage":5.0,"enemies":"downfall:FleeingMerchant","floor":21.0,"turns":4.0},{"damage":25.0,"enemies":"downfall:LadyInBlue","floor":23.0,"turns":6.0},{"damage":17.0,"enemies":"Cultist and Chosen","floor":26.0,"turns":4.0},{"damage":19.0,"enemies":"Gremlin Leader","floor":27.0,"turns":5.0},{"damage":25.0,"enemies":"downfall:Augmenter","floor":28.0,"turns":4.0},{"damage":1.0,"enemies":"Snecko","floor":31.0,"turns":2.0},{"damage":24.0,"enemies":"Centurion and Healer","floor":32.0,"turns":3.0},{"damage":58.0,"enemies":"IC_MUSHROOM_ARCHETYPE","floor":33.0,"turns":6.0},{"damage":17.0,"enemies":"downfall:FleeingMerchant","floor":37.0,"turns":4.0},{"damage":34.0,"enemies":"3 Darklings","floor":38.0,"turns":4.0},{"damage":14.0,"enemies":"3 Shapes","floor":39.0,"turns":2.0},{"damage":8.0,"enemies":"downfall:FleeingMerchant","floor":40.0,"turns":3.0},{"damage":23.0,"enemies":"Jaw Worm Horde","floor":42.0,"turns":4.0},{"damage":43.0,"enemies":"4 Shapes","floor":43.0,"turns":5.0},{"damage":19.0,"enemies":"Sphere and 2 Shapes","floor":44.0,"turns":4.0},{"damage":71.0,"enemies":"Reptomancer","floor":46.0,"turns":5.0},{"damage":48.0,"enemies":"Spire Growth","floor":49.0,"turns":4.0},{"damage":22,"enemies":"SI_POISON_ARCHETYPE","floor":50,"turns":6}],"seed_played":"-5940444686770383576","potions_obtained":[{"floor":11.0,"key":"Weak Potion"},{"floor":12.0,"key":"GamblersBrew"},{"floor":23.0,"key":"ColorlessPotion"},{"floor":23.0,"key":"Energy Potion"},{"floor":28.0,"key":"EssenceOfSteel"},{"floor":31.0,"key":"sneckomod:MuddlingPotion"},{"floor":32.0,"key":"sneckomod:MuddlingPotion"},{"floor":33.0,"key":"Regen Potion"},{"floor":40.0,"key":"champ:CounterPotion"},{"floor":44.0,"key":"hexamod:SoulburnPotion"},{"floor":49.0,"key":"champ:CounterPotion"}],"is_trial":false,"path_per_floor":["R","M","$","?","?","E","T","M","?","R","M","?","R","?","M","B",null,"R","M","?","$","?","?","T","R","M","E","?","R","?","M","M","B",null,"R","?","$","M","M","$","T","M","M","M","R","E","R","?","M","B",null],"character_chosen":"SLIMEBOUND","items_purchased":["Slimebound:BestDefense","expansioncontent:AwakenDeath","HandDrill","Slimebound:GoopSpray","Slimebound:SplitBruiser+1","Slimebound:ForwardTackle+1","Toy Ornithopter","Slimebound:OneTwoCombo+1","expansioncontent:StudyTheSpire"],"campfire_rested":4,"item_purchase_floors":[3,21,21,21,37,37,40,40,40],"current_hp_per_floor":[71,63,71,64,64,20,20,18,18,39,42,42,42,42,46,34,71,71,71,44,47,47,38,38,38,35,32,21,42,65,71,68,26,71,71,71,66,55,55,49,49,44,23,52,71,29,50,71,39,62],"gold":310,"neow_bonus":"TEN_PERCENT_HP_BONUS","is_daily":false,"chose_seed":false,"campfire_upgraded":4,"win_rate":0.0,"timestamp":1612640597,"path_taken":["R","M","$","?","?","E","T","M","?","R","M","?","R","?","M","BOSS","R","M","?","$","?","?","T","R","M","E","?","R","?","M","M","BOSS","R","?","$","M","M","$","T","M","M","M","R","E","R","?","M","BOSS"],"items_purchased_type":["Card","Card","Relic","Card","Card","Card","Relic","Card","Card"],"build_version":"2020-12-22","purchased_purges":2,"victory":true,"max_hp_per_floor":[71,71,71,71,71,71,71,71,71,71,71,71,71,71,71,71,71,71,71,71,71,71,71,71,71,71,71,71,71,71,71,71,71,71,71,71,71,71,71,71,71,71,71,71,71,71,71,71,71,71],"card_choices":[{"not_picked":["Slimebound:PressTheAttack","Slimebound:RollThrough"],"picked":"Slimebound:Equalize","floor":2.0},{"not_picked":["Slimebound:LeechingTouch","Slimebound:Teamwork"],"picked":"Slimebound:Repurpose","floor":3.0},{"not_picked":["Slimebound:LeechEnergy","Slimebound:Schlurp"],"picked":"Slimebound:GrowthPunch","floor":6.0},{"not_picked":["Slimebound:PressTheAttack","Slimebound:Replication"],"picked":"Slimebound:MegaLick","floor":8.0},{"not_picked":["Slimebound:ItLooksTasty","Slimebound:Prepare"],"picked":"Slimebound:Grow","floor":11.0},{"not_picked":["Slimebound:GoopTackle+1","Slimebound:PressTheAttack+1"],"picked":"Slimebound:SpikyOuterGoop","floor":12.0},{"not_picked":["Slimebound:Dissolve","Slimebound:ItLooksTasty+1"],"picked":"Slimebound:SplitAcid","floor":15.0},{"not_picked":["Slimebound:SelfFormingGoo","Slimebound:Overexert"],"picked":"Slimebound:RallyTheTroops+1","floor":16.0},{"not_picked":["Slimebound:SplitBruiser","Slimebound:Dissolve+1"],"picked":"Slimebound:SplitMire","floor":19.0},{"not_picked":["Slimebound:GrowthPunch+1","Slimebound:SplitLeeching"],"picked":"Slimebound:RainOfGoop","floor":21.0},{"not_picked":["Slimebound:Repurpose","Slimebound:GoopTackle+1"],"picked":"Slimebound:Nibble+1","floor":23.0},{"not_picked":["Slimebound:Equalize+1","Slimebound:LivingWall"],"picked":"Slimebound:FinishingTackle+1","floor":26.0},{"not_picked":["Slimebound:LeechEnergy+1","Slimebound:GoopSpray+1"],"picked":"Slimebound:SlimeSlap+1","floor":27.0},{"not_picked":["Slimebound:SplitAcid+1","Slimebound:Prepare+1"],"picked":"Slimebound:Gluttony","floor":28.0},{"not_picked":[],"picked":"J.A.X.","floor":28.0},{"not_picked":["Slimebound:GoopSpray+1","Slimebound:Nibble+1"],"picked":"Slimebound:SlimeBrawl+1","floor":31.0},{"not_picked":["Slimebound:SplitAcid+1","Slimebound:PressTheAttack+1"],"picked":"Slimebound:SlimeBarrage+1","floor":32.0},{"not_picked":["Slimebound:Overexert","Slimebound:DuplicatedForm"],"picked":"Slimebound:OozeBath+1","floor":33.0},{"not_picked":["Slimebound:ComboTackle+1","Slimebound:LeechEnergy+1"],"picked":"Slimebound:RollThrough+1","floor":37.0},{"not_picked":["Slimebound:SlimeTap+1","Slimebound:SamplingLick+1","Slimebound:HauntingLick+1"],"picked":"SKIP","floor":38.0},{"not_picked":["Slimebound:LeadByExample","Slimebound:SlimeTap+1"],"picked":"Slimebound:LevelUp+1","floor":39.0},{"not_picked":["Slimebound:SplitLeeching+1","Slimebound:GrowthPunch+1","Slimebound:RejuvenatingLick+1"],"picked":"SKIP","floor":40.0},{"not_picked":["Slimebound:Replication+1","Slimebound:GoopTackle+1"],"picked":"Slimebound:MinionMaster","floor":42.0},{"not_picked":["Slimebound:FinishingTackle+1","Slimebound:SplitBruiser+1"],"picked":"Slimebound:Equalize+1","floor":43.0},{"not_picked":["Slimebound:LivingWall+1","Slimebound:SamplingLick+1"],"picked":"Slimebound:LeadByExample+1","floor":44.0},{"not_picked":["Slimebound:RejuvenatingLick+1","Slimebound:OneTwoCombo+1","Slimebound:LeechEnergy+1"],"picked":"SKIP","floor":46.0},{"not_picked":["Slimebound:GoopSpray+1","Slimebound:ComboTackle+1"],"picked":"Slimebound:LeechingTouch+1","floor":49.0}],"player_experience":497419,"relics_obtained":[{"floor":6.0,"key":"Slimebound:AggressiveSlimeRelic"},{"floor":7.0,"key":"Juzu Bracelet"},{"floor":23.0,"key":"White Beast Statue"},{"floor":24.0,"key":"Sundial"},{"floor":27.0,"key":"Toxic Egg 2"},{"floor":28.0,"key":"MutagenicStrength"},{"floor":41.0,"key":"Meat on the Bone"},{"floor":46.0,"key":"Bottled Flame"}],"event_choices":[{"damage_healed":0.0,"max_hp_gain":0.0,"max_hp_loss":0.0,"gold_gain":0.0,"event_name":"Scrap Ooze","player_choice":"Success","floor":4.0,"gold_loss":0.0,"damage_taken":7.0,"relics_obtained":["Thread and Needle"]},{"cards_removed":["Slimebound:Strike_Slimebound"],"damage_healed":0.0,"max_hp_gain":0.0,"max_hp_loss":0.0,"gold_gain":0.0,"event_name":"The Cleric","player_choice":"Card Removal","floor":5.0,"gold_loss":0.0,"damage_taken":0.0},{"damage_healed":23.0,"max_hp_gain":0.0,"max_hp_loss":0.0,"gold_gain":0.0,"event_name":"The Library","player_choice":"Heal","floor":30.0,"gold_loss":0.0,"damage_taken":0.0}],"is_beta":false,"boss_relics":[{"not_picked":["Astrolabe","Snecko Eye"],"picked":"Cursed Key"},{"not_picked":["Runic Pyramid","Tiny House"],"picked":"SacredBark"}],"items_purged_floors":[21,37],"is_endless":false,"potions_floor_spawned":[11,12,23,26,27,28,31,32,33,37,38,39,40,42,43,44,46,49],"ascension_level":0}}