{"host":"23qk1co0p3p8qz56","time":1612594696,"event":{"mods":["100% Spire Juice","AchievementEnabler","Act Like it!","Arknights","BaseMod","Better Note","Better Third Choice","BetterRewards","CapriCore","Chen","Colored Map","Downfall","Friendly Minions","Gensokyo","Gold Saver","KinomotoSakuraMod(木之本?)","Koishi","Lobotomy","LobotomyExtend","Marisa（霧雨　魔理沙）","Minty Spire (QoL Compilation)","Prisma Mod","Reimu（博??梦）","Remilia（蕾米莉?）","StSLib","The Alterego","The Animator","The Immortal","The Senshi","Waifu the Spire","Yakumo Yukari mod","Yohane!","Yuyuko"],"gold_per_floor":[891,904,904,924,942,942,966,927,927,942,942,942,955,955,971,1084,1084,1084,1095,1117,1117,1142,1242,1242,1260,1281,1306,1306,1306,1306],"floor_reached":28,"language":"ENG","playtime":1797,"items_purged":[],"score":214,"play_id":"45d6b853-d30e-4f19-969c-f850f1d1005c","local_time":"20210205235816","is_ascension_mode":false,"campfire_choices":[{"data":"hexamod:Float","floor":1,"key":"SMITH"},{"data":"hexamod:GhostOfSpirePast","floor":6,"key":"SMITH"},{"data":"hexamod:SoulSteal","floor":12,"key":"SMITH"},{"data":"hexamod:AdvancingGuard","floor":18,"key":"SMITH"}],"circlet_count":0,"master_deck":["hexamod:Strike","hexamod:Strike","hexamod:Defend","hexamod:Defend","hexamod:Defend","hexamod:Sear","hexamod:Float+1","hexamod:GhostOfSpirePast+1","hexamod:ThermalTransfer","hexamod:StepThrough","hexamod:FourthSeal","hexamod:SoulSteal+1","hexamod:AdvancingGuard+1","hexamod:SecondSeal","hexamod:WildfireWeapon","hexamod:NightmareStrike+1","hexamod:HeatMetal+1","hexamod:DynamicBlow+1","hexamod:ThirdSeal","hexamod:HauntingEcho+1","hexamod:RecurringNightmare","hexamod:GhostflameInferno","hexamod:BacktrackSmack+1","hexamod:GhostOfSpireFuture","hexamod:FastForward"],"relics":["hexamod:SpiritBrand","LetterFromLob","Bronze Scales","MagicBullet_r","InspiredRelic","Astrolabe","Blue Candle"],"acts_visited":["Exordium","TheCity"],"potions_floor_usage":[13,16,25,25,27,28,28],"damage_taken":[{"damage":6,"enemies":"Jaw Worm","floor":2,"turns":3},{"damage":0,"enemies":"Cultist","floor":4,"turns":3},{"damage":11,"enemies":"Small Slimes","floor":5,"turns":4},{"damage":0,"enemies":"downfall:FleeingMerchant","floor":8,"turns":4},{"damage":13,"enemies":"3 Louse","floor":10,"turns":3},{"damage":0,"enemies":"2 Fungi Beasts","floor":13,"turns":2},{"damage":0,"enemies":"Exordium Thugs","floor":15,"turns":3},{"damage":39,"enemies":"DF_ARCHETYPE_STREAMLINE","floor":16,"turns":11},{"damage":0,"enemies":"Spheric Guardian","floor":19,"turns":2},{"damage":2,"enemies":"3 Byrds","floor":20,"turns":3},{"damage":42,"enemies":"Shelled Parasite and Fungi","floor":22,"turns":4},{"damage":41,"enemies":"Snake Plant","floor":25,"turns":4},{"damage":7,"enemies":"Chosen and Byrds","floor":26,"turns":4},{"damage":9,"enemies":"Cultist and Chosen","floor":27,"turns":4},{"damage":8,"enemies":"Snecko","floor":28,"turns":2}],"seed_played":"-8812558986754154755","potions_obtained":[{"floor":2,"key":"Block Potion"},{"floor":10,"key":"AttackPotion"},{"floor":10,"key":"Dexterity Potion"},{"floor":13,"key":"sneckomod:MuddlingPotion"},{"floor":13,"key":"bronze:BurnAndBuffPotion"},{"floor":16,"key":"LiquidBronze"},{"floor":16,"key":"FairyPotion"},{"floor":19,"key":"Ancient Potion"},{"floor":20,"key":"Regen Potion"},{"floor":25,"key":"GrandPatriotsElixir:ReiMu"},{"floor":25,"key":"Energy Potion"},{"floor":26,"key":"bronze:BurnAndBuffPotion"},{"floor":26,"key":"SmokeBomb"},{"floor":27,"key":"GamblersBrew"}],"is_trial":false,"path_per_floor":["R","M","?","M","M","R","T","$","?","M","?","R","M","?","M","B",null,"R","M","M","?","M","?","T","M","M","M","M"],"character_chosen":"THE_SPIRIT","items_purchased":["hexamod:GhostShield"],"campfire_rested":0,"item_purchase_floors":[8],"current_hp_per_floor":[77,71,71,71,60,60,60,60,60,47,47,47,47,47,47,8,72,72,72,70,65,23,23,23,17,10,1,0,0,0],"gold":1306,"neow_bonus":"TEN_PERCENT_HP_BONUS","is_daily":false,"chose_seed":false,"campfire_upgraded":4,"win_rate":0.0,"timestamp":1612594696,"path_taken":["R","M","?","?","M","R","T","$","?","M","?","R","M","?","M","BOSS","R","M","M","?","M","?","T","M","?","M","M"],"items_purchased_type":["Card"],"build_version":"2020-12-22","purchased_purges":0,"victory":false,"max_hp_per_floor":[77,77,77,77,77,77,77,77,77,77,72,72,72,72,72,72,72,72,72,72,72,72,72,72,72,72,72,72,72,72],"card_choices":[{"not_picked":["hexamod:HeatMetal","hexamod:SwordOfDarkness"],"picked":"hexamod:GhostOfSpirePast","floor":2},{"not_picked":["hexamod:CatchUp","hexamod:InspiringFlames"],"picked":"hexamod:ThermalTransfer","floor":4},{"not_picked":["hexamod:AdvancingGuard","hexamod:SwordOfDarkness"],"picked":"hexamod:StepThrough","floor":5},{"not_picked":["hexamod:GhostLash","hexamod:GhostOfSpirePast"],"picked":"hexamod:FourthSeal","floor":8},{"not_picked":["hexamod:SwordOfDarkness","hexamod:StepThrough"],"picked":"hexamod:SoulSteal","floor":10},{"not_picked":["hexamod:ThermalTransfer","hexamod:HauntingEcho"],"picked":"hexamod:AdvancingGuard","floor":13},{"not_picked":["hexamod:NightmareStrike","hexamod:RetreatToShadows"],"picked":"hexamod:SecondSeal","floor":15},{"not_picked":["hexamod:GhostOfSpirePresent","hexamod:ParanormalForm"],"picked":"hexamod:WildfireWeapon","floor":16},{"not_picked":["hexamod:AdvancingGuard","hexamod:HeatShield"],"picked":"hexamod:ThirdSeal","floor":19},{"not_picked":["hexamod:GhostShield+1","hexamod:SecondSeal"],"picked":"hexamod:HauntingEcho+1","floor":20},{"not_picked":["hexamod:ThermalTransfer","hexamod:InspiringFlames+1","hexamod:FourthSeal"],"picked":"SKIP","floor":20},{"not_picked":["hexamod:GhostOfSpirePast+1","hexamod:RainOfEmbers","hexamod:DynamicBlow+1"],"picked":"SKIP","floor":22},{"not_picked":["hexamod:GhostLash+1","hexamod:RetreatToShadows","hexamod:InspiringFlames"],"picked":"SKIP","floor":22},{"not_picked":["hexamod:SoulSteal","hexamod:HeatMetal"],"picked":"hexamod:RecurringNightmare","floor":25},{"not_picked":["hexamod:HeatMetal","hexamod:SpectersWail"],"picked":"hexamod:GhostflameInferno","floor":25},{"not_picked":["hexamod:HeatMetal","hexamod:GhostLash"],"picked":"hexamod:BacktrackSmack+1","floor":26},{"not_picked":["hexamod:InspiringFlames","hexamod:HeatMetal"],"picked":"hexamod:GhostOfSpireFuture","floor":26},{"not_picked":["hexamod:GhostLash+1","hexamod:BacktrackSmack"],"picked":"hexamod:FastForward","floor":27},{"not_picked":["hexamod:SwordOfDarkness","hexamod:Again","hexamod:FourthSeal"],"picked":"SKIP","floor":27}],"player_experience":57381,"relics_obtained":[{"floor":2,"key":"LetterFromLob"},{"floor":7,"key":"Bronze Scales"}],"event_choices":[{"damage_healed":0,"gold_gain":0,"player_choice":"Ignored","damage_taken":0,"max_hp_gain":0,"max_hp_loss":0,"event_name":"betterNote:BetterNote","floor":3,"gold_loss":0,"cards_obtained":["animator:Megumin"]},{"damage_healed":0,"gold_gain":0,"player_choice":"LEAVE","damage_taken":0,"max_hp_gain":0,"max_hp_loss":0,"event_name":"betterThird:BetterScrap","floor":9,"gold_loss":0,"cards_obtained":["Well Laid Plans"]}],"is_beta":false,"boss_relics":[{"not_picked":["Cursed Key","Black Star"],"picked":"Astrolabe"}],"items_purged_floors":[],"is_endless":false,"potions_floor_spawned":[2,10,13,16,19,25,26],"killed_by":"Snecko","ascension_level":0}}