{"host":"fuszjwm6fqgjjp4d","time":1612590324,"event":{"mods":["BaseMod","Bestiary","Colored Map","Minty Spire (QoL Compilation)","Permanent Neow","Relic Sorter","Relic Stats","StSLib"],"gold_per_floor":[110,110,126,126,145,145,163,195,195,5,20,11,29,57,57,133,133,107,107,126,126,51,79,92,92,163,163,163,163],"floor_reached":28,"language":"ENG","playtime":964,"items_purged":["Strike_G"],"score":500,"play_id":"8d30a976-6864-4a1a-aee4-b0429931de69","local_time":"20210205234524","is_ascension_mode":true,"campfire_choices":[{"data":"Footwork","floor":6.0,"key":"SMITH"},{"data":"Caltrops","floor":15.0,"key":"SMITH"},{"data":"Adrenaline","floor":25,"key":"SMITH"}],"circlet_count":0,"master_deck":["AscendersBane","Defend_G","Defend_G","Defend_G","Defend_G","Survivor","Neutralize","Flechettes","Leg Sweep","Caltrops+1","PiercingWail","Footwork+1","Cloak And Dagger","Flying Knee","Caltrops","Cloak And Dagger","Flying Knee","Deadly Poison","Noxious Fumes","Blade Dance","Backflip","Adrenaline+1","Flechettes","Well Laid Plans","PiercingWail","PiercingWail","Deadly Poison","Masterful Stab"],"relics":["Ring of the Snake","Paper Crane","StoneCalendar","Lizard Tail","Oddly Smooth Stone","Black Star","Shuriken","Ninja Scroll","Matryoshka"],"acts_visited":["Exordium","TheCity"],"potions_floor_usage":[18,28],"damage_taken":[{"damage":0.0,"enemies":"Jaw Worm","floor":1.0,"turns":6.0},{"damage":0.0,"enemies":"Small Slimes","floor":3.0,"turns":5.0},{"damage":2.0,"enemies":"2 Louse","floor":5.0,"turns":3.0},{"damage":0.0,"enemies":"Blue Slaver","floor":7.0,"turns":7.0},{"damage":9.0,"enemies":"Lagavulin","floor":8.0,"turns":9.0},{"damage":2.0,"enemies":"Large Slime","floor":11.0,"turns":7.0},{"damage":5.0,"enemies":"Exordium Thugs","floor":12.0,"turns":5.0},{"damage":0.0,"enemies":"Lots of Slimes","floor":13.0,"turns":4.0},{"damage":41.0,"enemies":"Gremlin Nob","floor":14.0,"turns":6.0},{"damage":8,"enemies":"The Guardian","floor":16,"turns":10},{"damage":14,"enemies":"2 Thieves","floor":18,"turns":4},{"damage":14,"enemies":"Shell Parasite","floor":20,"turns":5},{"damage":9,"enemies":"Book of Stabbing","floor":23,"turns":6},{"damage":5,"enemies":"Snecko","floor":24,"turns":6},{"damage":8,"enemies":"Gremlin Leader","floor":28,"turns":3}],"seed_played":"3911602857815473637","potions_obtained":[{"floor":1.0,"key":"Strength Potion"},{"floor":8.0,"key":"Block Potion"},{"floor":12.0,"key":"Block Potion"},{"floor":13.0,"key":"Fire Potion"},{"floor":23,"key":"SkillPotion"}],"is_trial":false,"path_per_floor":["M","?","M","?","M","R","M","E","T","$","M","M","M","E","R","B",null,"M","?","M","?","$","E","M","R","T","?","E"],"character_chosen":"THE_SILENT","items_purchased":["Caltrops","Cloak And Dagger","Flying Knee"],"campfire_rested":0,"item_purchase_floors":[10,10,10],"current_hp_per_floor":[44,26,26,19,17,17,17,8,8,8,6,1,1,11,11,3,50,36,36,22,22,22,13,8,8,8,8,0,0],"gold":163,"neow_bonus":"TRANSFORM_TWO_CARDS","is_daily":false,"chose_seed":false,"campfire_upgraded":3,"win_rate":0.0,"timestamp":1612590324,"path_taken":["M","?","M","?","M","R","M","E","T","$","M","M","M","E","R","BOSS","M","?","M","?","?","E","M","R","T","?","E"],"items_purchased_type":["Card","Card","Card"],"build_version":"2020-12-22","purchased_purges":1,"victory":false,"max_hp_per_floor":[66,66,66,66,66,66,66,66,66,66,66,66,66,66,66,66,66,66,66,66,66,66,66,66,66,66,66,66,66],"relic_stats":{"Lizard Tail":33,"counters":[15,86],"Shuriken":[3],"StoneCalendar":[57],"Black Star":1,"obtain_stats":[{"Lizard Tail":9,"Matryoshka":26,"Shuriken":23,"Ninja Scroll":23,"Oddly Smooth Stone":14,"StoneCalendar":8,"Black Star":17,"Paper Crane":2,"Ring of the Snake":0},{"Lizard Tail":5,"Matryoshka":14,"Shuriken":13,"Ninja Scroll":13,"Oddly Smooth Stone":9,"StoneCalendar":5,"Black Star":10,"Paper Crane":1,"Ring of the Snake":0},{"Lizard Tail":30,"Matryoshka":83,"Shuriken":77,"Ninja Scroll":77,"Oddly Smooth Stone":52,"StoneCalendar":30,"Black Star":62,"Paper Crane":6,"Ring of the Snake":0}],"Ring of the Snake":[30]},"card_choices":[{"not_picked":["Deflect","Dagger Spray"],"picked":"Caltrops","floor":1.0},{"not_picked":["Endless Agony","Finisher"],"picked":"PiercingWail","floor":3.0},{"not_picked":["Crippling Poison","Underhanded Strike"],"picked":"Footwork","floor":5.0},{"not_picked":["Tactician","Accuracy"],"picked":"Cloak And Dagger","floor":7.0},{"not_picked":["Underhanded Strike","All Out Attack"],"picked":"Flying Knee","floor":8.0},{"not_picked":["Sucker Punch","Quick Slash"],"picked":"Deadly Poison","floor":11.0},{"not_picked":["Escape Plan","Bane"],"picked":"Noxious Fumes","floor":12.0},{"not_picked":["Eviscerate","Acrobatics"],"picked":"Blade Dance","floor":13.0},{"not_picked":["Catalyst","Deflect"],"picked":"Backflip","floor":14.0},{"not_picked":["Burst","Glass Knife"],"picked":"Adrenaline","floor":16},{"not_picked":["Backflip+1","Slice"],"picked":"Flechettes","floor":18},{"not_picked":["Cloak And Dagger","Accuracy"],"picked":"PiercingWail","floor":20},{"not_picked":["Distraction","Dash","Flying Knee"],"picked":"SKIP","floor":23},{"not_picked":["Dagger Throw","Finisher"],"picked":"PiercingWail","floor":24}],"player_experience":1475930,"relics_obtained":[{"floor":8.0,"key":"StoneCalendar"},{"floor":9.0,"key":"Lizard Tail"},{"floor":14.0,"key":"Oddly Smooth Stone"},{"floor":23,"key":"Shuriken"},{"floor":23,"key":"Ninja Scroll"},{"floor":26,"key":"Matryoshka"}],"event_choices":[{"damage_healed":0.0,"max_hp_gain":0.0,"max_hp_loss":0.0,"gold_gain":0.0,"event_name":"Scrap Ooze","player_choice":"Success","floor":2.0,"gold_loss":0.0,"damage_taken":18.0,"relics_obtained":["Paper Crane"]},{"cards_removed":["Strike_G"],"damage_healed":0.0,"max_hp_gain":0.0,"max_hp_loss":0.0,"gold_gain":0.0,"event_name":"Golden Wing","player_choice":"Card Removal","floor":4.0,"gold_loss":0.0,"damage_taken":7.0},{"damage_healed":0,"gold_gain":0,"player_choice":"Read","damage_taken":0,"max_hp_gain":0,"max_hp_loss":0,"event_name":"The Library","floor":19,"gold_loss":0,"cards_obtained":["Well Laid Plans"]},{"damage_healed":0,"gold_gain":0,"player_choice":"Ignored","damage_taken":0,"max_hp_gain":0,"max_hp_loss":0,"event_name":"Ghosts","floor":21,"gold_loss":0},{"damage_healed":0,"gold_gain":0,"cards_transformed":["Strike_G","Strike_G"],"player_choice":"Became Test Subject","damage_taken":0,"max_hp_gain":0,"max_hp_loss":0,"event_name":"Drug Dealer","floor":27,"gold_loss":0,"cards_obtained":["Deadly Poison","Masterful Stab"]}],"is_beta":false,"boss_relics":[{"not_picked":["HoveringKite","Coffee Dripper"],"picked":"Black Star"}],"items_purged_floors":[22],"is_endless":false,"potions_floor_spawned":[1,8,12,13,23],"killed_by":"Gremlin Leader","ascension_level":20}}