{"host":"edndssuekvzbh3is","time":1612589788,"event":{"mods":["BaseMod","Colored Map","Colored Powertips","Minty Spire (QoL Compilation)","SuperFastMode"],"gold_per_floor":[116,134,147,167,180,214,214,214,214,13,13,13,13,33,33,134,134,120,140,100,110,130,130,160,37,60,60,60],"floor_reached":27,"language":"ENG","playtime":809,"items_purged":["Searing Blow"],"score":341,"play_id":"d9f53c50-088c-4000-bef8-419737a32702","local_time":"20210206003628","is_ascension_mode":true,"campfire_choices":[{"data":"Cleave","floor":7,"key":"SMITH"},{"data":"Shrug It Off","floor":11,"key":"SMITH"},{"data":"Feel No Pain","floor":13,"key":"SMITH"},{"data":"Spot Weakness","floor":15,"key":"SMITH"},{"floor":23,"key":"REST"}],"circlet_count":0,"master_deck":["Bash","Power Through","Feel No Pain+1","Spot Weakness+1","Cleave+1","Headbutt","Double Tap","Shrug It Off+1","Disarm","Exhume","Sentinel","Rage","Seeing Red","Demon Form","Fiend Fire+1","Wild Strike","True Grit","Flame Barrier","Second Wind","Combust+1","Metallicize","Rupture+1","Juggernaut"],"relics":["Burning Blood","NeowsBlessing","Red Skull","Self Forming Clay","Lee\u0027s Waffle","Pandora\u0027s Box","FossilizedHelix","Orichalcum"],"acts_visited":["Exordium","TheCity"],"potions_floor_usage":[16,27,27],"damage_taken":[{"damage":0,"enemies":"Small Slimes","floor":1,"turns":1},{"damage":0,"enemies":"Cultist","floor":2,"turns":1},{"damage":0,"enemies":"Jaw Worm","floor":3,"turns":1},{"damage":11,"enemies":"Looter","floor":4,"turns":3},{"damage":38,"enemies":"Gremlin Gang","floor":5,"turns":6},{"damage":18,"enemies":"3 Sentries","floor":6,"turns":7},{"damage":13,"enemies":"Blue Slaver","floor":14,"turns":2},{"damage":17,"enemies":"Slime Boss","floor":16,"turns":8},{"damage":17,"enemies":"2 Thieves","floor":18,"turns":4},{"damage":22,"enemies":"Spheric Guardian","floor":19,"turns":5},{"damage":37,"enemies":"Chosen and Byrds","floor":21,"turns":10},{"damage":16,"enemies":"Shelled Parasite and Fungi","floor":22,"turns":3},{"damage":36,"enemies":"Book of Stabbing","floor":24,"turns":7},{"damage":38,"enemies":"Slavers","floor":27,"turns":4}],"seed_played":"-5067434752002796133","potions_obtained":[{"floor":2,"key":"PowerPotion"},{"floor":3,"key":"LiquidBronze"},{"floor":16,"key":"BlessingOfTheForge"},{"floor":21,"key":"Fire Potion"},{"floor":22,"key":"LiquidMemories"}],"is_trial":false,"path_per_floor":["M","M","M","M","M","E","R","?","T","$","R","$","R","M","R","B",null,"M","M","?","M","M","R","E","$","T","E"],"character_chosen":"IRONCLAD","items_purchased":["Lee\u0027s Waffle","Shrug It Off","BloodPotion"],"campfire_rested":1,"item_purchase_floors":[10,10,25],"current_hp_per_floor":[78,80,80,75,43,31,31,31,31,87,87,87,87,80,80,69,83,72,56,56,25,15,41,11,11,11,0,0],"gold":60,"neow_bonus":"THREE_ENEMY_KILL","is_daily":false,"chose_seed":false,"campfire_upgraded":4,"win_rate":0.0,"timestamp":1612589788,"path_taken":["M","M","M","M","M","E","R","?","T","$","R","$","R","M","R","BOSS","M","M","?","M","M","R","E","$","T","E"],"items_purchased_type":["Relic","Card","Potion"],"build_version":"2020-12-22","purchased_purges":1,"victory":false,"max_hp_per_floor":[80,80,80,80,80,80,80,80,80,87,87,87,87,87,87,87,87,87,87,87,87,87,87,87,87,87,87,87],"card_choices":[{"not_picked":["Armaments","Heavy Blade"],"picked":"Power Through","floor":1},{"not_picked":["Warcry","Anger"],"picked":"Feel No Pain","floor":2},{"not_picked":["True Grit","Sword Boomerang"],"picked":"Spot Weakness","floor":3},{"not_picked":["Evolve","Uppercut"],"picked":"Cleave","floor":4},{"not_picked":["Twin Strike","Flame Barrier"],"picked":"Headbutt","floor":5},{"not_picked":["Impervious","Bloodletting"],"picked":"Double Tap","floor":6},{"not_picked":["Rupture","Rage"],"picked":"Disarm","floor":14},{"not_picked":["Double Tap","Bludgeon"],"picked":"Exhume","floor":16},{"not_picked":["Cleave","True Grit"],"picked":"Second Wind","floor":18},{"not_picked":["Shrug It Off","Iron Wave"],"picked":"Combust+1","floor":19},{"not_picked":["Armaments","Sentinel"],"picked":"Metallicize","floor":21},{"not_picked":["Carnage","Sword Boomerang+1"],"picked":"Rupture+1","floor":22},{"not_picked":["Offering","Berserk"],"picked":"Juggernaut","floor":24}],"player_experience":351172,"relics_obtained":[{"floor":6,"key":"Red Skull"},{"floor":9,"key":"Self Forming Clay"},{"floor":24,"key":"FossilizedHelix"},{"floor":26,"key":"Orichalcum"}],"event_choices":[{"damage_healed":0,"gold_gain":0,"player_choice":"Ignored","damage_taken":0,"max_hp_gain":0,"max_hp_loss":0,"event_name":"Golden Idol","floor":8,"gold_loss":0},{"damage_healed":0,"gold_gain":0,"player_choice":"Upgrade","damage_taken":0,"max_hp_gain":0,"max_hp_loss":0,"event_name":"Designer","floor":20,"gold_loss":40,"cards_upgraded":["Fiend Fire"]}],"is_beta":false,"boss_relics":[{"not_picked":["Runic Cube","Snecko Eye"],"picked":"Pandora\u0027s Box"}],"items_purged_floors":[25],"is_endless":false,"potions_floor_spawned":[2,3,16,21,22],"killed_by":"Slavers","ascension_level":9}}