{"host":"syozzdlzcqop4jia","time":1612646273,"event":{"mods":["BaseMod","Colored Map","Colored Powertips","Minty Spire (QoL Compilation)","Quick Restart"],"gold_per_floor":[118,118,130,55,71,103,103,103,103,68,82,34,54,69,69,171,171,186,186,65,78,98,98,116,116,116,132,132,132,152,152,152],"floor_reached":31,"language":"ENG","playtime":1271,"items_purged":["Defend_R"],"score":299,"play_id":"15e48876-8f7c-4514-a2f2-c3a54b006f4d","local_time":"20210206221753","is_ascension_mode":true,"campfire_choices":[{"floor":8,"key":"REST"},{"data":"Seeing Red","floor":15,"key":"SMITH"},{"floor":23,"key":"REST"},{"floor":25,"key":"REST"}],"circlet_count":0,"master_deck":["Strike_R","Strike_R","Strike_R","Strike_R","Strike_R","Defend_R","Defend_R","Bash+1","Seeing Red+1","Clothesline","Heavy Blade","Inflame","Pommel Strike","Flex","Shrug It Off","Limit Break","Perfected Strike+1","Battle Trance","Spot Weakness","Anger+1","Sword Boomerang+1","Shrug It Off","Reckless Charge+1","Impervious"],"relics":["Burning Blood","Singing Bowl","Blood Vial","Vajra","Mark of Pain","Pantograph","Nilry\u0027s Codex"],"acts_visited":["Exordium","TheCity"],"potions_floor_usage":[1,11],"damage_taken":[{"damage":1,"enemies":"Cultist","floor":1,"turns":3},{"damage":12,"enemies":"Jaw Worm","floor":3,"turns":3},{"damage":5,"enemies":"Small Slimes","floor":5,"turns":3},{"damage":70,"enemies":"Gremlin Nob","floor":6,"turns":6},{"damage":5,"enemies":"Blue Slaver","floor":11,"turns":3},{"damage":7,"enemies":"Exordium Thugs","floor":13,"turns":4},{"damage":20,"enemies":"Gremlin Gang","floor":14,"turns":4},{"damage":45,"enemies":"The Guardian","floor":16,"turns":9},{"damage":24,"enemies":"Spheric Guardian","floor":18,"turns":4},{"damage":22,"enemies":"2 Thieves","floor":21,"turns":3},{"damage":29,"enemies":"Centurion and Healer","floor":22,"turns":5},{"damage":24,"enemies":"Snake Plant","floor":24,"turns":3},{"damage":12,"enemies":"Chosen and Byrds","floor":27,"turns":3},{"damage":40,"enemies":"Shelled Parasite and Fungi","floor":30,"turns":3},{"damage":13,"enemies":"Snake Plant","floor":31,"turns":1}],"seed_played":"6046299798534487429","potions_obtained":[{"floor":1,"key":"Fruit Juice"},{"floor":3,"key":"Explosive Potion"},{"floor":5,"key":"LiquidBronze"},{"floor":14,"key":"SpeedPotion"},{"floor":21,"key":"SteroidPotion"},{"floor":24,"key":"Explosive Potion"}],"is_trial":false,"path_per_floor":["M","?","M","$","M","E","?","R","T","?","M","$","M","M","R","B",null,"M","?","$","M","M","R","M","R","T","M","?","$","M","M"],"character_chosen":"IRONCLAD","items_purchased":["Flex","Battle Trance","Spot Weakness"],"campfire_rested":3,"item_purchase_floors":[12,20,20],"current_hp_per_floor":[85,78,72,72,73,9,37,62,62,83,85,85,86,73,73,36,74,58,58,58,44,23,49,33,59,59,55,39,39,7,0,0],"gold":152,"neow_bonus":"UPGRADE_CARD","is_daily":false,"chose_seed":false,"campfire_upgraded":1,"win_rate":0.0,"timestamp":1612646273,"path_taken":["M","?","M","?","M","E","?","R","T","?","M","$","?","M","R","BOSS","M","?","$","?","M","R","M","R","T","M","?","?","M","M"],"items_purchased_type":["Card","Card","Card"],"build_version":"2020-12-22","purchased_purges":1,"victory":false,"max_hp_per_floor":[85,85,85,85,85,85,85,85,85,85,85,85,87,87,87,87,87,87,87,87,87,87,87,87,87,87,87,87,87,87,87,87],"card_choices":[{"not_picked":["Headbutt","Dark Embrace"],"picked":"Seeing Red","floor":1},{"not_picked":["Fire Breathing","Feel No Pain"],"picked":"Clothesline","floor":3},{"not_picked":["Clothesline","Headbutt"],"picked":"Heavy Blade","floor":5},{"not_picked":["Clash","Limit Break"],"picked":"Inflame","floor":6},{"not_picked":["Feel No Pain","Cleave"],"picked":"Pommel Strike","floor":11},{"not_picked":["Pommel Strike","Infernal Blade","Cleave"],"picked":"Singing Bowl","floor":13},{"not_picked":["Armaments","Cleave"],"picked":"Shrug It Off","floor":14},{"not_picked":["Offering","Corruption"],"picked":"Limit Break","floor":16},{"not_picked":["True Grit","Havoc"],"picked":"Perfected Strike+1","floor":18},{"not_picked":["Armaments","Perfected Strike"],"picked":"Anger+1","floor":21},{"not_picked":["Anger","Heavy Blade"],"picked":"Sword Boomerang+1","floor":22},{"not_picked":["Rupture","Clothesline"],"picked":"Shrug It Off","floor":24},{"not_picked":["Clothesline","Fire Breathing"],"picked":"Reckless Charge+1","floor":27},{"not_picked":["Iron Wave","True Grit+1"],"picked":"Impervious","floor":30}],"player_experience":568299,"relics_obtained":[{"floor":6,"key":"Blood Vial"},{"floor":9,"key":"Vajra"},{"floor":26,"key":"Pantograph"},{"floor":28,"key":"Nilry\u0027s Codex"}],"event_choices":[{"damage_healed":0,"gold_gain":0,"player_choice":"Success","damage_taken":7,"relics_obtained":["Singing Bowl"],"max_hp_gain":0,"max_hp_loss":0,"event_name":"Scrap Ooze","floor":2,"gold_loss":0},{"damage_healed":28,"gold_gain":0,"player_choice":"Banana","damage_taken":0,"max_hp_gain":0,"max_hp_loss":0,"event_name":"Big Fish","floor":7,"gold_loss":0},{"damage_healed":21,"gold_gain":0,"player_choice":"Healed","damage_taken":0,"max_hp_gain":0,"max_hp_loss":0,"event_name":"The Cleric","floor":10,"gold_loss":35},{"cards_removed":["Defend_R"],"damage_healed":0,"gold_gain":0,"player_choice":"Card Removal","damage_taken":0,"max_hp_gain":0,"max_hp_loss":0,"event_name":"Wheel of Change","floor":19,"gold_loss":0},{"damage_healed":0,"gold_gain":0,"player_choice":"Obtained Book","damage_taken":16,"max_hp_gain":0,"max_hp_loss":0,"event_name":"Cursed Tome","floor":28,"gold_loss":0}],"is_beta":false,"boss_relics":[{"not_picked":["Astrolabe","Snecko Eye"],"picked":"Mark of Pain"}],"items_purged_floors":[4],"is_endless":false,"potions_floor_spawned":[1,3,5,14,21,24,27,30],"killed_by":"Snake Plant","ascension_level":5}}