{"host":"tj6tjcyqgbd0xj5u","time":1612577581,"event":{"mods":["Aspiration","BaseMod","Better Match","BetterRewards","Challenge The Spire","Conspire","Defuse TimeMaze Blight","Downfall","Energized Spire","Evolution","GifTheSpireLib","Halation","Hubris","Infinite Spire","Minty Spire (QoL Compilation)","Replay The Spire","Reworked Bosses","Spikes Relics","StS++","StSLib","Stuff the Spire"],"gold_per_floor":[118,128,228,244,254,254,285,35,35,35,35,35,60,93,93,219,282,297,297,44,44,59,95,108,126,149,149,169,203,203,203,203,334,334,354,687,687,701,701,735,735,735,735],"floor_reached":42,"language":"ENG","playtime":2059,"items_purged":[],"score":680,"play_id":"af6be5cb-b67a-4799-9903-749cf5764432","local_time":"20210205221301","is_ascension_mode":true,"campfire_choices":[{"data":"Absolvement","floor":6,"key":"SMITH"},{"data":"StuffTheSpire:Incineration","floor":11,"key":"SMITH"}],"circlet_count":0,"master_deck":["StuffTheSpire:Incineration+1","StuffTheSpire:Incineration","Defend_R","Defend_R","Defend_R","Defend_R","Bash+1","Sword Boomerang","Shrug It Off","StuffTheSpire:TitanForm","Absolvement+1","Armaments","Reaper","hubris:DuctTapeCard","StuffTheSpire:Incineration+1","BlessedFruit+1","BlessedFruit"],"relics":["Burning Blood","EVO:Axolotl","PreservedInsect","Chameleon Ring","Boot","Red Skull","Tiny House","MutagenicStrength","hubris:DuctTape","Potion Belt","aspiration:TomeofQuesting","MealTicket","Blue Candle","bronze:MakeshiftBattery","HeavenlyBonsai","conspire:BottledYoYo"],"acts_visited":["Exordium","TheCity","TheBeyond"],"potions_floor_usage":[14,14,16,16,16,16,23,23,24,29,29,33,33,33,33,42,42,42],"damage_taken":[{"damage":12,"enemies":"Jaw Worm","floor":1,"turns":2},{"damage":0,"enemies":"Cultist","floor":2,"turns":2},{"damage":6,"enemies":"2 Louse","floor":4,"turns":2},{"damage":3,"enemies":"Looter","floor":5,"turns":2},{"damage":16,"enemies":"Gremlin Nob","floor":7,"turns":3},{"damage":0,"enemies":"Exordium Wildlife","floor":13,"turns":1},{"damage":0,"enemies":"3 Sentries","floor":14,"turns":2},{"damage":56,"enemies":"The Guardian","floor":16,"turns":12},{"damage":9,"enemies":"2 Thieves","floor":18,"turns":2},{"damage":12,"enemies":"Chosen","floor":22,"turns":3},{"damage":7,"enemies":"Book of Stabbing","floor":23,"turns":3},{"damage":23,"enemies":"Snake Plant","floor":24,"turns":3},{"damage":25,"enemies":"Snecko","floor":25,"turns":4},{"damage":13,"enemies":"Cultist and Chosen","floor":28,"turns":6},{"damage":0,"enemies":"Gremlin Leader","floor":29,"turns":2},{"damage":4,"enemies":"bossMod:newCollector","floor":33,"turns":7},{"damage":9,"enemies":"Orb Walker","floor":35,"turns":3},{"damage":30,"enemies":"3 Darklings","floor":38,"turns":3},{"damage":37,"enemies":"R_Hoarder","floor":40,"turns":5},{"damage":139,"enemies":"Giant Head","floor":42,"turns":7}],"seed_played":"4903732857927230500","potions_obtained":[{"floor":2,"key":"LiquidBronze"},{"floor":4,"key":"PowerPotion"},{"floor":7,"key":"Dexterity Potion"},{"floor":15,"key":"BloodPotion"},{"floor":15,"key":"StSpp:ScatteredPotion"},{"floor":16,"key":"PowerPotion"},{"floor":17,"key":"Slimebound:ThreeZeroPotion"},{"floor":18,"key":"HeartOfIron"},{"floor":25,"key":"hexamod:SoulburnPotion"},{"floor":27,"key":"Toxic Potion"},{"floor":27,"key":"HeartOfIron"},{"floor":30,"key":"Venom Potion"},{"floor":30,"key":"GamblersBrew"},{"floor":32,"key":"Weak Potion"},{"floor":32,"key":"FairyPotion"},{"floor":40,"key":"Explosive Potion"},{"floor":41,"key":"SneckoOil"},{"floor":41,"key":"SkillPotion"}],"is_trial":false,"path_per_floor":["M","M","?","M","M","R","E","$","T","?","R","?","M","E","R","B",null,"M","?","$","?","M","E","M","M","T","R","M","E","R","?","R","B",null,"M","?","T","M","?","E","R","E"],"character_chosen":"IRONCLAD","items_purchased":["Chameleon Ring","hubris:DuctTape"],"campfire_rested":0,"item_purchase_floors":[8,20],"current_hp_per_floor":[74,80,80,80,80,80,70,70,70,70,70,70,74,74,74,46,72,69,69,69,69,63,62,45,33,33,33,33,39,39,34,34,46,71,73,73,73,63,63,41,41,0,0],"gold":735,"neow_bonus":"REMOVE_CARD","is_daily":false,"chose_seed":false,"campfire_upgraded":2,"win_rate":0.0,"timestamp":1612577581,"path_taken":["M","M","?","M","?","R","E","$","T","?","R","?","M","E","R","BOSS","M","?","$","?","?","E","M","?","T","R","M","E","R","?","R","BOSS","M","?","?","M","?","E","R","E"],"items_purchased_type":["Relic","Relic"],"build_version":"2020-12-22","purchased_purges":0,"victory":false,"max_hp_per_floor":[80,80,80,80,80,80,80,80,80,74,74,74,74,74,74,74,79,79,79,79,79,79,79,79,79,79,79,79,79,79,79,79,79,79,79,79,79,80,80,82,82,85,85],"card_choices":[{"not_picked":["StSpp:Succumb","Armaments"],"picked":"Sword Boomerang","floor":1},{"not_picked":["StSpp:Sprint","Replay:Undeath\u0027s Touch"],"picked":"Shrug It Off","floor":2},{"not_picked":["hubris:ReadiedAction","StuffTheSpire:Slingshot"],"picked":"StuffTheSpire:TitanForm","floor":4},{"not_picked":["Headbutt","Anger"],"picked":"Absolvement","floor":5},{"not_picked":["Clash","ReplayTheSpireMod:Strike From Hell"],"picked":"Armaments","floor":7},{"not_picked":["Offering","Pommel Strike","Ghostly Armor"],"picked":"SKIP","floor":13},{"not_picked":["Warcry","Iron Wave","Replay:Undeath\u0027s Touch"],"picked":"SKIP","floor":14},{"not_picked":["Demonic Infusion","Exhume"],"picked":"Reaper","floor":16},{"not_picked":["Replay:Undeath\u0027s Touch","StSpp:Jab","hubris:ReadiedAction"],"picked":"SKIP","floor":18},{"not_picked":["Clothesline+1","Massacre","Reaper"],"picked":"SKIP","floor":22},{"not_picked":["Rage+1","Clothesline","hubris:ReadiedAction"],"picked":"SKIP","floor":23},{"not_picked":["Bloodletting+1","Perfected Strike","Reckless Charge"],"picked":"SKIP","floor":24},{"not_picked":["Run Through","ReplayTheSpireMod:Limb From Limb","Sword Boomerang"],"picked":"SKIP","floor":25},{"not_picked":["Burning Pact","Replay:Undeath\u0027s Touch+1"],"picked":"StuffTheSpire:Incineration+1","floor":28},{"not_picked":["Searing Blow","Reaper","Infernal Blade"],"picked":"SKIP","floor":29},{"not_picked":["Abandon","StSpp:Succumb","ReplayTheSpireMod:Muscle Training"],"picked":"SKIP","floor":35},{"not_picked":["StuffTheSpire:Resist","Evolve","Entrench+1"],"picked":"SKIP","floor":38},{"not_picked":["Sword Boomerang+1","Searing Blow+1","StSpp:CounterStrike"],"picked":"SKIP","floor":40}],"player_experience":115031,"relics_obtained":[{"floor":7,"key":"PreservedInsect"},{"floor":9,"key":"Boot"},{"floor":14,"key":"Red Skull"},{"floor":23,"key":"Potion Belt"},{"floor":26,"key":"aspiration:TomeofQuesting"},{"floor":29,"key":"MealTicket"},{"floor":37,"key":"HeavenlyBonsai"},{"floor":40,"key":"conspire:BottledYoYo"}],"event_choices":[{"damage_healed":0,"gold_gain":100,"player_choice":"Pray","damage_taken":0,"max_hp_gain":0,"max_hp_loss":0,"event_name":"Golden Shrine","floor":3,"gold_loss":0},{"damage_healed":0,"gold_gain":0,"player_choice":"Lose Max HP","damage_taken":0,"relics_obtained":["Golden Idol"],"max_hp_gain":0,"max_hp_loss":6,"event_name":"Golden Idol","floor":10,"gold_loss":0},{"damage_healed":0,"gold_gain":0,"player_choice":"Inject Mutagens","damage_taken":0,"relics_obtained":["MutagenicStrength"],"max_hp_gain":0,"max_hp_loss":0,"event_name":"Drug Dealer","floor":19,"gold_loss":0},{"damage_healed":0,"gold_gain":333,"player_choice":"Gave Idol","damage_taken":0,"max_hp_gain":0,"max_hp_loss":0,"event_name":"The Moai Head","floor":36,"relics_lost":["Golden Idol"],"gold_loss":0},{"damage_healed":0,"gold_gain":0,"player_choice":"Forge","damage_taken":0,"max_hp_gain":0,"max_hp_loss":0,"event_name":"Accursed Blacksmith","floor":39,"gold_loss":0,"cards_upgraded":["BlessedFruit"]}],"is_beta":false,"boss_relics":[{"not_picked":["Fusion Hammer","Electric Blood"],"picked":"Tiny House"},{"not_picked":["Sandwich","Honey Jar"],"picked":"bronze:MakeshiftBattery"}],"items_purged_floors":[],"is_endless":false,"potions_floor_spawned":[2,4,7,16,18,25,40],"killed_by":"Giant Head","ascension_level":5}}