{"host":"4gr5irrdjh39ysed","time":1612569739,"event":{"mods":["AchievementEnabler","BaseMod","Colored Map","Downfall","Hermit","Minty Spire (QoL Compilation)","Random Character Button","StSLib","The Construct","The Cursed","The Disciple","The Hierophant","The Mystic","The Necromancer","The Runesmith"],"gold_per_floor":[212,33,50,50,21,21,21,21,99,99,99,132,144,167,179,270,282,307,80,80,91,91,91,121,121,198,198,215,228,256,274,274,349,349,366,380,435,114,0,27,27,43,43,68,118,144,11,26,26,26,26,26,26,54,54],"floor_reached":56,"language":"ENG","playtime":2640,"items_purged":["Defend_G","Defend_G+1","Grand Finale"],"score":2168,"play_id":"d6831eb8-5347-4659-8db1-7baeda638e5e","local_time":"20210205170219","is_ascension_mode":true,"campfire_choices":[{"floor":6,"key":"RECALL"},{"data":"Die Die Die","floor":8,"key":"SMITH"},{"data":"Outmaneuver","floor":10,"key":"SMITH"},{"data":"Tools of the Trade","floor":15,"key":"SMITH"},{"data":"Flying Knee","floor":23,"key":"SMITH"},{"data":"Dash","floor":25,"key":"SMITH"},{"data":"Neutralize","floor":27,"key":"SMITH"},{"data":"Poisoned Stab","floor":32,"key":"SMITH"},{"data":"Panache","floor":41,"key":"SMITH"},{"data":"A Thousand Cuts","floor":49,"key":"SMITH"},{"data":"Accuracy","floor":52,"key":"SMITH"}],"circlet_count":0,"master_deck":["AscendersBane","Strike_G","Strike_G","Strike_G","Strike_G","Strike_G","Neutralize+1","Bouncing Flask+1","Die Die Die+1","Outmaneuver+1","Tools of the Trade+1","Flying Knee+1","Envenom+1","Crippling Poison+1","Dash+1","Tactician+1","Cloak And Dagger+1","Backstab","Poisoned Stab+1","Corpse Explosion","Dash+1","Well Laid Plans+1","All Out Attack+1","Infinite Blades","Skewer+1","Predator+1","Grand Finale+1","Panache+1","A Thousand Cuts+1","After Image","Accuracy+1","Accuracy+1","Poisoned Stab"],"relics":["Ring of the Snake","Sundial","MawBank","Lantern","SlaversCollar","Medical Kit","Blue Candle","Smiling Mask","Mummified Hand","Meat on the Bone","Astrolabe","Pocketwatch","Red Mask","Whetstone","Happy Flower","Ninja Scroll","Snake Skull"],"acts_visited":["Exordium","TheCity","TheBeyond","TheEnding"],"potions_floor_usage":[12,29,33,33,33,37,44,50,55],"damage_taken":[{"damage":24,"enemies":"Small Slimes","floor":1,"turns":5},{"damage":6,"enemies":"Cultist","floor":3,"turns":3},{"damage":25,"enemies":"Lagavulin","floor":12,"turns":5},{"damage":5,"enemies":"2 Louse","floor":14,"turns":2},{"damage":724,"enemies":"Hexaghost","floor":16,"turns":9},{"damage":57,"enemies":"Spheric Guardian","floor":18,"turns":6},{"damage":44,"enemies":"2 Thieves","floor":21,"turns":4},{"damage":49,"enemies":"Slavers","floor":24,"turns":5},{"damage":16,"enemies":"3 Cultists","floor":28,"turns":4},{"damage":19,"enemies":"Chosen and Byrds","floor":29,"turns":5},{"damage":34,"enemies":"Gremlin Leader","floor":30,"turns":7},{"damage":36,"enemies":"Snake Plant","floor":31,"turns":3},{"damage":75,"enemies":"Collector","floor":33,"turns":8},{"damage":44,"enemies":"3 Shapes","floor":35,"turns":3},{"damage":9,"enemies":"Orb Walker","floor":36,"turns":3},{"damage":61,"enemies":"2 Orb Walkers","floor":37,"turns":5},{"damage":75,"enemies":"Nemesis","floor":40,"turns":5},{"damage":54,"enemies":"Spire Growth","floor":42,"turns":4},{"damage":50,"enemies":"Giant Head","floor":44,"turns":6},{"damage":54,"enemies":"Nemesis","floor":46,"turns":5},{"damage":12,"enemies":"Sphere and 2 Shapes","floor":48,"turns":3},{"damage":75,"enemies":"Donu and Deca","floor":50,"turns":5},{"damage":111,"enemies":"Shield and Spear","floor":54,"turns":4},{"damage":223,"enemies":"The Heart","floor":55,"turns":9}],"seed_played":"-9214218549982415035","potions_obtained":[{"floor":1,"key":"GamblersBrew"},{"floor":18,"key":"sneckomod:MuddlingPotion"},{"floor":24,"key":"Fire Potion"},{"floor":30,"key":"EntropicBrew"},{"floor":36,"key":"Slimebound:ThreeZeroPotion"},{"floor":42,"key":"bronze:BurnAndBuffPotion"},{"floor":44,"key":"Poison Potion"}],"is_trial":false,"path_per_floor":["M","$","M","?","$","R","?","R","T","R","?","E","T","M","R","B",null,"M","$","T","M","?","R","E","R","T","R","M","M","E","M","R","B",null,"M","M","?","$","?","E","R","M","T","E","?","E","$","M","R","B",null,"R","$","E","B",null],"character_chosen":"THE_SILENT","items_purchased":["Die Die Die","Prepared","Medical Kit","Grand Finale","Panache","Accuracy"],"campfire_rested":0,"item_purchase_floors":[2,5,19,38,38,47],"current_hp_per_floor":[2035,2035,2029,2029,2029,2029,1409,1409,1409,1409,1402,1377,1377,1372,1372,648,1712,1655,1655,1655,1611,1611,1611,1562,1562,1562,1562,1546,1527,1493,1457,1457,1382,1895,1851,1842,1781,1781,1781,1706,1706,1652,1652,1602,1602,1548,1548,1536,1536,1461,1915,1915,1915,1804,1581],"gold":54,"neow_bonus":"HUNDRED_GOLD","is_daily":false,"chose_seed":false,"campfire_upgraded":10,"win_rate":0.0,"timestamp":1612569739,"path_taken":["M","$","M","?","?","R","?","R","T","R","?","E","?","M","R","BOSS","M","$","?","M","?","R","E","R","T","R","M","M","E","M","R","BOSS","M","?","?","$","?","E","R","M","T","E","?","E","$","M","R","BOSS","R","$","E","BOSS"],"items_purchased_type":["Card","Card","Relic","Card","Card","Card"],"build_version":"2020-12-22","purchased_purges":3,"victory":true,"max_hp_per_floor":[2066,2066,2066,2066,2066,2066,2066,2066,2066,2066,2066,2066,2066,2066,2066,2066,2066,2066,2066,2066,2066,2066,2066,2066,2066,2066,2066,2066,2066,2066,2066,2066,2066,2066,2066,2066,2066,2066,2066,2066,2066,2066,2066,2066,2066,2066,2066,2066,2066,2066,2066,2066,2066,2066,2066],"card_choices":[{"not_picked":["Backflip","Slice"],"picked":"Bouncing Flask","floor":1},{"not_picked":["PiercingWail","Eviscerate"],"picked":"Outmaneuver","floor":3},{"not_picked":["Heel Hook","All Out Attack"],"picked":"Tools of the Trade","floor":12},{"not_picked":["Leg Sweep","Prepared"],"picked":"Flying Knee","floor":14},{"not_picked":["Grand Finale","Venomology"],"picked":"Envenom","floor":16},{"not_picked":["Blur","Underhanded Strike","Sucker Punch"],"picked":"SKIP","floor":18},{"not_picked":["Dagger Throw","Masterful Stab"],"picked":"Crippling Poison+1","floor":21},{"not_picked":["Deadly Poison","Bane"],"picked":"Dash","floor":24},{"not_picked":["Riddle With Holes","Backflip"],"picked":"Tactician+1","floor":28},{"not_picked":["Dodge and Roll","Flying Knee"],"picked":"Cloak And Dagger+1","floor":29},{"not_picked":["Acrobatics","Poisoned Stab"],"picked":"Backstab","floor":30},{"not_picked":["Slice","Dagger Throw"],"picked":"Poisoned Stab","floor":31},{"not_picked":["Adrenaline","Malaise"],"picked":"Corpse Explosion","floor":33},{"not_picked":["Deadly Poison+1","Sucker Punch"],"picked":"Infinite Blades","floor":35},{"not_picked":["Choke","Backflip+1"],"picked":"Skewer+1","floor":36},{"not_picked":["Flechettes","Accuracy"],"picked":"Predator","floor":37},{"not_picked":["Prepared","Backflip","Dash+1"],"picked":"SKIP","floor":40},{"not_picked":["Flying Knee","Prepared"],"picked":"Grand Finale","floor":42},{"not_picked":["Slice+1","Cloak And Dagger"],"picked":"A Thousand Cuts","floor":44},{"not_picked":["Masterful Stab","Acrobatics+1"],"picked":"After Image","floor":46},{"not_picked":["Dodge and Roll+1","Well Laid Plans"],"picked":"Accuracy+1","floor":48},{"not_picked":["Dodge and Roll","PiercingWail"],"picked":"Poisoned Stab","floor":54}],"player_experience":314797,"relics_obtained":[{"floor":9,"key":"Sundial"},{"floor":12,"key":"MawBank"},{"floor":13,"key":"Lantern"},{"floor":20,"key":"Blue Candle"},{"floor":24,"key":"Smiling Mask"},{"floor":26,"key":"Mummified Hand"},{"floor":30,"key":"Meat on the Bone"},{"floor":37,"key":"Pocketwatch"},{"floor":40,"key":"Whetstone"},{"floor":44,"key":"Happy Flower"},{"floor":46,"key":"Ninja Scroll"},{"floor":54,"key":"Snake Skull"}],"event_choices":[{"cards_removed":["Defend_G"],"damage_healed":0,"gold_gain":0,"player_choice":"Offered Basic","damage_taken":0,"max_hp_gain":0,"max_hp_loss":0,"event_name":"Bonfire Elementals","floor":4,"gold_loss":0},{"damage_healed":0,"gold_gain":0,"player_choice":"Entered Light","damage_taken":620,"max_hp_gain":0,"max_hp_loss":0,"event_name":"Shining Light","floor":7,"gold_loss":0,"cards_upgraded":["Defend_G","Bouncing Flask"]},{"cards_removed":["Defend_G"],"damage_healed":0,"gold_gain":0,"player_choice":"Card Removal","damage_taken":7,"max_hp_gain":0,"max_hp_loss":0,"event_name":"Golden Wing","floor":11,"gold_loss":0},{"damage_healed":0,"gold_gain":0,"player_choice":"Upgraded","damage_taken":0,"max_hp_gain":0,"max_hp_loss":0,"event_name":"Upgrade Shrine","floor":22,"gold_loss":0,"cards_upgraded":["Envenom"]},{"damage_healed":0,"gold_gain":0,"player_choice":"Fight","damage_taken":0,"max_hp_gain":0,"max_hp_loss":0,"event_name":"Mysterious Sphere","floor":37,"gold_loss":0},{"damage_healed":0,"gold_gain":0,"player_choice":"Paid","damage_taken":0,"relics_obtained":["Red Mask"],"max_hp_gain":0,"max_hp_loss":0,"event_name":"Tomb of Lord Red Mask","floor":39,"gold_loss":114},{"damage_healed":0,"gold_gain":50,"player_choice":"Pray","damage_taken":0,"max_hp_gain":0,"max_hp_loss":0,"event_name":"Golden Shrine","floor":45,"gold_loss":0}],"is_beta":false,"boss_relics":[{"not_picked":["Tiny House","Snecko Eye"],"picked":"SlaversCollar"},{"not_picked":["bronze:MakeshiftBattery","Busted Crown"],"picked":"Astrolabe"}],"items_purged_floors":[19,38,47],"is_endless":false,"potions_floor_spawned":[1,18,24,30,36,42,44],"ascension_level":17}}