{"host":"oehe2dxjvdgux73m","time":1612623427,"event":{"mods":["AchievementEnabler","BaseMod","Colored Map","Colored Powertips","DeckTracker","Keyboard Shortcuts","Minty Spire (QoL Compilation)","Permanent Neow","Quick Restart","StSLib","SuperFastMode"],"gold_per_floor":[111,111,111,125,141,141,170,170,221,221,231,231,244,263,263,341,341,316,326,326,326,326],"floor_reached":21,"language":"KOR","playtime":500,"items_purged":[],"score":362,"play_id":"0eaef100-d443-4841-8617-233dd866c631","local_time":"20210206235707","is_ascension_mode":true,"campfire_choices":[{"data":"Deadly Poison","floor":8.0,"key":"SMITH"},{"data":"Prepared","floor":12.0,"key":"SMITH"},{"data":"Calculated Gamble","floor":15.0,"key":"SMITH"}],"circlet_count":0,"master_deck":["AscendersBane","Survivor","Neutralize","Deadly Poison+1","Calculated Gamble","Dagger Throw","Prepared+1","Blade Dance","Calculated Gamble+1","Wraith Form v2","All Out Attack","Prepared","Acrobatics","Night Terror","Infinite Blades","Night Terror","Caltrops","Choke","Catalyst","Noxious Fumes"],"relics":["Ring of the Snake","NeowsBlessing","Odd Mushroom","Lantern","Pandora\u0027s Box"],"acts_visited":["Exordium","TheCity"],"potions_floor_usage":[21],"damage_taken":[{"damage":0.0,"enemies":"Small Slimes","floor":1.0,"turns":1.0},{"damage":0.0,"enemies":"2 Louse","floor":4.0,"turns":2.0},{"damage":0.0,"enemies":"Cultist","floor":5.0,"turns":1.0},{"damage":0.0,"enemies":"Gremlin Nob","floor":6.0,"turns":2.0},{"damage":23.0,"enemies":"The Mushroom Lair","floor":7.0,"turns":6.0},{"damage":5.0,"enemies":"Exordium Wildlife","floor":11.0,"turns":5.0},{"damage":8.0,"enemies":"2 Fungi Beasts","floor":13.0,"turns":3.0},{"damage":0.0,"enemies":"Looter","floor":14.0,"turns":3.0},{"damage":21.0,"enemies":"The Guardian","floor":16.0,"turns":9.0},{"damage":8.0,"enemies":"2 Thieves","floor":18.0,"turns":4.0},{"damage":3.0,"enemies":"Spheric Guardian","floor":19.0,"turns":4.0},{"damage":15,"enemies":"Cultist and Chosen","floor":21,"turns":5}],"seed_played":"-1881587405507917913","potions_obtained":[{"floor":5.0,"key":"SmokeBomb"},{"floor":7.0,"key":"PowerPotion"},{"floor":11.0,"key":"LiquidMemories"},{"floor":19.0,"key":"CunningPotion"}],"is_trial":false,"path_per_floor":["M","?","?","M","M","E","?","R","T","?","M","R","M","M","R","B",null,"M","M","?","M"],"character_chosen":"THE_SILENT","items_purchased":[],"campfire_rested":0,"item_purchase_floors":[],"current_hp_per_floor":[59,59,59,59,59,59,36,36,36,36,31,31,23,23,23,2,50,42,39,39,24,24],"gold":326,"neow_bonus":"THREE_ENEMY_KILL","is_daily":false,"chose_seed":false,"campfire_upgraded":3,"win_rate":0.0,"timestamp":1612623427,"path_taken":["M","?","?","?","M","E","?","R","T","?","M","R","M","M","R","BOSS","M","M","?","M"],"items_purchased_type":[],"build_version":"2020-12-22","purchased_purges":0,"victory":false,"max_hp_per_floor":[66,66,66,66,66,66,66,66,66,66,66,66,66,66,66,66,66,66,66,66,66,66],"card_choices":[{"not_picked":["Poisoned Stab","Terror"],"picked":"Deadly Poison","floor":1.0},{"not_picked":["Acrobatics","Finisher"],"picked":"Calculated Gamble","floor":4.0},{"not_picked":["Cloak And Dagger","Quick Slash"],"picked":"Dagger Throw","floor":5.0},{"not_picked":["Sucker Punch","Accuracy"],"picked":"Prepared","floor":11.0},{"not_picked":["Sucker Punch","Caltrops"],"picked":"Blade Dance","floor":13.0},{"not_picked":["Sucker Punch","Outmaneuver"],"picked":"Calculated Gamble","floor":14.0},{"not_picked":["Phantasmal Killer","Venomology"],"picked":"Wraith Form v2","floor":16.0},{"not_picked":["Blur+1","Slice+1"],"picked":"Catalyst","floor":18.0},{"not_picked":["Infinite Blades","Slice","Cloak And Dagger"],"picked":"SKIP","floor":19.0}],"player_experience":393993,"relics_obtained":[{"floor":7.0,"key":"Odd Mushroom"},{"floor":9.0,"key":"Lantern"}],"event_choices":[{"cards_removed":["Strike_G"],"damage_healed":0.0,"max_hp_gain":0.0,"max_hp_loss":0.0,"gold_gain":0.0,"event_name":"Living Wall","player_choice":"Forget","floor":2.0,"gold_loss":0.0,"damage_taken":0.0},{"cards_removed":["Strike_G"],"damage_healed":0.0,"max_hp_gain":0.0,"max_hp_loss":0.0,"gold_gain":0.0,"event_name":"Bonfire Elementals","player_choice":"Offered Basic","floor":3.0,"gold_loss":0.0,"damage_taken":0.0},{"damage_healed":0.0,"max_hp_gain":0.0,"max_hp_loss":0.0,"gold_gain":0.0,"event_name":"Mushrooms","player_choice":"Fought Mushrooms","floor":7.0,"gold_loss":0.0,"damage_taken":0.0},{"damage_healed":0.0,"max_hp_gain":0.0,"max_hp_loss":0.0,"gold_gain":0.0,"event_name":"Liars Game","player_choice":"Ignored","floor":10.0,"gold_loss":0.0,"damage_taken":0.0},{"damage_healed":0.0,"max_hp_gain":0.0,"max_hp_loss":0.0,"gold_gain":0.0,"event_name":"The Library","player_choice":"Read","floor":20.0,"gold_loss":0.0,"damage_taken":0.0,"cards_obtained":["Noxious Fumes"]}],"is_beta":false,"boss_relics":[{"not_picked":["Sozu","Ring of the Serpent"],"picked":"Pandora\u0027s Box"}],"items_purged_floors":[],"is_endless":false,"potions_floor_spawned":[5,7,11,19],"killed_by":"Cultist and Chosen","ascension_level":20}}