{"host":"prxrhpgaxnj4om9r","time":1612586533,"event":{"mods":["AchievementEnabler","BaseMod","DeckTracker","Keyboard Shortcuts","Minty Spire (QoL Compilation)"],"gold_per_floor":[110,110,122,134,59,59,93,93,93,113,146,146,176,140,140,236,286,306,62,77,77,77,77,111,111,111,122,122,132,132,152,152,152,152],"floor_reached":33,"language":"KOR","playtime":2249,"items_purged":[],"score":325,"play_id":"789204bc-5382-47bc-98af-d7f844e34459","local_time":"20210206134213","is_ascension_mode":true,"campfire_choices":[{"data":"Body Slam","floor":6,"key":"SMITH"},{"data":"Armaments","floor":15,"key":"SMITH"},{"data":"Feel No Pain","floor":23,"key":"SMITH"},{"data":"Second Wind","floor":28,"key":"SMITH"},{"floor":32,"key":"REST"}],"circlet_count":0,"master_deck":["Strike_R","Strike_R","Strike_R","Strike_R","Defend_R","Defend_R","Defend_R","Defend_R","Bash","Disarm","Body Slam+1","Power Through","Perfected Strike","Shrug It Off","Pommel Strike","Carnage","Havoc","Armaments+1","Dark Embrace+1","Fiend Fire","Metallicize","Evolve","Immolate","Necronomicurse","Feel No Pain+1","Second Wind+1","Writhe","Shrug It Off+1","Sentinel+1","True Grit"],"relics":["Burning Blood","Peace Pipe","Ornamental Fan","Shuriken","Pen Nib","Tiny House","Matryoshka","Necronomicon","Juzu Bracelet","Regal Pillow","Boot","Darkstone Periapt"],"acts_visited":["Exordium","TheCity"],"potions_floor_usage":[7,11,11,18,20,27],"damage_taken":[{"damage":9,"enemies":"2 Louse","floor":1,"turns":3},{"damage":12,"enemies":"Cultist","floor":3,"turns":4},{"damage":0,"enemies":"Small Slimes","floor":4,"turns":3},{"damage":11,"enemies":"Lagavulin","floor":7,"turns":7},{"damage":4,"enemies":"Looter","floor":10,"turns":4},{"damage":8,"enemies":"Gremlin Nob","floor":11,"turns":3},{"damage":18,"enemies":"Lagavulin","floor":13,"turns":6},{"damage":21,"enemies":"The Guardian","floor":16,"turns":13},{"damage":5,"enemies":"3 Byrds","floor":18,"turns":7},{"damage":11,"enemies":"Shell Parasite","floor":20,"turns":7},{"damage":9,"enemies":"Book of Stabbing","floor":24,"turns":5},{"damage":0,"enemies":"3 Cultists","floor":27,"turns":3},{"damage":22,"enemies":"Snake Plant","floor":29,"turns":4},{"damage":29,"enemies":"Centurion and Healer","floor":31,"turns":3},{"damage":105,"enemies":"Automaton","floor":33,"turns":8}],"seed_played":"2080652347781961048","potions_obtained":[{"floor":0,"key":"AttackPotion"},{"floor":0,"key":"HeartOfIron"},{"floor":0,"key":"DuplicationPotion"},{"floor":3,"key":"FairyPotion"},{"floor":7,"key":"AttackPotion"},{"floor":11,"key":"Explosive Potion"},{"floor":17,"key":"Dexterity Potion"},{"floor":18,"key":"AttackPotion"},{"floor":20,"key":"DistilledChaos"}],"is_trial":false,"path_per_floor":["M","?","M","M","$","R","E","?","T","M","E","?","E","$","R","B",null,"M","$","M","?","?","R","E","?","T","M","R","M","$","M","R","B"],"character_chosen":"IRONCLAD","items_purchased":["Perfected Strike","Shrug It Off","Dark Embrace","Matryoshka"],"campfire_rested":1,"item_purchase_floors":[5,5,14,19],"current_hp_per_floor":[77,77,71,77,77,77,72,72,72,74,72,72,60,60,60,45,85,85,85,80,64,64,64,61,61,61,67,67,51,51,28,68,0,0],"gold":152,"neow_bonus":"THREE_SMALL_POTIONS","is_daily":false,"chose_seed":false,"campfire_upgraded":4,"win_rate":0.0,"timestamp":1612586533,"path_taken":["M","?","M","?","$","R","E","?","T","M","E","?","E","$","R","BOSS","M","$","M","?","?","R","E","?","T","M","R","M","$","M","R","BOSS"],"items_purchased_type":["Card","Card","Card","Relic"],"build_version":"2020-12-22","purchased_purges":0,"victory":false,"max_hp_per_floor":[80,80,80,80,80,80,80,80,80,80,80,80,80,80,80,80,85,85,85,85,85,85,85,85,85,85,85,85,85,85,85,85,85,85],"card_choices":[{"not_picked":["Anger","Sword Boomerang"],"picked":"Disarm","floor":1},{"not_picked":["Cleave","Pommel Strike"],"picked":"Body Slam","floor":3},{"not_picked":["Burning Pact","Clash"],"picked":"Power Through","floor":4},{"not_picked":["Exhume","Headbutt"],"picked":"Pommel Strike","floor":7},{"not_picked":["Combust","Disarm"],"picked":"Carnage","floor":10},{"not_picked":["Warcry","Iron Wave"],"picked":"Havoc","floor":11},{"not_picked":["Clothesline","Flame Barrier"],"picked":"Armaments","floor":13},{"not_picked":["Brutality","Limit Break"],"picked":"Fiend Fire","floor":16},{"not_picked":["Sentinel","Sword Boomerang"],"picked":"Metallicize","floor":17},{"not_picked":["Headbutt+1","Pommel Strike+1"],"picked":"Evolve","floor":18},{"not_picked":["Pommel Strike","Dual Wield"],"picked":"Immolate","floor":20},{"not_picked":["Body Slam","Hemokinesis"],"picked":"Second Wind","floor":24},{"not_picked":["Body Slam","Flame Barrier"],"picked":"Shrug It Off+1","floor":27},{"not_picked":["True Grit","Headbutt"],"picked":"Sentinel+1","floor":29},{"not_picked":["Infernal Blade","Combust"],"picked":"True Grit","floor":31}],"player_experience":272976,"relics_obtained":[{"floor":7,"key":"Peace Pipe"},{"floor":9,"key":"Ornamental Fan"},{"floor":11,"key":"Shuriken"},{"floor":13,"key":"Pen Nib"},{"floor":21,"key":"Necronomicon"},{"floor":24,"key":"Juzu Bracelet"},{"floor":26,"key":"Boot"},{"floor":26,"key":"Darkstone Periapt"}],"event_choices":[{"cards_removed":["Strike_R"],"damage_healed":0,"gold_gain":0,"player_choice":"Purged","damage_taken":0,"max_hp_gain":0,"max_hp_loss":0,"event_name":"Purifier","floor":2,"gold_loss":0},{"damage_healed":0,"gold_gain":0,"player_choice":"Ignored","damage_taken":0,"max_hp_gain":0,"max_hp_loss":0,"event_name":"Liars Game","floor":8,"gold_loss":0},{"damage_healed":0,"gold_gain":0,"player_choice":"Leave","damage_taken":0,"max_hp_gain":0,"max_hp_loss":0,"event_name":"The Cleric","floor":12,"gold_loss":0},{"damage_healed":0,"gold_gain":0,"player_choice":"Obtained Book","damage_taken":16,"max_hp_gain":0,"max_hp_loss":0,"event_name":"Cursed Tome","floor":21,"gold_loss":0},{"damage_healed":0,"gold_gain":0,"player_choice":"Read","damage_taken":0,"max_hp_gain":0,"max_hp_loss":0,"event_name":"The Library","floor":22,"gold_loss":0,"cards_obtained":["Feel No Pain"]},{"damage_healed":0,"gold_gain":0,"player_choice":"Opened","damage_taken":0,"relics_obtained":["Regal Pillow"],"max_hp_gain":0,"max_hp_loss":0,"event_name":"The Mausoleum","floor":25,"gold_loss":0,"cards_obtained":["Writhe"]}],"is_beta":false,"boss_relics":[{"not_picked":["Philosopher\u0027s Stone","Black Blood"],"picked":"Tiny House"}],"items_purged_floors":[],"is_endless":false,"potions_floor_spawned":[3,4,7,11,18,20,24],"killed_by":"Automaton","ascension_level":3}}