{"host":"h51tltv0izczgxti","time":1612639559,"event":{"mods":["2.2 Compatiblity","AchievementEnabler","Act Like it!","Aspiration","BaseMod","Beaked The Cultist","Better Altar","Better Match","Better Note","Better Sensory Stone","Better Skull","Better Third Choice","Better Vampires","BetterRewards","Clockwork Mod","Gensokyo","Halation","Hallownest","Hermit","HololiveMod","Hubris","Infinite Spire","Koishi","Mad Scientist","Magitek Elite","Marisa????????","Melee Mod","Minty Spire (QoL Compilation)","Pale of the Ancients","Poor People Problems","Prisma Mod","Random Character Button","Relic Filter Mod","Reliquary","Remilia??????","Replay The Spire","Retaliation","Robot Space Explorer","Shade Mod","Spicy Shops","Spire Arcade","StS++","StSLib","Strawberry Spire","The Animator","The Bug Knight","The Gatherer","The Kombatant","The Poker Player","The Servant 0.9.4","The Wild Card","TheBandit","WarShipGirlsR/????R mod","Yuyuko"],"gold_per_floor":[16,32,46,46,61,91,91,101,124,124,341,357,357,17,17,121,121,131,148,193,207,4,4,4,4,4,79,99,99,99],"floor_reached":29,"language":"ENG","playtime":1700,"items_purged":[],"score":236,"play_id":"8d58b65c-5219-495f-89a8-cc63f9bbdc6f","local_time":"20210206132559","is_ascension_mode":true,"campfire_choices":[{"data":"hermit:WideOpen","floor":7,"key":"SMITH"},{"data":"hermit:Determination","floor":10,"key":"SMITH"},{"data":"hubris:SlightOfHand","floor":15,"key":"SMITH"},{"data":"hermit:BlackWind","floor":23,"key":"SMITH"},{"data":"Doppelganger","floor":25,"key":"SMITH"}],"circlet_count":0,"master_deck":["TheWorld+1","hermit:Strike_Hermit","hermit:Strike_Hermit","hermit:Strike_Hermit","hermit:Defend_Hermit","hermit:Defend_Hermit","hermit:Snapshot","hermit:Covet+1","hermit:TrackingShot","hermit:Deadeye","hermit:HoleUp","hermit:Feint","hermit:WideOpen+1","hermit:Determination+1","hermit:BigShot","Backstab","Doppelganger+1","hubris:SlightOfHand+1","hermit:CalledShot","hermit:CalledShot","hermit:Coalescence","hermit:BlackWind+1","hermit:Ricochet","hubris:TrickCloak","hermit:Roulette","hermit:SprayPray","meleeMod_ShieldPoke+1","Outmaneuver"],"relics":["hermit:Momento","halation:SwordOfLegend","HornCleat","hubris:Zylophone","War Paint","aspiration:Lifesprig","hubris:DisguiseKit","strawberrySpire:SolarisEssence","PrismaticShard","reliquary:TridentHead"],"acts_visited":["Exordium","TheCity"],"potions_floor_usage":[6,18],"damage_taken":[{"damage":0,"enemies":"Cultist","floor":1,"turns":4},{"damage":0,"enemies":"2 Louse","floor":2,"turns":2},{"damage":5,"enemies":"Small Slimes","floor":3,"turns":3},{"damage":8,"enemies":"Red Slaver","floor":5,"turns":4},{"damage":14,"enemies":"Replay:BlueRogue","floor":6,"turns":8},{"damage":5,"enemies":"Blue Slaver","floor":8,"turns":3},{"damage":3,"enemies":"Looter","floor":12,"turns":3},{"damage":13,"enemies":"Hexaghost","floor":16,"turns":8},{"damage":9,"enemies":"2 Thieves","floor":18,"turns":3},{"damage":4,"enemies":"3 Byrds","floor":19,"turns":4},{"damage":28,"enemies":"Shelled Parasite and Fungi","floor":21,"turns":4},{"damage":4,"enemies":"Sentry and Sphere","floor":28,"turns":3},{"damage":36,"enemies":"Slavers","floor":29,"turns":1}],"seed_played":"-7951378032034573803","potions_obtained":[{"floor":2,"key":"Swift Potion"},{"floor":6,"key":"Weak Potion"},{"floor":12,"key":"Elixir"},{"floor":18,"key":"Weak Potion"}],"is_trial":false,"path_per_floor":["M","M","M","?","M","E","R","M","T","R","?","M","?","$","R","B",null,"M","M","T","M","$","R","?","R","T","?","M","E"],"character_chosen":"HERMIT","items_purchased":["hermit:CalledShot","hubris:DisguiseKit","hermit:Coalescence","PrismaticShard","hermit:SprayPray"],"campfire_rested":0,"item_purchase_floors":[14,14,14,22,22],"current_hp_per_floor":[75,75,70,70,62,48,63,58,58,61,30,27,27,27,27,14,75,66,62,62,34,34,46,46,46,46,39,35,0,0],"gold":99,"neow_bonus":"ONE_RARE_RELIC","is_daily":false,"chose_seed":false,"campfire_upgraded":5,"win_rate":0.0,"timestamp":1612639559,"path_taken":["M","M","M","?","M","E","R","M","T","R","?","?","?","$","R","BOSS","M","M","?","M","$","R","?","R","T","?","?","E"],"items_purchased_type":["Card","Relic","Card","Relic","Card"],"build_version":"2020-12-22","purchased_purges":0,"victory":false,"max_hp_per_floor":[75,75,75,75,75,75,75,75,75,75,75,75,75,75,75,75,75,75,75,75,75,75,75,75,75,75,75,75,75,75],"card_choices":[{"not_picked":["hermit:BodyArmor","hermit:Coalescence"],"picked":"hermit:TrackingShot","floor":1},{"not_picked":["hermit:Roulette","hermit:Snipe"],"picked":"hermit:Deadeye","floor":2},{"not_picked":["hermit:Snipe","hermit:EyeOfTheStorm"],"picked":"hermit:HoleUp","floor":3},{"not_picked":["hermit:Snipe","hermit:BigShot"],"picked":"hermit:Feint","floor":5},{"not_picked":["hermit:Quickdraw","hermit:Coalescence"],"picked":"hermit:WideOpen","floor":6},{"not_picked":["hermit:CalledShot","hermit:BigShot"],"picked":"hermit:Determination","floor":8},{"not_picked":["hermit:HighCaliber","hermit:LowProfile"],"picked":"hermit:BigShot","floor":12},{"not_picked":["hermit:OverwhelmingPower","hermit:Roughhouse","Night Terror"],"picked":"hermit:BlackWind","floor":16},{"not_picked":["hermit:Manifest","hermit:BodyArmor+1","Slice"],"picked":"hermit:Ricochet","floor":18},{"not_picked":["hermit:BigShot","hermit:CalledShot+1","hermit:WideOpen"],"picked":"hubris:TrickCloak","floor":19},{"not_picked":["hermit:Showdown","hermit:HeroicBravado","Poisoned Stab"],"picked":"hermit:Roulette","floor":21},{"not_picked":["HollowMod:QuirrelsAssistance","Gatherer:FlowerFalling","Water"],"picked":"Outmaneuver","floor":28}],"player_experience":930420,"relics_obtained":[{"floor":6,"key":"hubris:Zylophone"},{"floor":9,"key":"War Paint"},{"floor":26,"key":"reliquary:TridentHead"}],"event_choices":[{"damage_healed":0,"gold_gain":217,"player_choice":"GO RE GO ","damage_taken":35,"relics_obtained":["aspiration:Lifesprig"],"max_hp_gain":0,"max_hp_loss":0,"event_name":"betterSkull:BetterSkull","floor":11,"gold_loss":0,"cards_upgraded":[]},{"cards_removed":["hermit:Determination"],"damage_healed":0,"gold_gain":0,"player_choice":"Take \u0026 Give","damage_taken":0,"max_hp_gain":0,"max_hp_loss":0,"event_name":"betterNote:BetterNote","floor":24,"gold_loss":0,"cards_obtained":["meleeMod_ShieldPoke"]},{"damage_healed":0,"gold_gain":75,"player_choice":"Touch","damage_taken":7,"max_hp_gain":0,"max_hp_loss":0,"event_name":"FaceTrader","floor":27,"gold_loss":0}],"is_beta":false,"boss_relics":[{"not_picked":["Philosopher\u0027s Stone","aspiration:PoetsPen"],"picked":"strawberrySpire:SolarisEssence"}],"items_purged_floors":[],"is_endless":false,"potions_floor_spawned":[2,6,12,18],"killed_by":"Slavers","ascension_level":1}}