{"host":"ugys05tpep779cl6","time":1612619193,"event":{"mods":["AchievementEnabler","Aspiration","BaseMod","Beaked The Cultist","CatGirl Mod","Colored Powertips","HololiveMod","Lobotomy","Minty Spire (QoL Compilation)","Quick Restart","Replay The Spire","Spicy Shops","StSLib","The Druid"],"gold_per_floor":[87,109,30,50,50,50,130,149,149,161,195,195,213,245,245,373,373,384,401,426,441,456,496,532,284,338,375,394,294,405,37,37,138,138,160,180,198,271,271,271],"floor_reached":39,"language":"ENG","playtime":3866,"items_purged":["Hololive_Defend","Hololive_Defend"],"score":1080,"play_id":"6bb296c1-f6e6-46b7-8d61-871e4213b671","local_time":"20210206144633","is_ascension_mode":true,"campfire_choices":[{"data":"Hololive_CallAZKi","floor":6.0,"key":"SMITH"},{"data":"Hololive_CallUruhaRushia","floor":15.0,"key":"SMITH"},{"data":"Hololive_CallOmaruPolka","floor":32,"key":"SMITH"}],"circlet_count":0,"master_deck":["Hololive_Strike","Hololive_Strike","Hololive_Teleport","Hololive_CallSakuraMiko","Hololive_CallRosalyn","Hololive_CallInugamiKorone","Hololive_CallYogiri","Hololive_CallAZKi+1","Hololive_Trident","Hololive_CallNakiriAyame","Hololive_CallUsadaPekora","Hololive_CallUruhaRushia+1","Hololive_CallShirakamiFubuki","Hololive_FlyingPonyTail","Hololive_ScarfAndHalo","Hololive_CallMinatoAqua","Hololive_FlyingPonyTail","Hololive_CallOkamiMio","Hololive_CallArtia","Hololive_FlyingPonyTail+1","Hololive_CallHoshimachiSuisei","Hololive_CallTokoyamiTowa","Hololive_CallTokoyamiTowa","Hololive_CallOmaruPolka+1","Hololive_CallManoAloe","Hololive_CallAyundaRisu","Hololive_CallRoboco","Hololive_CallShiroganeNoel","Hololive_CallKiryuuCoco","Hololive_CallMurasakiShion","Hololive_Yoholoon","Hololive_FlareMind","Hololive_CallHimemoriLuna","Hololive_CallYuzukiChoco+1","Hololive_CallDoris+1","Hololive_StrengthChampion+1"],"relics":["Hololive_TheStar","Orichalcum","aspiration:Lifesprig","Durian","aspiration:SeaSaltIceCream","aspiration:Nostalgia","Burning Blood","Ring of Searing","ReplayTheSpireMod:Ring of Exchange","ReplayFunnel","Chemical X","Quantum Egg","Meat on the Bone","Bottled Lightning","Thread and Needle","The Courier","aspiration:SilentSkillbook"],"acts_visited":["Exordium","TheCity","TheBeyond"],"potions_floor_usage":[27],"damage_taken":[{"damage":0.0,"enemies":"Cultist","floor":1.0,"turns":3.0},{"damage":0.0,"enemies":"2 Louse","floor":2.0,"turns":4.0},{"damage":0.0,"enemies":"Jaw Worm","floor":4.0,"turns":4.0},{"damage":0.0,"enemies":"3 Sentries","floor":7.0,"turns":6.0},{"damage":0.0,"enemies":"Large Slime","floor":8.0,"turns":7.0},{"damage":4.0,"enemies":"3 Louse","floor":10.0,"turns":4.0},{"damage":10.0,"enemies":"Lagavulin","floor":11.0,"turns":8.0},{"damage":0.0,"enemies":"Looter","floor":13.0,"turns":4.0},{"damage":9.0,"enemies":"Replay:BlueRogue","floor":14.0,"turns":6.0},{"damage":0.0,"enemies":"The Guardian","floor":16.0,"turns":7.0},{"damage":3.0,"enemies":"2 Thieves","floor":18.0,"turns":4.0},{"damage":0.0,"enemies":"Spheric Guardian","floor":19.0,"turns":4.0},{"damage":5.0,"enemies":"Shelled Parasite and Fungi","floor":20.0,"turns":8.0},{"damage":20.0,"enemies":"Cultist and Chosen","floor":21.0,"turns":8.0},{"damage":0,"enemies":"Snake Plant","floor":22,"turns":4},{"damage":2,"enemies":"Replay:Snechameleon","floor":23,"turns":7},{"damage":0,"enemies":"Centurion and Healer","floor":24,"turns":11},{"damage":34,"enemies":"Gremlin Leader","floor":27,"turns":11},{"damage":0,"enemies":"Shelled Parasite and Fungi","floor":28,"turns":5},{"damage":0,"enemies":"Colosseum Slavers","floor":30,"turns":7},{"damage":0,"enemies":"Colosseum Nobs","floor":30,"turns":6},{"damage":0,"enemies":"Pondfish","floor":33,"turns":11},{"damage":8,"enemies":"3 Shapes","floor":35,"turns":6},{"damage":0,"enemies":"Orb Walker","floor":36,"turns":4},{"damage":29,"enemies":"Sphere and 2 Shapes","floor":37,"turns":5},{"damage":0,"enemies":"Maw","floor":38,"turns":7},{"damage":60,"enemies":"2 Orb Walkers","floor":39,"turns":5}],"seed_played":"-5216370091317004445","potions_obtained":[{"floor":2.0,"key":"Doom Potion"},{"floor":4.0,"key":"SteroidPotion"},{"floor":8.0,"key":"Strength Potion"},{"floor":13.0,"key":"Swift Potion"},{"floor":23,"key":"Fire Potion"},{"floor":28,"key":"FairyPotion"},{"floor":30,"key":"AttackPotion"}],"is_trial":false,"path_per_floor":["M","M","$","M","$","R","E","M","T","M","E","?","M","E","R","B",null,"M","M","M","M","M","E","M","$","T","E","M","$","?","$","R","B",null,"M","M","M","M","?"],"character_chosen":"Hololive_HololiveCharacter","items_purchased":["Hololive_CallUsadaPekora","Hololive_CallTokoyamiTowa","Meat on the Bone","Hololive_CallAyundaRisu","Hololive_CallRoboco","Hololive_CallShiroganeNoel","Hololive_CallKiryuuCoco","Hololive_CallMurasakiShion","Hololive_Yoholoon"],"campfire_rested":0,"item_purchase_floors":[3,25,25,31,31,31,31,31,31],"current_hp_per_floor":[35,35,35,35,35,35,35,35,40,36,26,26,32,29,29,35,39,40,40,40,26,32,36,40,40,40,24,30,30,40,40,40,40,40,38,40,29,35,0,0],"gold":271,"neow_bonus":"RANDOM_COMMON_RELIC","is_daily":false,"chose_seed":false,"campfire_upgraded":3,"win_rate":0.0,"timestamp":1612619193,"path_taken":["M","M","$","M","$","R","E","M","T","M","E","?","M","E","R","BOSS","M","M","M","M","M","E","M","$","T","E","M","$","?","$","R","BOSS","M","M","M","M","?"],"items_purchased_type":["Card","Card","Relic","Card","Card","Card","Card","Card","Card"],"build_version":"2020-12-22","purchased_purges":2,"victory":false,"max_hp_per_floor":[35,35,35,35,35,35,35,35,40,40,40,40,40,40,40,40,40,40,40,40,40,40,40,40,40,40,40,40,40,40,40,40,40,40,40,40,40,40,40,40],"card_choices":[{"not_picked":["Hololive_Rebound","Hololive_RevenueBasedLive","Hololive_Sequa"],"picked":"Hololive_Trident","floor":1.0},{"not_picked":["Hololive_FlyingPonyTail","Hololive_RevenueBasedLive","Hololive_CallOmaruPolka"],"picked":"Hololive_CallNakiriAyame","floor":2.0},{"not_picked":["Hololive_SummonFox","Hololive_CallYukihanaLamy","Hololive_StrengthChampion"],"picked":"Hololive_CallUruhaRushia","floor":4.0},{"not_picked":["Hololive_CallTokinoSora","Hololive_Breathe","Hololive_Drill"],"picked":"Hololive_CallShirakamiFubuki","floor":7.0},{"not_picked":["Hololive_LuckPotion","Hololive_Rebound","Hololive_HuntDinosaur"],"picked":"Hololive_FlyingPonyTail","floor":8.0},{"not_picked":["Hololive_StrengthChampion","Hololive_CallYukihanaLamy","Hololive_CocoNews"],"picked":"Hololive_ScarfAndHalo","floor":10.0},{"not_picked":["Hololive_Psychosis","Hololive_Trident","Hololive_Teleport"],"picked":"Hololive_CallMinatoAqua","floor":11.0},{"not_picked":["Hololive_Rebound","Hololive_CallNakiriAyame","Hololive_Breathe"],"picked":"Hololive_FlyingPonyTail","floor":13.0},{"not_picked":["Hololive_Rebound","Hololive_Nanodesu","Hololive_CandyCastle"],"picked":"Hololive_CallOkamiMio","floor":14.0},{"not_picked":["Hololive_CallUsadaPekora","Hololive_StrengthChampion","Hololive_FlyingPonyTail"],"picked":"Hololive_CallArtia","floor":18.0},{"not_picked":["Hololive_Breathe","Hololive_LuckPotion","Hololive_StrengthChampion"],"picked":"Hololive_FlyingPonyTail+1","floor":19.0},{"not_picked":["Hololive_CocoNews","Hololive_Sequa","Hololive_Trident"],"picked":"Hololive_CallHoshimachiSuisei","floor":20.0},{"not_picked":["Hololive_StrengthChampion","Hololive_CallAZKi","Hololive_Breathe","Hololive_LuckPotion"],"picked":"SKIP","floor":21.0},{"not_picked":["Hololive_FlyingPonyTail","Hololive_Sequa+1","Hololive_Rebound","Hololive_StrengthChampion"],"picked":"SKIP","floor":22},{"not_picked":["Hololive_Sequa","Hololive_Trident","Hololive_CallArtia+1","Hololive_Psychosis+1"],"picked":"SKIP","floor":23},{"not_picked":["Hololive_FlyingPonyTail","Hololive_RevenueBasedLive","Hololive_Rebound","Hololive_OvertimeWork"],"picked":"SKIP","floor":24},{"not_picked":["Hololive_OpenUp","Hololive_CallTokoyamiTowa+1","Hololive_WolfAndLamb"],"picked":"Hololive_CallOmaruPolka","floor":27},{"not_picked":["Hololive_CallAZKi","Hololive_LuckPotion","Hololive_CallUruhaRushia","Hololive_FlyingPonyTail"],"picked":"SKIP","floor":28},{"not_picked":["Hololive_FlyingPonyTail","Hololive_Trident+1","Hololive_CallTokoyamiTowa+1"],"picked":"Hololive_CallManoAloe","floor":30},{"not_picked":["Hololive_IdolExercise","Hololive_ScarfAndHalo","Hololive_StarCraft"],"picked":"Hololive_FlareMind","floor":33},{"not_picked":["Hololive_OvertimeWork","Hololive_CallArtia+1","Hololive_CallUsadaPekora","Hololive_Teleport+1"],"picked":"Hololive_CallHimemoriLuna","floor":35},{"not_picked":["Hololive_OvertimeWork","Hololive_CallShishiroBotan+1","Hololive_StrengthChampion+1","Hololive_FlyingPonyTail"],"picked":"Hololive_CallYuzukiChoco+1","floor":36},{"not_picked":["Hololive_CocoNews","Hololive_CallOkamiMio","Hololive_Trident+1","Hololive_Sequa+1"],"picked":"Hololive_CallDoris+1","floor":37},{"not_picked":["Hololive_Psychosis+1","Hololive_HuntDinosaur+1","Hololive_RevenueBasedLive","Hololive_Trident+1"],"picked":"Hololive_StrengthChampion+1","floor":38}],"player_experience":1199411,"relics_obtained":[{"floor":7.0,"key":"aspiration:Lifesprig"},{"floor":9.0,"key":"Durian"},{"floor":11.0,"key":"aspiration:SeaSaltIceCream"},{"floor":12.0,"key":"Ring of Searing"},{"floor":12.0,"key":"ReplayTheSpireMod:Ring of Exchange"},{"floor":14.0,"key":"ReplayFunnel"},{"floor":23,"key":"Quantum Egg"},{"floor":27,"key":"Bottled Lightning"},{"floor":30,"key":"Thread and Needle"},{"floor":30,"key":"The Courier"}],"event_choices":[{"damage_healed":0,"gold_gain":0,"player_choice":"Fight","damage_taken":0,"max_hp_gain":0,"max_hp_loss":0,"event_name":"Colosseum","floor":30,"gold_loss":0},{"damage_healed":0,"gold_gain":0,"player_choice":"Fought Nobs","damage_taken":0,"max_hp_gain":0,"max_hp_loss":0,"event_name":"Colosseum","floor":30,"gold_loss":0},{"damage_healed":0,"gold_gain":0,"player_choice":"Fight","damage_taken":0,"max_hp_gain":0,"max_hp_loss":0,"event_name":"Mysterious Sphere","floor":39,"gold_loss":0}],"is_beta":false,"boss_relics":[{"not_picked":["Abe\u0027s Treasure","Toolbox"],"picked":"Chemical X"},{"not_picked":["ReplayTheSpireMod:DimensionalGlitch","ReplayTheSpireMod:CursedCoin"],"picked":"aspiration:SilentSkillbook"}],"items_purged_floors":[25,29],"is_endless":false,"potions_floor_spawned":[2,4,8,11,13,20,23,24,27,28,30],"killed_by":"2 Orb Walkers","ascension_level":5}}