{"host":"t7mx8yfj1no5p62f","time":1612580131,"event":{"mods":["BaseMod","Colored Map","Colored Powertips","Curses Come First","Minty Spire (QoL Compilation)","Relic Stats","StSLib"],"gold_per_floor":[219,232,246,36,36,64,74,74,100,100,33,33,5,30,30,106,106,126,143,154,154,171,171,171,171],"floor_reached":24,"language":"ENG","playtime":708,"items_purged":["Strike_B"],"score":412,"play_id":"16185591-ade7-4d6f-8673-f38c6616f4b0","local_time":"20210205215531","is_ascension_mode":true,"campfire_choices":[{"data":"Doom and Gloom","floor":8,"key":"SMITH"},{"data":"Biased Cognition","floor":10,"key":"SMITH"},{"data":"Barrage","floor":15,"key":"SMITH"},{"data":"Fission","floor":23,"key":"SMITH"}],"circlet_count":0,"master_deck":["AscendersBane","Zap","Dualcast","Barrage+1","Doom and Gloom+1","Turbo","Static Discharge+1","Biased Cognition+1","Auto Shields","Compile Driver","Conserve Battery","Creative AI","Reboot","Conserve Battery","Biased Cognition","Fission+1","Reinforced Body","Conserve Battery","Leap+1","Steam+1","Writhe","Steam"],"relics":["Cracked Core","Membership Card","Vajra","Bag of Preparation","Orichalcum","Pandora\u0027s Box","Mummified Hand"],"acts_visited":["Exordium","TheCity"],"potions_floor_usage":[6,14,16,18,24],"damage_taken":[{"damage":9,"enemies":"Jaw Worm","floor":1,"turns":4},{"damage":1,"enemies":"Cultist","floor":2,"turns":3},{"damage":9,"enemies":"2 Louse","floor":3,"turns":2},{"damage":13,"enemies":"3 Sentries","floor":6,"turns":4},{"damage":7,"enemies":"Gremlin Gang","floor":7,"turns":3},{"damage":15,"enemies":"Lagavulin","floor":14,"turns":5},{"damage":4,"enemies":"Hexaghost","floor":16,"turns":8},{"damage":10,"enemies":"Chosen","floor":18,"turns":3},{"damage":0,"enemies":"Spheric Guardian","floor":19,"turns":3},{"damage":24,"enemies":"Snecko","floor":20,"turns":5},{"damage":12,"enemies":"Centurion and Healer","floor":22,"turns":5},{"damage":15,"enemies":"Chosen and Byrds","floor":24,"turns":4}],"seed_played":"6927405406072139242","potions_obtained":[{"floor":2,"key":"Block Potion"},{"floor":3,"key":"SkillPotion"},{"floor":14,"key":"LiquidMemories"},{"floor":22,"key":"Block Potion"}],"is_trial":false,"path_per_floor":["M","M","M","$","?","E","M","R","T","R","$","?","$","E","R","B",null,"M","M","M","?","M","R","M"],"character_chosen":"DEFECT","items_purchased":["Membership Card","Static Discharge","Compile Driver","FearPotion"],"campfire_rested":0,"item_purchase_floors":[4,4,11,13],"current_hp_per_floor":[55,54,45,45,45,32,25,25,25,25,25,25,25,10,10,6,55,45,45,21,21,9,9,0,0],"gold":171,"neow_bonus":"HUNDRED_GOLD","is_daily":false,"chose_seed":false,"campfire_upgraded":4,"win_rate":0.0,"timestamp":1612580131,"path_taken":["M","M","M","$","?","E","?","R","T","R","?","?","$","E","R","BOSS","M","?","M","?","M","R","M"],"items_purchased_type":["Relic","Card","Card","Potion"],"build_version":"2020-12-22","purchased_purges":1,"victory":false,"max_hp_per_floor":[71,71,71,71,71,71,71,71,71,71,71,71,71,71,71,71,71,71,71,71,71,71,71,71,71],"relic_stats":{"counters":[12,49],"Mummified Hand":[11],"Pandora\u0027s Box":["Reboot","Conserve Battery","Biased Cognition","Fission","Reinforced Body","Conserve Battery"],"Bag of Preparation":[14],"Orichalcum":[30],"obtain_stats":[{"Mummified Hand":21,"Vajra":6,"Pandora\u0027s Box":17,"Bag of Preparation":9,"Membership Card":4,"Orichalcum":14,"Cracked Core":0},{"Mummified Hand":10,"Vajra":4,"Pandora\u0027s Box":7,"Bag of Preparation":5,"Membership Card":3,"Orichalcum":6,"Cracked Core":0},{"Mummified Hand":40,"Vajra":13,"Pandora\u0027s Box":29,"Bag of Preparation":16,"Membership Card":9,"Orichalcum":21,"Cracked Core":0}]},"card_choices":[{"not_picked":["Blizzard","Fusion"],"picked":"Barrage","floor":1},{"not_picked":["Cold Snap","Compile Driver"],"picked":"Doom and Gloom","floor":2},{"not_picked":["Redo","Gash"],"picked":"Turbo","floor":3},{"not_picked":["Heatsinks","Cold Snap"],"picked":"Biased Cognition","floor":6},{"not_picked":["Rip and Tear","Double Energy"],"picked":"Auto Shields","floor":7},{"not_picked":["Leap","Melter"],"picked":"Conserve Battery","floor":14},{"not_picked":["Buffer","All For One"],"picked":"Creative AI","floor":16},{"not_picked":["Conserve Battery","Gash"],"picked":"Leap+1","floor":18},{"not_picked":["Fusion","Chaos","Go for the Eyes"],"picked":"SKIP","floor":19},{"not_picked":["Rebound","Aggregate"],"picked":"Steam+1","floor":20},{"not_picked":["Beam Cell","Compile Driver"],"picked":"Steam","floor":22}],"player_experience":1939645,"relics_obtained":[{"floor":6,"key":"Vajra"},{"floor":9,"key":"Bag of Preparation"},{"floor":14,"key":"Orichalcum"}],"event_choices":[{"damage_healed":0,"gold_gain":0,"player_choice":"Upgraded","damage_taken":0,"max_hp_gain":0,"max_hp_loss":0,"event_name":"Upgrade Shrine","floor":5,"gold_loss":0,"cards_upgraded":["Static Discharge"]},{"cards_removed":["Strike_B"],"damage_healed":0,"gold_gain":0,"player_choice":"Purged","damage_taken":0,"max_hp_gain":0,"max_hp_loss":0,"event_name":"Purifier","floor":12,"gold_loss":0},{"damage_healed":0,"gold_gain":0,"player_choice":"Opened","damage_taken":0,"relics_obtained":["Mummified Hand"],"max_hp_gain":0,"max_hp_loss":0,"event_name":"The Mausoleum","floor":21,"gold_loss":0,"cards_obtained":["Writhe"]}],"is_beta":false,"boss_relics":[{"not_picked":["Ectoplasm","SlaversCollar"],"picked":"Pandora\u0027s Box"}],"items_purged_floors":[11],"is_endless":false,"potions_floor_spawned":[2,3,14,22],"killed_by":"Chosen and Byrds","ascension_level":20}}