{"host":"w7o06k3e8uel8euj","time":1612592618,"event":{"mods":["AchievementEnabler","BaseMod","Colored Powertips","Custom Start","DeckTracker","Keyboard Shortcuts","Minty Spire (QoL Compilation)","Quick Restart","Relic Stats","StSLib","SuperFastMode","everything is the same but u backflip on backflip"],"gold_per_floor":[112,37,87,99,99,132,132,142,142,174,94,114,114,155,155,251,251,276,276,111,127,140,140,179,179,255,320,320,366,419,487,487,615,915,960,374,473,473,526,526,569,640,678,734,746,801,879,941,953,995,1007,1019,75,108,108],"floor_reached":56,"language":"KOR","playtime":2191,"items_purged":["Strike_P","Strike_P","Strike_P","Defend_P+1","EmptyFist+1"],"score":2699,"play_id":"92251640-d6ff-4af3-a5e1-44bed8214d44","local_time":"20210206152338","is_ascension_mode":true,"campfire_choices":[{"data":"Eruption","floor":7.0,"key":"SMITH"},{"floor":15.0,"key":"REST"},{"data":"LessonLearned","floor":23.0,"key":"SMITH"},{"data":"Wish","floor":25.0,"key":"SMITH"},{"floor":28.0,"key":"REST"},{"floor":32.0,"key":"REST"},{"data":"Purity","floor":40,"key":"SMITH"},{"data":"TalkToTheHand","floor":45,"key":"SMITH"},{"floor":49,"key":"RECALL"},{"floor":52,"key":"REST"}],"circlet_count":0,"master_deck":["AscendersBane","Strike_P+1","Defend_P+1","Eruption+1","Vigilance+1","WheelKick+1","FearNoEvil+1","Tantrum+1","LessonLearned+1","Wish+1","InnerPeace+1","Vault+1","CurseOfTheBell","EmptyMind+1","Finesse+1","Finesse+1","Purity+1","TalkToTheHand+1","Adaptation+1"],"relics":["PureWater","Vajra","Sundial","White Beast Statue","The Courier","Potion Belt","MealTicket","Kunai","Golden Idol","Whetstone","Empty Cage","Pear","TeardropLocket","Turnip","Darkstone Periapt","Calling Bell","Bronze Scales","Blue Candle","Old Coin","Bag of Preparation","Anchor","Meat on the Bone","Thread and Needle","MawBank","FossilizedHelix","Toy Ornithopter","Yang","Eternal Feather","Torii","Gambling Chip"],"acts_visited":["Exordium","TheCity","TheBeyond","TheEnding"],"potions_floor_usage":[48,50,55,55],"damage_taken":[{"damage":5.0,"enemies":"2 Louse","floor":1.0,"turns":4.0},{"damage":0.0,"enemies":"Cultist","floor":4.0,"turns":2.0},{"damage":22.0,"enemies":"Lagavulin","floor":6.0,"turns":6.0},{"damage":15.0,"enemies":"Small Slimes","floor":8.0,"turns":2.0},{"damage":7.0,"enemies":"3 Sentries","floor":10.0,"turns":3.0},{"damage":11.0,"enemies":"Exordium Thugs","floor":12.0,"turns":3.0},{"damage":0.0,"enemies":"Lagavulin","floor":14.0,"turns":3.0},{"damage":0.0,"enemies":"The Guardian","floor":16.0,"turns":3.0},{"damage":16.0,"enemies":"Shell Parasite","floor":18.0,"turns":2.0},{"damage":0.0,"enemies":"Chosen","floor":21.0,"turns":2.0},{"damage":18.0,"enemies":"Shelled Parasite and Fungi","floor":22.0,"turns":2.0},{"damage":0.0,"enemies":"Slavers","floor":24.0,"turns":1.0},{"damage":29.0,"enemies":"Book of Stabbing","floor":27.0,"turns":4.0},{"damage":0.0,"enemies":"Snake Plant","floor":29.0,"turns":1.0},{"damage":18.0,"enemies":"Chosen and Byrds","floor":30.0,"turns":4.0},{"damage":0.0,"enemies":"Gremlin Leader","floor":31.0,"turns":4.0},{"damage":38.0,"enemies":"Automaton","floor":33.0,"turns":7.0},{"damage":17,"enemies":"3 Darklings","floor":35,"turns":4},{"damage":36,"enemies":"2 Orb Walkers","floor":37,"turns":3},{"damage":1,"enemies":"Orb Walker","floor":39,"turns":4},{"damage":21,"enemies":"3 Darklings","floor":41,"turns":5},{"damage":1,"enemies":"Nemesis","floor":42,"turns":4},{"damage":1,"enemies":"Writhing Mass","floor":44,"turns":3},{"damage":1,"enemies":"Maw","floor":46,"turns":3},{"damage":0,"enemies":"Giant Head","floor":47,"turns":3},{"damage":1,"enemies":"4 Shapes","floor":48,"turns":6},{"damage":1,"enemies":"Awakened One","floor":50,"turns":4},{"damage":23,"enemies":"Shield and Spear","floor":54,"turns":4},{"damage":10,"enemies":"The Heart","floor":55,"turns":7}],"seed_played":"7409172157536827381","potions_obtained":[{"floor":1.0,"key":"SneckoOil"},{"floor":4.0,"key":"BottledMiracle"},{"floor":6.0,"key":"Ancient Potion"},{"floor":10.0,"key":"Energy Potion"},{"floor":12.0,"key":"DistilledChaos"},{"floor":14.0,"key":"FearPotion"},{"floor":16.0,"key":"Explosive Potion"},{"floor":18.0,"key":"FairyPotion"},{"floor":21.0,"key":"Ancient Potion"},{"floor":22.0,"key":"DistilledChaos"},{"floor":24.0,"key":"DistilledChaos"},{"floor":27.0,"key":"FairyPotion"},{"floor":29.0,"key":"LiquidBronze"},{"floor":30.0,"key":"StancePotion"},{"floor":33.0,"key":"SpeedPotion"},{"floor":39,"key":"Dexterity Potion"},{"floor":47,"key":"Block Potion"},{"floor":48,"key":"Energy Potion"}],"is_trial":false,"path_per_floor":["M","$","?","M","$","E","R","M","T","E","$","M","?","E","R","B",null,"M","?","$","M","M","R","E","R","T","E","R","M","M","E","R","B",null,"M","$","?","?","M","R","M","E","T","M","R","M","E","M","R","B",null,"R","$","E","B",null],"character_chosen":"WATCHER","items_purchased":["Sundial","White Beast Statue","Kunai","LessonLearned","Bag of Preparation","Anchor","Meat on the Bone","Toy Ornithopter","Yang","Eternal Feather","Torii","SpeedPotion"],"campfire_rested":4,"item_purchase_floors":[2,2,11,20,36,36,36,53,53,53,53,53],"current_hp_per_floor":[56,56,50,50,50,28,28,13,13,6,21,10,10,10,28,28,54,38,38,53,53,35,35,45,45,45,16,37,37,19,19,40,2,61,44,59,35,25,36,36,27,38,38,49,49,48,48,47,47,46,70,78,78,55,55],"gold":108,"neow_bonus":"RANDOM_COMMON_RELIC","is_daily":false,"chose_seed":false,"campfire_upgraded":5,"win_rate":0.0,"timestamp":1612592618,"path_taken":["M","$","?","M","$","E","R","?","T","E","$","M","?","E","R","BOSS","M","?","$","M","M","R","E","R","T","E","R","M","M","E","R","BOSS","M","$","?","?","M","R","M","E","T","M","R","M","E","M","R","BOSS","R","$","E","BOSS"],"items_purchased_type":["Relic","Relic","Relic","Card","Relic","Relic","Relic","Relic","Relic","Relic","Relic","Potion"],"build_version":"2020-12-22","purchased_purges":5,"victory":true,"max_hp_per_floor":[68,68,68,68,68,68,68,68,68,68,68,68,62,62,62,62,62,62,62,62,62,62,62,72,72,72,72,72,72,72,72,72,72,78,78,78,78,78,78,78,78,78,78,78,78,78,78,78,78,78,78,78,78,78,78],"relic_stats":{"Darkstone Periapt":6,"Torii":20,"counters":[29,103],"Golden Idol":185,"Blue Candle":[14],"Yang":[78],"Eternal Feather":0,"Bag of Preparation":[22],"Whetstone":["WheelKick","EmptyFist"],"MawBank":132,"Sundial":[288],"Bronze Scales":[172],"Gambling Chip":[3],"MealTicket":45,"Turnip":[7],"Kunai":[86],"obtain_stats":[{"Darkstone Periapt":31,"Torii":53,"Vajra":0,"Yang":53,"Bag of Preparation":36,"Whetstone":14,"TeardropLocket":26,"Empty Cage":17,"Old Coin":34,"Sundial":2,"Gambling Chip":54,"MealTicket":10,"WingedGreaves":18,"Kunai":11,"Potion Belt":9,"Pear":24,"Golden Idol":13,"Blue Candle":34,"Thread and Needle":37,"Eternal Feather":53,"The Courier":6,"MawBank":42,"White Beast Statue":2,"Calling Bell":34,"Anchor":36,"Bronze Scales":34,"Turnip":27,"PureWater":0,"FossilizedHelix":47,"Toy Ornithopter":53,"Meat on the Bone":36},{"Darkstone Periapt":16,"Torii":27,"Vajra":0,"Yang":27,"Bag of Preparation":18,"Whetstone":7,"TeardropLocket":12,"Empty Cage":8,"Old Coin":17,"Sundial":1,"Gambling Chip":28,"MealTicket":5,"WingedGreaves":9,"Kunai":5,"Potion Belt":4,"Pear":12,"Golden Idol":6,"Blue Candle":17,"Thread and Needle":19,"Eternal Feather":27,"The Courier":3,"MawBank":22,"White Beast Statue":1,"Calling Bell":17,"Anchor":18,"Bronze Scales":17,"Turnip":13,"PureWater":0,"FossilizedHelix":25,"Toy Ornithopter":27,"Meat on the Bone":18},{"Darkstone Periapt":46,"Torii":92,"Vajra":0,"Yang":92,"Bag of Preparation":57,"Whetstone":23,"TeardropLocket":33,"Empty Cage":26,"Old Coin":53,"Sundial":4,"Gambling Chip":96,"MealTicket":17,"WingedGreaves":28,"Kunai":17,"Potion Belt":14,"Pear":33,"Golden Idol":20,"Blue Candle":53,"Thread and Needle":60,"Eternal Feather":92,"The Courier":12,"MawBank":73,"White Beast Statue":4,"Calling Bell":53,"Anchor":57,"Bronze Scales":53,"Turnip":37,"PureWater":0,"FossilizedHelix":82,"Toy Ornithopter":92,"Meat on the Bone":57}],"Toy Ornithopter":10,"Meat on the Bone":60},"card_choices":[{"not_picked":["BowlingBash","SignatureMove"],"picked":"WheelKick","floor":1.0},{"not_picked":["Vengeance","LikeWater"],"picked":"FearNoEvil","floor":4.0},{"not_picked":["FlurryOfBlows","Evaluate"],"picked":"Tantrum","floor":6.0},{"not_picked":["Vengeance","BowlingBash"],"picked":"EmptyFist","floor":8.0},{"not_picked":["Collect","PathToVictory","EmptyBody"],"picked":"SKIP","floor":10.0},{"not_picked":["Prostrate","ClearTheMind","Evaluate"],"picked":"SKIP","floor":12.0},{"not_picked":["CrushJoints","Weave","Wireheading"],"picked":"SKIP","floor":14.0},{"not_picked":["PathToVictory","Evaluate","Consecrate+1"],"picked":"SKIP","floor":18.0},{"not_picked":["Blasphemy","BowlingBash","ClearTheMind"],"picked":"SKIP","floor":21.0},{"not_picked":["Blasphemy","BowlingBash","ClearTheMind"],"picked":"SKIP","floor":21.0},{"not_picked":["Wireheading","Indignation","SashWhip"],"picked":"SKIP","floor":22.0},{"not_picked":["EmptyBody+1","Alpha"],"picked":"Wish","floor":24.0},{"not_picked":["Crescendo","PathToVictory","Prostrate"],"picked":"SKIP","floor":27.0},{"not_picked":["DeceiveReality","PathToVictory","EmptyMind"],"picked":"SKIP","floor":29.0},{"not_picked":["Collect","Evaluate"],"picked":"InnerPeace","floor":30.0},{"not_picked":["EmptyBody","Protect","Alpha"],"picked":"SKIP","floor":31.0},{"not_picked":["Wish","Brilliance"],"picked":"Vault","floor":33.0},{"not_picked":["BowlingBash","EmptyBody"],"picked":"EmptyMind+1","floor":35},{"not_picked":["Purity","Bandage Up"],"picked":"Finesse","floor":38},{"not_picked":["Discovery","PanicButton"],"picked":"Finesse","floor":38},{"not_picked":["Jack Of All Trades","Mind Blast"],"picked":"Purity","floor":38},{"not_picked":["FlurryOfBlows","SpiritShield"],"picked":"TalkToTheHand","floor":39},{"not_picked":["CutThroughFate","Evaluate","CarveReality"],"picked":"SKIP","floor":41},{"not_picked":["Evaluate","FlurryOfBlows","CutThroughFate"],"picked":"SKIP","floor":42},{"not_picked":["Evaluate","FlurryOfBlows","CutThroughFate"],"picked":"SKIP","floor":42},{"not_picked":["Protect+1","CrushJoints+1"],"picked":"Adaptation+1","floor":44},{"not_picked":["EmptyBody","Consecrate","Swivel"],"picked":"SKIP","floor":46},{"not_picked":["ThirdEye+1","Collect","SandsOfTime+1"],"picked":"SKIP","floor":47},{"not_picked":["ThirdEye+1","Collect","SandsOfTime+1"],"picked":"SKIP","floor":47},{"not_picked":["WindmillStrike","Consecrate","PathToVictory+1"],"picked":"SKIP","floor":48},{"not_picked":["CutThroughFate+1","FollowUp+1","EmptyMind"],"picked":"SKIP","floor":54}],"player_experience":529683,"relics_obtained":[{"floor":6.0,"key":"The Courier"},{"floor":9.0,"key":"Potion Belt"},{"floor":10.0,"key":"MealTicket"},{"floor":14.0,"key":"Whetstone"},{"floor":24.0,"key":"Pear"},{"floor":26.0,"key":"TeardropLocket"},{"floor":27.0,"key":"Turnip"},{"floor":31.0,"key":"Darkstone Periapt"},{"floor":34,"key":"Bronze Scales"},{"floor":34,"key":"Blue Candle"},{"floor":34,"key":"Old Coin"},{"floor":37,"key":"Thread and Needle"},{"floor":42,"key":"MawBank"},{"floor":47,"key":"FossilizedHelix"},{"floor":54,"key":"Gambling Chip"}],"event_choices":[{"damage_healed":0.0,"max_hp_gain":0.0,"max_hp_loss":0.0,"gold_gain":50.0,"event_name":"FaceTrader","player_choice":"Touch","floor":3.0,"gold_loss":0.0,"damage_taken":6.0},{"damage_healed":0.0,"max_hp_gain":0.0,"max_hp_loss":6.0,"gold_gain":0.0,"event_name":"Golden Idol","player_choice":"Lose Max HP","floor":13.0,"gold_loss":0.0,"damage_taken":0.0,"relics_obtained":["Golden Idol"]},{"damage_healed":0.0,"max_hp_gain":0.0,"max_hp_loss":0.0,"gold_gain":0.0,"event_name":"Ghosts","player_choice":"Ignored","floor":19.0,"gold_loss":0.0,"damage_taken":0.0},{"damage_healed":0,"gold_gain":0,"player_choice":"Fight","damage_taken":0,"max_hp_gain":0,"max_hp_loss":0,"event_name":"Mysterious Sphere","floor":37,"gold_loss":0},{"damage_healed":0,"gold_gain":0,"player_choice":"Memory 3","damage_taken":10,"max_hp_gain":0,"max_hp_loss":0,"event_name":"SensoryStone","floor":38,"gold_loss":0}],"is_beta":false,"boss_relics":[{"not_picked":["SlaversCollar","Snecko Eye"],"picked":"Empty Cage"},{"not_picked":["Tiny House","Pandora\u0027s Box"],"picked":"Calling Bell"}],"items_purged_floors":[2,11,20,36,53],"is_endless":false,"potions_floor_spawned":[1,4,6,8,10,12,14,16,18,21,22,24,27,29,30,31,33,35,37,39,41,42,44,46,47,48,54],"ascension_level":18}}