{"host":"opg65mucj6ra7dr1","time":1612620354,"event":{"mods":["BaseMod","DeckTracker","Keyboard Shortcuts","Minty Spire (QoL Compilation)","Permanent Neow","Quick Restart","everything is the same but u backflip on backflip"],"gold_per_floor":[110,110,127,127,202,202,232,243,243,243,263,282,282,282,282,379,379,393,55,55,5,5,5,185,202,202,127,127,127],"floor_reached":28,"language":"KOR","playtime":520,"items_purged":["Strike_B","Writhe"],"score":317,"play_id":"bb6f34b6-ffb6-4672-993f-fc04d3acbddc","local_time":"20210206230554","is_ascension_mode":true,"campfire_choices":[{"data":"Hologram","floor":6.0,"key":"SMITH"},{"data":"Streamline","floor":10.0,"key":"SMITH"},{"floor":13.0,"key":"REST"},{"floor":15.0,"key":"REST"},{"data":"Hologram","floor":23.0,"key":"SMITH"}],"circlet_count":0,"master_deck":["Strike_B","Strike_B","Defend_B+1","Defend_B+1","Defend_B","Defend_B","Dualcast","Hologram+1","Streamline+1","All For One","Conserve Battery","Rebound","Chill","Seek","CurseOfTheBell","Coolheaded","Hologram+1","Hologram"],"relics":["Cracked Core","StrikeDummy","Pantograph","Frozen Egg 2","Calling Bell","Centennial Puzzle","The Courier","WingedGreaves","Membership Card","Oddly Smooth Stone","Bottled Flame","Matryoshka","CeramicFish","Incense Burner"],"acts_visited":["Exordium","TheCity"],"potions_floor_usage":[],"damage_taken":[{"damage":3.0,"enemies":"Jaw Worm","floor":1.0,"turns":4.0},{"damage":9.0,"enemies":"Small Slimes","floor":3.0,"turns":3.0},{"damage":30.0,"enemies":"Gremlin Nob","floor":7.0,"turns":4.0},{"damage":2.0,"enemies":"2 Louse","floor":8.0,"turns":4.0},{"damage":6.0,"enemies":"Looter","floor":11.0,"turns":3.0},{"damage":9.0,"enemies":"2 Fungi Beasts","floor":12.0,"turns":3.0},{"damage":0.0,"enemies":"Slime Boss","floor":16.0,"turns":5.0},{"damage":14.0,"enemies":"Spheric Guardian","floor":18.0,"turns":4.0},{"damage":14,"enemies":"Shell Parasite","floor":25,"turns":3},{"damage":29,"enemies":"Book of Stabbing","floor":28,"turns":4}],"seed_played":"8183582775874182771","potions_obtained":[{"floor":3.0,"key":"PotionOfCapacity"},{"floor":11.0,"key":"ColorlessPotion"},{"floor":12.0,"key":"LiquidBronze"},{"floor":18.0,"key":"Fire Potion"}],"is_trial":false,"path_per_floor":["M","?","M","?","?","R","E","M","T","R","M","M","R","?","R","B",null,"M","$","?","$","?","R","?","M","T","?","E"],"character_chosen":"DEFECT","items_purchased":["Membership Card","Oddly Smooth Stone","Bottled Flame","Hologram"],"campfire_rested":2,"item_purchase_floors":[19,19,19,19],"current_hp_per_floor":[72,69,60,60,49,49,19,17,17,17,11,2,24,9,31,56,75,61,61,61,61,61,61,42,28,28,28,0,0],"gold":127,"neow_bonus":"REMOVE_CARD","is_daily":false,"chose_seed":false,"campfire_upgraded":3,"win_rate":0.0,"timestamp":1612620354,"path_taken":["M","?","M","?","?","R","E","M","T","R","M","?","R","?","R","BOSS","M","$","?","$","?","R","?","?","T","?","E"],"items_purchased_type":["Relic","Relic","Relic","Card"],"build_version":"2020-12-22","purchased_purges":2,"victory":false,"max_hp_per_floor":[75,75,75,75,75,75,75,75,75,75,75,75,75,75,75,75,75,75,75,75,75,75,75,75,75,75,75,75,75],"card_choices":[{"not_picked":["Sweeping Beam","Cold Snap"],"picked":"Hologram","floor":1.0},{"not_picked":["Heatsinks","Coolheaded"],"picked":"Streamline","floor":3.0},{"not_picked":["Darkness","Double Energy"],"picked":"All For One","floor":7.0},{"not_picked":["Recycle","Hologram"],"picked":"Conserve Battery","floor":8.0},{"not_picked":["Hello World+1","Redo"],"picked":"Rebound","floor":11.0},{"not_picked":["Creative AI+1","Steam"],"picked":"Chill","floor":12.0},{"not_picked":["Biased Cognition+1","Electrodynamics+1"],"picked":"Seek","floor":16.0},{"not_picked":["Redo+1","Doom and Gloom"],"picked":"Coolheaded","floor":18.0},{"not_picked":["Coolheaded","Ball Lightning"],"picked":"Hologram","floor":25}],"player_experience":171469,"relics_obtained":[{"floor":7.0,"key":"Pantograph"},{"floor":9.0,"key":"Frozen Egg 2"},{"floor":17.0,"key":"Centennial Puzzle"},{"floor":17.0,"key":"The Courier"},{"floor":17.0,"key":"WingedGreaves"},{"floor":26,"key":"CeramicFish"},{"floor":26,"key":"Incense Burner"}],"event_choices":[{"damage_healed":0.0,"max_hp_gain":0.0,"max_hp_loss":0.0,"gold_gain":0.0,"event_name":"Scrap Ooze","player_choice":"Success","floor":2.0,"gold_loss":0.0,"damage_taken":3.0,"relics_obtained":["StrikeDummy"]},{"damage_healed":0.0,"max_hp_gain":0.0,"max_hp_loss":0.0,"gold_gain":0.0,"event_name":"Liars Game","player_choice":"Ignored","floor":4.0,"gold_loss":0.0,"damage_taken":0.0},{"damage_healed":0.0,"max_hp_gain":0.0,"max_hp_loss":0.0,"gold_gain":75.0,"event_name":"World of Goop","player_choice":"Gather Gold","floor":5.0,"gold_loss":0.0,"damage_taken":11.0},{"damage_healed":0.0,"max_hp_gain":0.0,"max_hp_loss":0.0,"gold_gain":0.0,"event_name":"Shining Light","player_choice":"Entered Light","floor":14.0,"gold_loss":0.0,"damage_taken":15.0,"cards_upgraded":["Defend_B","Defend_B"]},{"damage_healed":0.0,"max_hp_gain":0.0,"max_hp_loss":0.0,"gold_gain":0.0,"event_name":"The Mausoleum","player_choice":"Opened","floor":20.0,"gold_loss":0.0,"damage_taken":0.0,"relics_obtained":["Matryoshka"],"cards_obtained":["Writhe"]},{"damage_healed":0.0,"max_hp_gain":0.0,"max_hp_loss":0.0,"gold_gain":180.0,"event_name":"Knowing Skull","player_choice":"GOLD GOLD ","floor":24.0,"potions_obtained":[],"gold_loss":0.0,"damage_taken":19.0,"cards_obtained":[]},{"cards_removed":["Zap"],"damage_healed":0,"gold_gain":0,"player_choice":"Gave Gold","damage_taken":0,"max_hp_gain":0,"max_hp_loss":0,"event_name":"Beggar","floor":27,"gold_loss":75}],"is_beta":false,"boss_relics":[{"not_picked":["Coffee Dripper","SacredBark"],"picked":"Calling Bell"}],"items_purged_floors":[19,21],"is_endless":false,"potions_floor_spawned":[3,11,12,18],"killed_by":"Book of Stabbing","ascension_level":4}}