{"host":"e5ydbbdshmac12xb","time":1612653663,"event":{"mods":["2.2 Compatiblity","Aspiration","BaseMod","Beaked The Cultist","Better Altar","BetterRewards","Clockwork Mod","Colored Map","Conspire","Downfall","Hermit","Highlight Path","Hubris","Infinite Spire","Jedi Mod","Jorbs\u0027s Wanderer Trilogy","Mad Scientist","Minty Spire (QoL Compilation)","READ ME - Guardian Mod","Reliquary","Replay The Spire","Shop Mod","Spikes Relics","StSLib","The Bladedancer","The Construct","The Cursed","The Disciple","The Druid","The Jungle","The Mystic","The Necromancer","The Runesmith","The Senshi","The Servant 0.9.4","Trackpad"],"gold_per_floor":[99,119,119,133,133,160,160,175,3,21,21,33,33,33,45,150,150,50,50,0,120,134,34,34,119,119,119,119,131,338,371,371,371],"floor_reached":31,"language":"ENG","playtime":3063,"items_purged":["champ:Defend"],"score":246,"play_id":"d9aa26b7-b077-43c5-8305-a18c3a6fe4cf","local_time":"20210206232103","is_ascension_mode":false,"campfire_choices":[{"floor":1,"key":"RECALL"},{"data":"champ:EnragedBash","floor":13,"key":"SMITH"},{"data":"champ:UltimateStance","floor":18,"key":"SMITH"},{"data":"conspire:SpireCoStock","floor":23,"key":"SMITH"},{"data":"champ:EndlessRage","floor":26,"key":"SMITH"},{"data":"champ:GladiatorStyle","floor":28,"key":"SMITH"}],"circlet_count":0,"master_deck":["champ:Strike","champ:Strike","champ:Defend","champ:Defend","champ:Execute","champ:Taunt","champ:FocusedBerserking","champ:PreciseThrust","champ:Endure","champ:SkillfulDodge","champ:ShieldWall","champ:FlashCut","champ:ShieldSlam","champ:EnragedBash+1","champ:EnragedBash+1","champ:GladiatorStyle+1","champ:UltimateStance+1","Replay:Parry","champ:Taunt","conspire:SpireCoStock+1","champ:SteelEdge","J.A.X.","champ:HoldFirm","champ:EndlessRage+1","champ:DefensiveShout+1","champ:PreciseThrust","champ:StanceDance"],"relics":["champ:ChampionCrown","Pen Nib","MealTicket","hubris:Backtick","Juzu Bracelet","downfall:HeartBlessingRed","MutagenicStrength","downfall:HeartBlessingBlue","Turnip","aspiration:EmptySkull"],"acts_visited":["Exordium","TheCity"],"potions_floor_usage":[21,21,31],"damage_taken":[{"damage":0,"enemies":"2 Louse","floor":2,"turns":2},{"damage":15,"enemies":"Cultist","floor":4,"turns":3},{"damage":12,"enemies":"Small Slimes","floor":8,"turns":3},{"damage":25,"enemies":"downfall:FleeingMerchant","floor":9,"turns":4},{"damage":16,"enemies":"Blue Slaver","floor":10,"turns":5},{"damage":10,"enemies":"3 Louse","floor":12,"turns":4},{"damage":37,"enemies":"Gremlin Gang","floor":15,"turns":5},{"damage":36,"enemies":"WA_ARCHETYPE_RETAIN","floor":16,"turns":6},{"damage":82,"enemies":"downfall:Augmenter","floor":21,"turns":9},{"damage":15,"enemies":"Spheric Guardian","floor":22,"turns":3},{"damage":57,"enemies":"Snake Plant","floor":29,"turns":4},{"damage":17,"enemies":"Book of Stabbing","floor":31,"turns":4}],"seed_played":"1106148060020901651","potions_obtained":[{"floor":2,"key":"sneckomod:MuddlingPotion"},{"floor":8,"key":"Languid Potion"},{"floor":10,"key":"Weak Potion"},{"floor":21,"key":"Cursed Concoction"}],"is_trial":false,"path_per_floor":["R","M","?","M","?","T","T","M","$","M","?","M","R","?","M","B",null,"R","?","?","?","M","R","T","?","R","?","R","M","?","E"],"character_chosen":"THE_CHAMP","items_purchased":["champ:ShieldWall"],"campfire_rested":0,"item_purchase_floors":[9],"current_hp_per_floor":[99,99,99,99,87,87,87,85,99,93,93,93,93,93,81,70,99,99,99,99,57,57,67,67,49,49,49,49,17,17,0,0,0],"gold":371,"neow_bonus":"TEN_PERCENT_HP_BONUS","is_daily":false,"chose_seed":false,"campfire_upgraded":5,"win_rate":0.0,"timestamp":1612653663,"path_taken":["R","M","?","?","?","?","T","M","$","M","?","?","R","?","M","BOSS","R","?","?","?","M","R","T","?","R","?","R","M","?","E"],"items_purchased_type":["Card"],"build_version":"2020-12-22","purchased_purges":1,"victory":false,"max_hp_per_floor":[99,99,99,99,99,99,99,99,99,99,99,99,99,99,99,99,99,99,99,99,99,99,109,109,109,109,109,109,109,109,109,109,109],"card_choices":[{"not_picked":["champ:Shatter","champ:StanceDance"],"picked":"champ:FocusedBerserking","floor":2},{"not_picked":["champ:Backstep","champ:EnGarde"],"picked":"champ:PreciseThrust","floor":4},{"not_picked":["champ:TornadoPunch","champ:FocusedDefense"],"picked":"champ:Endure","floor":8},{"not_picked":["champ:Shatter","champ:CrookedStrike"],"picked":"champ:SkillfulDodge","floor":9},{"not_picked":["champ:CrownThrow","champ:FanOfKnives"],"picked":"champ:FlashCut","floor":10},{"not_picked":["champ:PerfectedStrike","champ:StanceDance"],"picked":"champ:EnragedBash","floor":12},{"not_picked":["champ:PreciseThrust","champ:ShieldSlam"],"picked":"champ:GladiatorStyle","floor":15},{"not_picked":["champ:HoldFirm","champ:CheapShot"],"picked":"champ:UltimateStance","floor":16},{"not_picked":["champ:EnGarde+1","champ:Shatter+1"],"picked":"champ:SteelEdge","floor":21},{"not_picked":[],"picked":"J.A.X.","floor":21},{"not_picked":["champ:Haymaker","champ:GutPunch"],"picked":"champ:DefensiveShout+1","floor":22},{"not_picked":["champ:RapidStrikes","champ:Haymaker"],"picked":"champ:PreciseThrust","floor":29},{"not_picked":["champ:PerfectedStrike","champ:EnGarde+1"],"picked":"champ:StanceDance","floor":30}],"player_experience":501782,"relics_obtained":[{"floor":6,"key":"MealTicket"},{"floor":21,"key":"MutagenicStrength"},{"floor":24,"key":"Turnip"},{"floor":27,"key":"aspiration:EmptySkull"}],"event_choices":[{"damage_healed":0,"gold_gain":0,"player_choice":"Ignored","damage_taken":0,"max_hp_gain":0,"max_hp_loss":0,"event_name":"NoteForYourself","floor":3,"gold_loss":0},{"damage_healed":0,"gold_gain":0,"player_choice":"Success","damage_taken":12,"relics_obtained":["Pen Nib"],"max_hp_gain":0,"max_hp_loss":0,"event_name":"Scrap Ooze","floor":5,"gold_loss":0},{"damage_healed":0,"gold_gain":0,"player_choice":"Invest 1","damage_taken":0,"max_hp_gain":0,"max_hp_loss":0,"event_name":"conspire:Investor","floor":20,"gold_loss":0}],"is_beta":false,"boss_relics":[{"not_picked":["hubris:ScarierMask","aspiration:PoetsPen_weak"],"picked":"hubris:Backtick"}],"items_purged_floors":[9],"is_endless":false,"potions_floor_spawned":[2,8,10,21],"killed_by":"Book of Stabbing","ascension_level":0}}