{"host":"BK","time":1612587634,"event":{"mods":["BaseMod","Highlight Path","Minty Spire (QoL Compilation)","StSLib"],"gold_per_floor":[117,117,132,152,172,172,197,197,224,224,239,36,46,46,46,120,120,136,136,136,136,136],"floor_reached":21,"language":"ENG","playtime":1144,"items_purged":["Strike_G"],"score":357,"play_id":"25e14e99-08d5-4abe-a661-b296d7da1275","local_time":"20210205220034","is_ascension_mode":true,"campfire_choices":[{"floor":6,"key":"REST"},{"floor":15,"key":"REST"}],"circlet_count":0,"master_deck":["AscendersBane","Strike_G","Strike_G","Strike_G","Strike_G","Defend_G","Defend_G","Defend_G","Defend_G","Defend_G","Survivor","Neutralize","Skewer","PiercingWail","Underhanded Strike","Well Laid Plans","Noxious Fumes","Calculated Gamble","Deadly Poison+1","Blade Dance","Burst","Catalyst"],"relics":["SacredBark","Dream Catcher","Bag of Preparation","Spirit Poop","Snecko Eye"],"acts_visited":["Exordium","TheCity"],"potions_floor_usage":[5,7,13,16],"damage_taken":[{"damage":10,"enemies":"Small Slimes","floor":1,"turns":6},{"damage":5,"enemies":"2 Louse","floor":3,"turns":4},{"damage":1,"enemies":"Cultist","floor":4,"turns":4},{"damage":18,"enemies":"Large Slime","floor":5,"turns":10},{"damage":47,"enemies":"3 Sentries","floor":7,"turns":13},{"damage":10,"enemies":"2 Fungi Beasts","floor":11,"turns":6},{"damage":1,"enemies":"3 Louse","floor":13,"turns":5},{"damage":22,"enemies":"The Guardian","floor":16,"turns":8},{"damage":8,"enemies":"3 Byrds","floor":18,"turns":6},{"damage":43,"enemies":"Chosen","floor":21,"turns":4}],"seed_played":"1302257194710486403","potions_obtained":[{"floor":3,"key":"GamblersBrew"},{"floor":4,"key":"FearPotion"},{"floor":5,"key":"ColorlessPotion"},{"floor":7,"key":"Block Potion"}],"is_trial":false,"path_per_floor":["M","?","M","M","M","R","E","?","T","?","M","$","M","?","R","B",null,"M","?","?","M"],"character_chosen":"THE_SILENT","items_purchased":["Noxious Fumes","Calculated Gamble"],"campfire_rested":2,"item_purchase_floors":[12,12],"current_hp_per_floor":[49,54,49,48,30,51,4,21,21,21,11,11,10,10,30,8,53,45,45,26,0,0],"gold":136,"neow_bonus":"BOSS_RELIC","is_daily":false,"chose_seed":false,"campfire_upgraded":0,"win_rate":0.0,"timestamp":1612587634,"path_taken":["M","?","M","M","M","R","E","?","T","?","?","$","M","?","R","BOSS","M","?","?","M"],"items_purchased_type":["Card","Card"],"build_version":"2020-12-18","purchased_purges":1,"victory":false,"max_hp_per_floor":[66,71,71,71,71,71,71,71,71,68,68,68,68,68,68,68,68,68,68,73,73,73],"card_choices":[{"not_picked":["Dagger Spray","Slice"],"picked":"Skewer","floor":1},{"not_picked":["Deflect","Prepared","Slice"],"picked":"SKIP","floor":3},{"not_picked":["Tactician","Bane"],"picked":"PiercingWail","floor":4},{"not_picked":["Caltrops","Acrobatics"],"picked":"Underhanded Strike","floor":5},{"not_picked":["Deflect","Underhanded Strike"],"picked":"Well Laid Plans","floor":7},{"not_picked":["Expertise","Outmaneuver","Slice"],"picked":"SKIP","floor":11},{"not_picked":["Concentrate","Heel Hook"],"picked":"Deadly Poison","floor":13},{"not_picked":["Flechettes","Skewer"],"picked":"Blade Dance","floor":15},{"not_picked":["Bullet Time","Storm of Steel"],"picked":"Burst","floor":16},{"not_picked":["PiercingWail+1","Flechettes"],"picked":"Catalyst","floor":18}],"player_experience":2509651,"relics_obtained":[{"floor":7,"key":"Dream Catcher"},{"floor":9,"key":"Bag of Preparation"}],"event_choices":[{"damage_healed":0,"gold_gain":0,"player_choice":"Donut","damage_taken":0,"max_hp_gain":5,"max_hp_loss":0,"event_name":"Big Fish","floor":2,"gold_loss":0},{"damage_healed":17,"gold_gain":0,"player_choice":"Healed and dodged fight","damage_taken":0,"max_hp_gain":0,"max_hp_loss":0,"event_name":"Mushrooms","floor":8,"gold_loss":0,"cards_obtained":["Parasite"]},{"cards_removed":["Parasite"],"damage_healed":0,"gold_gain":0,"player_choice":"Offered Curse","damage_taken":0,"relics_obtained":["Spirit Poop"],"max_hp_gain":0,"max_hp_loss":0,"event_name":"Bonfire Elementals","floor":10,"gold_loss":0},{"damage_healed":0,"gold_gain":0,"player_choice":"Grow","damage_taken":0,"max_hp_gain":0,"max_hp_loss":0,"event_name":"Living Wall","floor":14,"gold_loss":0,"cards_upgraded":["Deadly Poison"]},{"damage_healed":0,"gold_gain":0,"player_choice":"Ignored","damage_taken":0,"max_hp_gain":0,"max_hp_loss":0,"event_name":"The Mausoleum","floor":19,"gold_loss":0},{"damage_healed":0,"gold_gain":0,"player_choice":"Shed Blood","damage_taken":24,"max_hp_gain":5,"max_hp_loss":0,"event_name":"Forgotten Altar","floor":20,"gold_loss":0}],"is_beta":true,"boss_relics":[{"not_picked":["SlaversCollar","Cursed Key"],"picked":"Snecko Eye"}],"items_purged_floors":[12],"is_endless":false,"potions_floor_spawned":[3,4,5,7],"killed_by":"Chosen","ascension_level":20}}