{"host":"7ap89n2sm7vm35bt","time":1612623875,"event":{"mods":["AchievementEnabler","Aspiration","BaseMod","Minty Spire (QoL Compilation)","StSLib","[IsaacMod]ÒÔÈö¼âËþ"],"gold_per_floor":[109,125,125,125,145,145,145,145,145,220,220,232,246,17,17,116,116,135,135,135,151,162,162,178,178,178,278,278,294,147,147,147,244,244,259,276,276,288,288,307,307,327,327,377,377,103,103,115,115,115],"floor_reached":51,"language":"ZHS","playtime":1476,"items_purged":["Strike_R","Strike_R","Defend_R"],"score":887,"play_id":"cb38d478-8ddb-47ef-9c2f-44129152a61c","local_time":"20210206230435","is_ascension_mode":false,"campfire_choices":[{"data":"Iron Wave","floor":6.0,"key":"SMITH"},{"data":"Bash","floor":8.0,"key":"SMITH"},{"floor":11.0,"key":"REST"},{"data":"Bloodletting","floor":15.0,"key":"SMITH"},{"floor":23.0,"key":"RECALL"},{"data":"Shrug It Off","floor":25.0,"key":"SMITH"},{"data":"Strike_R","floor":28.0,"key":"SMITH"},{"data":"Defend_R","floor":32.0,"key":"SMITH"},{"floor":41,"key":"REST"},{"data":"Seeing Red","floor":45,"key":"SMITH"},{"data":"Defend_R","floor":47,"key":"SMITH"},{"floor":49,"key":"REST"}],"circlet_count":0,"master_deck":["Strike_R+1","Defend_R+1","Defend_R+1","Bash+1","Armaments+1","Flex+1","Iron Wave+1","Shrug It Off+1","Entrench+1","Body Slam+1","Barricade+1","Dropkick+1","Corruption+1","Ghostly Armor+1","Thunderclap+1","Seeing Red+1"],"relics":["HushsDoor","Empty Cage","GuppysTail","aspiration:BabyByrd","GuppysHead","BookOfRevelations","Runic Cube","GuppysPaw","Molten Egg 2","TheBible","Astrolabe","EdensBlessing","BelialBook"],"acts_visited":["Exordium","TheCity","TheBeyond"],"potions_floor_usage":[40,42],"damage_taken":[{"damage":0.0,"enemies":"2 Louse","floor":1.0,"turns":2.0},{"damage":9.0,"enemies":"Cultist","floor":2.0,"turns":4.0},{"damage":5.0,"enemies":"Small Slimes","floor":5.0,"turns":3.0},{"damage":3.0,"enemies":"Looter","floor":12.0,"turns":2.0},{"damage":0.0,"enemies":"2 Fungi Beasts","floor":13.0,"turns":3.0},{"damage":25.0,"enemies":"Hexaghost","floor":16.0,"turns":12.0},{"damage":0.0,"enemies":"Spheric Guardian","floor":18.0,"turns":3.0},{"damage":0.0,"enemies":"3 Byrds","floor":21.0,"turns":4.0},{"damage":0.0,"enemies":"Cultist and Chosen","floor":22.0,"turns":3.0},{"damage":4.0,"enemies":"Snake Plant","floor":24.0,"turns":2.0},{"damage":1.0,"enemies":"Centurion and Healer","floor":29.0,"turns":3.0},{"damage":0.0,"enemies":"Champ","floor":33.0,"turns":6.0},{"damage":0.0,"enemies":"3 Darklings","floor":35.0,"turns":4.0},{"damage":13.0,"enemies":"3 Shapes","floor":36.0,"turns":4.0},{"damage":0.0,"enemies":"Maw","floor":38.0,"turns":5.0},{"damage":0,"enemies":"4 Shapes","floor":40,"turns":2},{"damage":5,"enemies":"Writhing Mass","floor":42,"turns":3},{"damage":0,"enemies":"Mind Bloom Boss Battle","floor":44,"turns":3},{"damage":0,"enemies":"Spire Growth","floor":48,"turns":2},{"damage":0,"enemies":"Awakened One","floor":50,"turns":6}],"seed_played":"-5276222743978905510","potions_obtained":[{"floor":2.0,"key":"ElixirPotion"},{"floor":12.0,"key":"SpeedPotion"},{"floor":18.0,"key":"Swift Potion"},{"floor":22.0,"key":"BloodPotion"},{"floor":29.0,"key":"LiquidMemories"},{"floor":40,"key":"Fire Potion"},{"floor":44,"key":"PowerPotion"}],"is_trial":false,"path_per_floor":["M","M","?","?","M","R","?","R","T","?","R","M","M","$","R","B",null,"M","?","$","M","M","R","M","R","T","?","R","M","$","T","R","B",null,"M","M","?","M","?","M","R","M","T","?","R","$","R","M","R","B",null],"character_chosen":"IRONCLAD","items_purchased":["BookOfRevelations","GuppysPaw","Body Slam+1","BelialBook"],"campfire_rested":3,"item_purchase_floors":[14,17,30,46],"current_hp_per_floor":[80,71,71,55,50,50,50,50,50,39,63,60,60,60,60,35,70,70,70,70,70,70,70,66,66,66,66,66,65,65,65,65,65,70,70,57,57,57,57,57,70,65,65,65,65,65,65,65,70,70],"gold":115,"neow_bonus":"BOSS_RELIC","is_daily":false,"chose_seed":false,"campfire_upgraded":8,"win_rate":0.0,"timestamp":1612623875,"path_taken":["M","M","?","?","?","R","?","R","T","?","R","M","M","?","R","BOSS","M","?","$","M","M","R","M","R","T","?","R","?","?","?","R","BOSS","M","M","?","?","?","M","R","M","T","?","R","$","R","M","R","BOSS"],"items_purchased_type":["Relic","Relic","Card","Relic"],"build_version":"2020-12-22","purchased_purges":3,"victory":true,"max_hp_per_floor":[80,80,80,80,80,80,80,80,80,80,80,80,80,80,80,80,70,70,70,70,70,70,70,70,70,70,70,70,70,70,70,70,70,70,70,70,70,70,70,70,70,70,70,70,70,70,70,70,70,70],"card_choices":[{"not_picked":["Rupture","Hemokinesis"],"picked":"Armaments","floor":1.0},{"not_picked":["Warcry","Clash"],"picked":"Flex","floor":2.0},{"not_picked":["Shockwave","Rampage"],"picked":"Iron Wave","floor":5.0},{"not_picked":["Perfected Strike","Headbutt","Infernal Blade"],"picked":"SKIP","floor":12.0},{"not_picked":["Flex","Warcry"],"picked":"Bloodletting","floor":13.0},{"not_picked":["Sword Boomerang","Warcry+1","Clothesline"],"picked":"SKIP","floor":18.0},{"not_picked":["Rupture","Body Slam"],"picked":"Infernal Blade+1","floor":21.0},{"not_picked":["Iron Wave","Clothesline","Shockwave"],"picked":"SKIP","floor":22.0},{"not_picked":["Flex","Body Slam"],"picked":"Shrug It Off","floor":24.0},{"not_picked":["Rage","Shrug It Off"],"picked":"Entrench+1","floor":29.0},{"not_picked":["Wild Strike+1","Thunderclap+1","Shrug It Off"],"picked":"SKIP","floor":35.0},{"not_picked":["Havoc","Warcry"],"picked":"Ghostly Armor+1","floor":36.0},{"not_picked":["Heavy Blade+1","Wild Strike+1"],"picked":"Thunderclap+1","floor":38.0},{"not_picked":["Dual Wield+1","Evolve+1","Inflame"],"picked":"SKIP","floor":40},{"not_picked":["Pummel+1","Heavy Blade+1","Clothesline+1"],"picked":"SKIP","floor":42},{"not_picked":["Clothesline+1","Shrug It Off+1"],"picked":"Seeing Red","floor":44},{"not_picked":["Headbutt+1","Warcry+1","Thunderclap+1"],"picked":"SKIP","floor":48}],"player_experience":255614,"relics_obtained":[{"floor":9.0,"key":"GuppysHead"},{"floor":26.0,"key":"Molten Egg 2"},{"floor":31.0,"key":"TheBible"},{"floor":44,"key":"EdensBlessing"}],"event_choices":[{"damage_healed":0.0,"max_hp_gain":0.0,"max_hp_loss":0.0,"gold_gain":0.0,"event_name":"Golden Idol","player_choice":"Ignored","floor":3.0,"gold_loss":0.0,"damage_taken":0.0},{"damage_healed":0.0,"max_hp_gain":0.0,"max_hp_loss":0.0,"gold_gain":0.0,"event_name":"Shining Light","player_choice":"Entered Light","floor":4.0,"gold_loss":0.0,"damage_taken":16.0,"cards_upgraded":["Armaments","Flex"]},{"damage_healed":0.0,"max_hp_gain":0.0,"max_hp_loss":0.0,"gold_gain":75.0,"event_name":"World of Goop","player_choice":"Gather Gold","floor":10.0,"gold_loss":0.0,"damage_taken":11.0},{"damage_healed":0.0,"max_hp_gain":0.0,"max_hp_loss":0.0,"gold_gain":100.0,"event_name":"Golden Shrine","player_choice":"Pray","floor":27.0,"gold_loss":0.0,"damage_taken":0.0},{"damage_healed":0.0,"max_hp_gain":0.0,"max_hp_loss":0.0,"gold_gain":0.0,"event_name":"Tomb of Lord Red Mask","player_choice":"Ignored","floor":37.0,"gold_loss":0.0,"damage_taken":0.0},{"damage_healed":0.0,"max_hp_gain":0.0,"max_hp_loss":0.0,"gold_gain":0.0,"event_name":"SensoryStone","player_choice":"Memory 1","floor":39.0,"gold_loss":0.0,"damage_taken":0.0},{"damage_healed":0,"gold_gain":0,"player_choice":"Fight","damage_taken":0,"max_hp_gain":0,"max_hp_loss":0,"event_name":"MindBloom","floor":44,"gold_loss":0}],"is_beta":false,"boss_relics":[{"not_picked":["Runic Dome","Snecko Eye"],"picked":"Runic Cube"},{"not_picked":[]},{"not_picked":["aspiration:RunicSpoon","aspiration:PoetsPen_weak"],"picked":"Astrolabe"},{"not_picked":[]}],"items_purged_floors":[14,30,46],"is_endless":false,"potions_floor_spawned":[2,12,18,22,29,40,44],"ascension_level":0}}