{"host":"rk1e5mmpnpniq13w","time":1612654966,"event":{"mods":["BaseMod","Colored Powertips","Downfall","Hubris","Minty Spire (QoL Compilation)","Replay The Spire","StSLib","The Bug Knight"],"gold_per_floor":[99,119,136,147,164,264,337,368,368,398,430,430,355,367,386,487,487,337,347,257,270,270,1,1,20,55,55,55,74,74,102,52,62,80,177,177,27,45,61,103,123,140,140,90,190,216,233,83,83,115,134,134,134,168,20,20,20,20],"floor_reached":59,"language":"ENG","playtime":4412,"items_purged":["hubris:Compulsion","Writhe","Slimebound:Strike_Slimebound"],"score":1426,"play_id":"536893ea-c00f-4d34-8cfc-ac5ad67d7055","local_time":"20210206184246","is_ascension_mode":false,"campfire_choices":[{"floor":1,"key":"DIG"},{"floor":18,"key":"RECALL"},{"data":"Slimebound:SelfFormingGoo","floor":32,"key":"SMITH"},{"data":"Slimebound:MinionMaster","floor":37,"key":"SMITH"},{"data":"ReplayUltimateDefense","floor":44,"key":"SMITH"},{"data":"Slimebound:LeadByExample","floor":48,"key":"SMITH"},{"data":"Slimebound:OozeBath","floor":56,"key":"SMITH"}],"circlet_count":0,"master_deck":["Slimebound:Defend_Slimebound","Slimebound:Defend_Slimebound","Slimebound:Defend_Slimebound","Slimebound:Defend_Slimebound","Slimebound:Split","Slimebound:CorrosiveSpit","Slimebound:Prepare","Slimebound:ComboTackle","Slimebound:SplitBruiser","Slimebound:SplitAcid","Slimebound:SplitBruiser","Slimebound:PrepareCrush+1","Slimebound:PrepareCrush","Slimebound:LivingWall","Slimebound:LeechLife","Slimebound:SlimeBarrage","Slimebound:SelfFormingGoo+1","Slimebound:SplitMire","Slimebound:OozeBath+1","Slimebound:RollThrough+1","Slimebound:SplitAcid+1","Pot Of Greed","Pot Of Greed","Slimebound:LeechEnergy+1","Pot Of Greed","Slimebound:MinionMaster+1","Slimebound:SpikyOuterGoop","Slimebound:ComboTackle+1","Slimebound:MassFeed","Slimebound:Schlurp+1","Slimebound:FormOfPuddle","ReplayUltimateDefense+1","Slimebound:Equalize+1","Slimebound:LeadByExample+1","Slimebound:LevelUp+1","Slimebound:SplitLeeching+1"],"relics":["Replay:Bronze Core","hubris:CrystalStatue","Mercury Hourglass","Potion Belt","Odd Mushroom","Mummified Hand","Ring of Searing","Ring of Peace","Slimebound:GreedOozeRelic","Philosopher\u0027s Stone","downfall:HeartBlessingGreen","ReplayTheSpireMod:Ninjato","hubris:SphereOfDissonance","Grinning Jar","downfall:RedIOU","hubris:DeckOfHolding","hubris:HollowSoul","downfall:HeartBlessingRed","downfall:GremlinWheel","Question Card","downfall:HeartBlessingBlue","hubris:Icosahedron","HollowMod:QueensCombRelic","Bag of Marbles","Lee\u0027s Waffle"],"acts_visited":["Exordium","TheCity","TheBeyond","TheEnding"],"potions_floor_usage":[11,15,20,20,23,23,26,34,34,35,35,47,50,54,54,57,57,57,57,58,58,58],"damage_taken":[{"damage":3,"enemies":"2 Louse","floor":2,"turns":1},{"damage":0,"enemies":"Small Slimes","floor":3,"turns":3},{"damage":0,"enemies":"Jaw Worm","floor":4,"turns":2},{"damage":0,"enemies":"Exordium Wildlife","floor":5,"turns":2},{"damage":27,"enemies":"downfall:Heads","floor":6,"turns":4},{"damage":14,"enemies":"Lagavulin","floor":8,"turns":5},{"damage":9,"enemies":"The Mushroom Lair","floor":10,"turns":3},{"damage":4,"enemies":"Gremlin Nob","floor":11,"turns":3},{"damage":0,"enemies":"Large Slime","floor":14,"turns":4},{"damage":0,"enemies":"Lots of Slimes","floor":15,"turns":2},{"damage":0,"enemies":"IC_STATUS_ARCHETYPE","floor":16,"turns":7},{"damage":19,"enemies":"Spheric Guardian","floor":19,"turns":3},{"damage":0,"enemies":"downfall:FleeingMerchant","floor":20,"turns":5},{"damage":0,"enemies":"3 Byrds","floor":21,"turns":2},{"damage":0,"enemies":"downfall:FleeingMerchant","floor":23,"turns":5},{"damage":5,"enemies":"Snecko","floor":25,"turns":4},{"damage":10,"enemies":"Gremlin Leader","floor":26,"turns":4},{"damage":0,"enemies":"Chosen and Byrds","floor":29,"turns":4},{"damage":18,"enemies":"Slavers","floor":31,"turns":3},{"damage":12,"enemies":"Shelled Parasite and Fungi","floor":33,"turns":4},{"damage":12,"enemies":"Snake Plant","floor":34,"turns":3},{"damage":22,"enemies":"SI_MIRROR_ARCHETYPE","floor":35,"turns":6},{"damage":26,"enemies":"3 Darklings","floor":38,"turns":3},{"damage":0,"enemies":"Orb Walker","floor":39,"turns":2},{"damage":0,"enemies":"downfall:FleeingMerchant","floor":40,"turns":1},{"damage":0,"enemies":"Transient","floor":41,"turns":5},{"damage":6,"enemies":"4 Shapes","floor":42,"turns":4},{"damage":0,"enemies":"4 Shapes","floor":45,"turns":2},{"damage":10,"enemies":"Giant Head","floor":46,"turns":5},{"damage":20,"enemies":"Writhing Mass","floor":47,"turns":4},{"damage":0,"enemies":"Reptomancer","floor":50,"turns":5},{"damage":0,"enemies":"3 Darklings","floor":51,"turns":2},{"damage":32,"enemies":"DF_ARCHETYPE_ORBS","floor":52,"turns":5},{"damage":33,"enemies":"downfall:CharBossMerchant","floor":54,"turns":5},{"damage":69,"enemies":"downfall:NeowBoss","floor":57,"turns":14},{"damage":58,"enemies":"downfall:NeowBossFinal","floor":58,"turns":9}],"seed_played":"-3387373487677999370","potions_obtained":[{"floor":3,"key":"Block Potion"},{"floor":5,"key":"Regen Potion"},{"floor":8,"key":"Slimebound:ThreeZeroPotion"},{"floor":10,"key":"Fire Potion"},{"floor":11,"key":"DuplicationPotion"},{"floor":16,"key":"EntropicBrew"},{"floor":21,"key":"EntropicBrew"},{"floor":25,"key":"Slimebound:SlimedPotion"},{"floor":26,"key":"Elixir"},{"floor":33,"key":"DuplicationPotion"},{"floor":34,"key":"Swift Potion"},{"floor":41,"key":"BlessingOfTheForge"},{"floor":45,"key":"Guardian:BlockOnCardUsePotion"},{"floor":46,"key":"Energy Potion"},{"floor":51,"key":"PowerPotion"}],"is_trial":false,"path_per_floor":["R","M","M","M","M","?","T","E","?","?","E","?","?","M","M","B",null,"R","M","$","M","?","$","T","M","E","PTL","PTL","M","?","E","R","M","M","B",null,"R","M","M","$","M","M","T","R","?","E","M","R","?","E","M","B",null,"E","$","R","B","B",null],"character_chosen":"SLIMEBOUND","items_purchased":["Slimebound:AggressiveSlimeRelic","ReplayUltimateDefense","Lee\u0027s Waffle"],"campfire_rested":0,"item_purchase_floors":[23,40,55],"current_hp_per_floor":[65,62,62,62,62,35,35,21,42,33,29,29,29,29,29,39,65,65,46,46,46,46,51,51,46,48,48,48,48,48,36,36,24,42,20,65,65,41,44,44,44,38,38,38,44,62,48,58,58,52,52,24,52,31,59,59,42,9],"gold":20,"neow_bonus":"BOSS_RELIC","is_daily":false,"chose_seed":false,"campfire_upgraded":5,"win_rate":0.0,"timestamp":1612654966,"path_taken":["R","M","M","M","M","?","T","E","?","?","E","?","?","?","M","BOSS","R","M","$","M","?","$","T","M","E","PTL","PTL","M","?","E","R","M","M","BOSS","R","M","M","$","M","M","T","R","?","E","?","R","?","E","M","BOSS","E","$","R","BOSS","BOSS"],"items_purchased_type":["Relic","Card","Relic"],"build_version":"2020-12-22","purchased_purges":3,"victory":true,"max_hp_per_floor":[65,65,65,65,65,65,65,65,65,65,65,65,65,65,65,65,65,65,65,65,65,65,65,65,65,65,65,65,65,65,65,65,65,65,65,65,65,65,68,68,68,68,68,68,68,68,68,78,78,52,52,52,52,52,59,59,59,59],"card_choices":[{"not_picked":["Slimebound:SplitAcid","Slimebound:Grow"],"picked":"Slimebound:Prepare","floor":2},{"not_picked":["Slimebound:MegaLick","Slimebound:SlimeBrawl"],"picked":"Slimebound:ComboTackle","floor":3},{"not_picked":["Slimebound:GrowthPunch","Slimebound:Schlurp"],"picked":"Slimebound:SplitBruiser","floor":4},{"not_picked":["Slimebound:Prepare","Slimebound:Chomp"],"picked":"Slimebound:SplitAcid","floor":5},{"not_picked":["Slimebound:GoopSpray","Slimebound:TongueLash"],"picked":"Slimebound:SplitBruiser","floor":6},{"not_picked":["Slimebound:LivingWall","Slimebound:PressTheAttack"],"picked":"Slimebound:PrepareCrush","floor":8},{"not_picked":["Slimebound:Chomp","Slimebound:Dissolve"],"picked":"Slimebound:LivingWall","floor":10},{"not_picked":["Slimebound:SlimeBrawl","Slimebound:FinishingTackle"],"picked":"Slimebound:LeechLife","floor":11},{"not_picked":["Slimebound:Chomp","Slimebound:SpikyOuterGoop"],"picked":"Slimebound:SlimeBarrage","floor":14},{"not_picked":["Slimebound:Prepare","Slimebound:SplitAcid","Slimebound:ForwardTackle"],"picked":"SKIP","floor":15},{"not_picked":["Slimebound:PrepareCrush","Slimebound:Teamwork"],"picked":"Slimebound:SelfFormingGoo","floor":16},{"not_picked":["Slimebound:SplitAcid","Slimebound:DisruptingSlam"],"picked":"Slimebound:SplitMire","floor":19},{"not_picked":["Slimebound:LeechingTouch","Slimebound:DisruptingSlam"],"picked":"Slimebound:OozeBath","floor":20},{"not_picked":["Slimebound:ViciousTackle","Slimebound:LeechingTouch","Slimebound:RejuvenatingLick"],"picked":"SKIP","floor":21},{"not_picked":["Slimebound:LivingWall","Slimebound:SlimeSpikes"],"picked":"Slimebound:RollThrough+1","floor":23},{"not_picked":["Slimebound:GoopSpray","Slimebound:LeechingTouch"],"picked":"Slimebound:SplitAcid+1","floor":25},{"not_picked":["Slimebound:SamplingLick","Slimebound:ProtectTheBoss+1"],"picked":"Slimebound:LeechEnergy+1","floor":26},{"not_picked":["Slimebound:LivingWall","Slimebound:FinishingTackle"],"picked":"Slimebound:MinionMaster","floor":29},{"not_picked":["Slimebound:SlimeBarrage","Slimebound:PrepareCrush","Slimebound:FinishingTackle"],"picked":"SKIP","floor":31},{"not_picked":["Slimebound:SlimeSpikes","Slimebound:Dissolve"],"picked":"Slimebound:SpikyOuterGoop","floor":33},{"not_picked":["Slimebound:HauntingLick","Slimebound:GoopTackle"],"picked":"Slimebound:ComboTackle+1","floor":34},{"not_picked":["Slimebound:PrepareCrush","Slimebound:DouseInSlime"],"picked":"Slimebound:MassFeed","floor":35},{"not_picked":["Slimebound:DivideAndConquer","Slimebound:Chomp","Slimebound:FinishingTackle+1"],"picked":"SKIP","floor":38},{"not_picked":["Slimebound:FinishingTackle","Slimebound:ItLooksTasty"],"picked":"Slimebound:Schlurp+1","floor":39},{"not_picked":["Slimebound:SpikyOuterGoop","Slimebound:SplitLeeching+1"],"picked":"Slimebound:FormOfPuddle","floor":40},{"not_picked":["Slimebound:ItLooksTasty+1","Slimebound:GoopTackle","Slimebound:ComboTackle+1"],"picked":"SKIP","floor":41},{"not_picked":["Slimebound:ForwardTackle+1","Slimebound:Replication+1"],"picked":"Slimebound:Equalize+1","floor":42},{"not_picked":["Slimebound:RollThrough","Slimebound:LivingWall+1"],"picked":"Slimebound:LeadByExample","floor":46},{"not_picked":["Slimebound:Schlurp","Slimebound:LeechEnergy","Slimebound:GoopSpray","Slimebound:SplitBruiser"],"picked":"SKIP","floor":47},{"not_picked":["Slimebound:GoopTackle+1","Slimebound:ViciousTackle+1","Slimebound:CheckThePlaybook"],"picked":"Slimebound:LevelUp+1","floor":50},{"not_picked":["Slimebound:ComboTackle+1","Slimebound:LeechEnergy","Slimebound:SplitBruiser","Slimebound:RollThrough"],"picked":"SKIP","floor":51},{"not_picked":["Slimebound:ItLooksTasty","Slimebound:Prepare","Slimebound:SlimeSpikes+1"],"picked":"Slimebound:SplitLeeching+1","floor":54}],"player_experience":484249,"relics_obtained":[{"floor":1,"key":"hubris:CrystalStatue"},{"floor":7,"key":"Mercury Hourglass"},{"floor":8,"key":"Potion Belt"},{"floor":10,"key":"Odd Mushroom"},{"floor":11,"key":"Mummified Hand"},{"floor":12,"key":"Ring of Searing"},{"floor":12,"key":"Ring of Peace"},{"floor":24,"key":"hubris:SphereOfDissonance"},{"floor":26,"key":"Grinning Jar"},{"floor":31,"key":"hubris:DeckOfHolding"},{"floor":45,"key":"downfall:GremlinWheel"},{"floor":46,"key":"Question Card"},{"floor":50,"key":"HollowMod:QueensCombRelic"},{"floor":54,"key":"Bag of Marbles"}],"event_choices":[{"damage_healed":21,"gold_gain":0,"player_choice":"Banana","damage_taken":0,"max_hp_gain":0,"max_hp_loss":0,"event_name":"Big Fish","floor":9,"gold_loss":0},{"damage_healed":0,"gold_gain":0,"player_choice":"Fought Mushrooms","damage_taken":0,"max_hp_gain":0,"max_hp_loss":0,"event_name":"Mushrooms","floor":10,"gold_loss":0},{"cards_removed":["Slimebound:Tackle"],"damage_healed":0,"gold_gain":0,"player_choice":"Card Removal","damage_taken":0,"max_hp_gain":0,"max_hp_loss":0,"event_name":"Wheel of Change","floor":56,"gold_loss":0}],"is_beta":false,"boss_relics":[{"not_picked":["ChewingGum","Kintsugi"],"picked":"Philosopher\u0027s Stone"},{"not_picked":["Runic Dome","Cursed Key"],"picked":"hubris:HollowSoul"}],"items_purged_floors":[20,23,40],"is_endless":false,"potions_floor_spawned":[3,5,8,10,11,16,21,25,26,33,34,41,45,46,51],"ascension_level":0}}