{"host":"wubxp7apcx31ieu1","time":1612595613,"event":{"mods":["AchievementEnabler","BaseMod","Colored Map","Colored Powertips","Highlight Path","Minty Spire (QoL Compilation)","Permanent Neow","Quick Restart","Random Character Button","SuperFastMode","Synergy Search"],"gold_per_floor":[116,134,84,84,104,136,147,147,147,222,222,59,71,45,45,146,146,164,175,175,190,190,216,232,232,232,232,242,260,39,138,138,240,240,258,258,258,12,32,32,48,61,112,147,201,227,227,262,262,262,262,262,22,55,55],"floor_reached":56,"language":"ENG","playtime":3882,"items_purged":["Defend_R","Strike_R","Strike_R"],"score":1280,"play_id":"19247f03-7308-44ad-8c92-524dd58d6dc4","local_time":"20210206151333","is_ascension_mode":false,"campfire_choices":[{"floor":8.0,"key":"REST"},{"floor":11.0,"key":"REST"},{"floor":15.0,"key":"RECALL"},{"floor":25.0,"key":"REST"},{"floor":32.0,"key":"REST"},{"floor":40.0,"key":"REST"},{"floor":49.0,"key":"REST"},{"floor":52.0,"key":"REST"}],"circlet_count":0,"master_deck":["Defend_R","Defend_R","Defend_R","Bash","Armaments","Burning Pact","Pommel Strike","Sentinel","Metallicize","Fire Breathing","Shrug It Off","Body Slam","Barricade","Hemokinesis+1","True Grit","Disarm+1","Evolve","Flex","Entrench","Feel No Pain","Shrug It Off","Armaments","Fiend Fire","Metallicize","Corruption","Second Wind","Blind","Finesse","Disarm+1","Body Slam","Reckless Charge","Shockwave+1","Disarm","Deep Breath","Feel No Pain+1","Metallicize+1","Power Through","Evolve","Barricade","Sentinel+1"],"relics":["Fusion Hammer","Tiny Chest","Du-Vu Doll","Pantograph","Snecko Eye","Enchiridion","The Courier","Dream Catcher","Letter Opener","Empty Cage","Nunchaku","Kunai","Mango","Boot","InkBottle","DollysMirror","Happy Flower"],"acts_visited":["Exordium","TheCity","TheBeyond","TheEnding"],"potions_floor_usage":[55,55],"damage_taken":[{"damage":4.0,"enemies":"2 Louse","floor":1.0,"turns":4.0},{"damage":0.0,"enemies":"Jaw Worm","floor":2.0,"turns":3.0},{"damage":5.0,"enemies":"Small Slimes","floor":5.0,"turns":5.0},{"damage":40.0,"enemies":"Gremlin Nob","floor":6.0,"turns":5.0},{"damage":12.0,"enemies":"Exordium Thugs","floor":7.0,"turns":5.0},{"damage":4.0,"enemies":"3 Louse","floor":13.0,"turns":6.0},{"damage":61.0,"enemies":"Hexaghost","floor":16.0,"turns":12.0},{"damage":6.0,"enemies":"Shell Parasite","floor":18.0,"turns":5.0},{"damage":21.0,"enemies":"Spheric Guardian","floor":19.0,"turns":6.0},{"damage":12.0,"enemies":"Snake Plant","floor":21.0,"turns":4.0},{"damage":24.0,"enemies":"Slavers","floor":23.0,"turns":6.0},{"damage":0.0,"enemies":"Chosen and Byrds","floor":24.0,"turns":7.0},{"damage":11.0,"enemies":"Centurion and Healer","floor":28.0,"turns":8.0},{"damage":0.0,"enemies":"Snecko","floor":29.0,"turns":5.0},{"damage":7.0,"enemies":"Champ","floor":33.0,"turns":15.0},{"damage":11.0,"enemies":"Orb Walker","floor":35.0,"turns":5.0},{"damage":4.0,"enemies":"3 Shapes","floor":39.0,"turns":4.0},{"damage":12.0,"enemies":"Spire Growth","floor":41.0,"turns":5.0},{"damage":2.0,"enemies":"Transient","floor":42.0,"turns":5.0},{"damage":5.0,"enemies":"Reptomancer","floor":44.0,"turns":6.0},{"damage":2.0,"enemies":"2 Orb Walkers","floor":45.0,"turns":3.0},{"damage":6.0,"enemies":"Giant Head","floor":46.0,"turns":5.0},{"damage":2.0,"enemies":"Reptomancer","floor":48.0,"turns":4.0},{"damage":15.0,"enemies":"Time Eater","floor":50.0,"turns":7.0},{"damage":33.0,"enemies":"Shield and Spear","floor":54.0,"turns":6.0},{"damage":39,"enemies":"The Heart","floor":55,"turns":7}],"seed_played":"-2811345586890115806","potions_obtained":[{"floor":13.0,"key":"ColorlessPotion"},{"floor":16.0,"key":"ColorlessPotion"},{"floor":18.0,"key":"GamblersBrew"},{"floor":23.0,"key":"Ancient Potion"},{"floor":28.0,"key":"Fire Potion"},{"floor":29.0,"key":"Ancient Potion"},{"floor":39.0,"key":"PowerPotion"}],"is_trial":false,"path_per_floor":["M","M","?","?","M","E","M","R","T","?","R","$","M","$","R","B",null,"M","M","?","M","T","E","M","R","T","?","M","M","$","?","R","B",null,"M","?","T","$","M","R","M","M","T","E","?","E","?","E","R","B",null,"R","$","E","B",null],"character_chosen":"IRONCLAD","items_purchased":["Fire Breathing","Shrug It Off","Body Slam","Fiend Fire","Metallicize","Blind","Finesse","Power Through","Evolve","DollysMirror"],"campfire_rested":7,"item_purchase_floors":[12,12,14,30,30,38,38,53,53,53],"current_hp_per_floor":[76,76,76,69,64,24,12,36,36,25,49,49,45,45,45,9,80,74,53,37,25,25,1,1,25,25,25,14,14,14,14,38,56,80,69,69,69,69,65,76,64,62,62,57,69,63,53,51,78,75,90,90,90,57,43],"gold":55,"neow_bonus":"BOSS_RELIC","is_daily":false,"chose_seed":false,"campfire_upgraded":0,"win_rate":0.0,"timestamp":1612595613,"path_taken":["M","M","?","?","M","E","M","R","T","?","R","$","M","?","R","BOSS","M","M","?","M","?","E","M","R","T","?","M","M","$","?","R","BOSS","M","?","?","$","M","R","M","M","T","E","?","E","?","E","R","BOSS","R","$","E","BOSS"],"items_purchased_type":["Card","Card","Card","Card","Card","Card","Card","Card","Card","Relic"],"build_version":"2020-12-22","purchased_purges":3,"victory":true,"max_hp_per_floor":[80,80,80,80,80,80,80,80,80,80,80,80,80,80,80,80,80,80,80,80,80,80,80,80,80,80,80,80,80,80,80,80,80,80,80,76,76,76,76,76,76,76,76,76,90,90,90,90,90,90,90,90,90,90,90],"card_choices":[{"not_picked":["Perfected Strike","Clash"],"picked":"Armaments","floor":1.0},{"not_picked":["Clothesline","Wild Strike"],"picked":"Burning Pact","floor":2.0},{"not_picked":["Heavy Blade","Second Wind"],"picked":"Pommel Strike","floor":5.0},{"not_picked":["Sever Soul","Wild Strike"],"picked":"Sentinel","floor":6.0},{"not_picked":["Sword Boomerang","Whirlwind"],"picked":"Metallicize","floor":7.0},{"not_picked":["Heavy Blade","Cleave","Anger"],"picked":"SKIP","floor":13.0},{"not_picked":["Immolate","Double Tap"],"picked":"Barricade","floor":16.0},{"not_picked":["Thunderclap","Warcry"],"picked":"Hemokinesis+1","floor":18.0},{"not_picked":["Thunderclap","Twin Strike"],"picked":"True Grit","floor":19.0},{"not_picked":["Flex","Warcry"],"picked":"Disarm+1","floor":21.0},{"not_picked":["Warcry","Pommel Strike"],"picked":"Evolve","floor":23.0},{"not_picked":["Clash","Havoc"],"picked":"Flex","floor":24.0},{"not_picked":["Ghostly Armor","Reckless Charge"],"picked":"Entrench","floor":25.0},{"not_picked":["Ghostly Armor","Dropkick+1"],"picked":"Shrug It Off","floor":28.0},{"not_picked":["Iron Wave","Flex"],"picked":"Armaments","floor":29.0},{"not_picked":["Demon Form","Exhume"],"picked":"Corruption","floor":33.0},{"not_picked":["Thunderclap","Hemokinesis"],"picked":"Second Wind","floor":35.0},{"not_picked":["Anger","Twin Strike+1"],"picked":"Disarm+1","floor":39.0},{"not_picked":["Clothesline+1","Pummel+1"],"picked":"Body Slam","floor":40.0},{"not_picked":["Clash+1","Headbutt+1"],"picked":"Reckless Charge","floor":41.0},{"not_picked":["Rampage","Twin Strike","Clothesline+1"],"picked":"SKIP","floor":42.0},{"not_picked":["Dropkick+1","True Grit","Perfected Strike"],"picked":"SKIP","floor":44.0},{"not_picked":["Perfected Strike+1","Reaper"],"picked":"Shockwave+1","floor":45.0},{"not_picked":["Evolve+1","Anger+1"],"picked":"Disarm","floor":46.0},{"not_picked":["Madness","Forethought"],"picked":"Deep Breath","floor":47.0},{"not_picked":["Berserk","Second Wind+1","Dropkick+1"],"picked":"SKIP","floor":48.0},{"not_picked":["Thunderclap+1","True Grit"],"picked":"Feel No Pain+1","floor":49.0},{"not_picked":["Havoc+1","Warcry"],"picked":"Metallicize+1","floor":52.0},{"not_picked":["Searing Blow","Perfected Strike"],"picked":"Sentinel+1","floor":54.0}],"player_experience":69830,"relics_obtained":[{"floor":6.0,"key":"Du-Vu Doll"},{"floor":9.0,"key":"Pantograph"},{"floor":20.0,"key":"Enchiridion"},{"floor":22.0,"key":"The Courier"},{"floor":23.0,"key":"Dream Catcher"},{"floor":26.0,"key":"Letter Opener"},{"floor":43.0,"key":"Nunchaku"},{"floor":44.0,"key":"Kunai"},{"floor":45.0,"key":"Mango"},{"floor":46.0,"key":"Boot"},{"floor":48.0,"key":"InkBottle"},{"floor":54.0,"key":"Happy Flower"}],"event_choices":[{"cards_removed":["Strike_R"],"damage_healed":0.0,"max_hp_gain":0.0,"max_hp_loss":0.0,"gold_gain":0.0,"event_name":"The Cleric","player_choice":"Card Removal","floor":3.0,"gold_loss":50.0,"damage_taken":0.0},{"damage_healed":0.0,"max_hp_gain":0.0,"max_hp_loss":0.0,"gold_gain":0.0,"event_name":"Scrap Ooze","player_choice":"Success","floor":4.0,"gold_loss":0.0,"damage_taken":7.0,"relics_obtained":["Tiny Chest"]},{"damage_healed":0.0,"max_hp_gain":0.0,"max_hp_loss":0.0,"gold_gain":75.0,"event_name":"World of Goop","player_choice":"Gather Gold","floor":10.0,"gold_loss":0.0,"damage_taken":11.0},{"damage_healed":0.0,"max_hp_gain":0.0,"max_hp_loss":0.0,"gold_gain":0.0,"event_name":"Cursed Tome","player_choice":"Obtained Book","floor":20.0,"gold_loss":0.0,"damage_taken":16.0},{"damage_healed":0.0,"max_hp_gain":0.0,"max_hp_loss":0.0,"gold_gain":0.0,"event_name":"The Library","player_choice":"Read","floor":27.0,"gold_loss":0.0,"damage_taken":0.0,"cards_obtained":["Feel No Pain"]},{"damage_healed":0.0,"max_hp_gain":0.0,"max_hp_loss":0.0,"gold_gain":99.0,"event_name":"Nest","player_choice":"Stole From Cult","floor":31.0,"gold_loss":0.0,"damage_taken":0.0},{"damage_healed":0.0,"max_hp_gain":0.0,"max_hp_loss":4.0,"gold_gain":0.0,"event_name":"Winding Halls","player_choice":"Max HP","floor":36.0,"gold_loss":0.0,"damage_taken":0.0},{"damage_healed":0.0,"max_hp_gain":0.0,"max_hp_loss":0.0,"gold_gain":0.0,"event_name":"Mysterious Sphere","player_choice":"Fight","floor":45.0,"gold_loss":0.0,"damage_taken":0.0},{"damage_healed":0.0,"max_hp_gain":0.0,"max_hp_loss":0.0,"gold_gain":0.0,"event_name":"SensoryStone","player_choice":"Memory 3","floor":47.0,"gold_loss":0.0,"damage_taken":10.0}],"is_beta":false,"boss_relics":[{"not_picked":["Runic Cube","Busted Crown"],"picked":"Snecko Eye"},{"not_picked":["Tiny House","Pandora\u0027s Box"],"picked":"Empty Cage"}],"items_purged_floors":[12,30,38],"is_endless":false,"potions_floor_spawned":[13,16,18,23,28,29,39,42,45],"ascension_level":0}}