{"host":"g4s2zlagidtu703b","time":1612655570,"event":{"mods":["BaseMod","Colored Map","Colored Powertips","Lobotomy","Minty Spire (QoL Compilation)","StSLib"],"gold_per_floor":[118,137,87,103,119,119,119,130,157,172,198,216,216,216,216,314,314,324,324,324],"floor_reached":19,"language":"ENG","playtime":1852,"items_purged":[],"score":196,"play_id":"9bf230a7-6da8-4039-aa8f-9813a78e1093","local_time":"20210206215250","is_ascension_mode":false,"campfire_choices":[{"data":"Neutralize","floor":6.0,"key":"SMITH"},{"data":"Flechettes","floor":13.0,"key":"SMITH"},{"floor":15.0,"key":"REST"}],"circlet_count":0,"master_deck":["Strike_G","Strike_G","Strike_G","Strike_G+1","Strike_G+1","Defend_G","Defend_G","Defend_G","Defend_G","Survivor+1","Neutralize+1","MeatLantern","UniverseFragment","OSAHOGD","Flechettes+1","GalaxyChild","Escape Plan","Venomology","NothingThere"],"relics":["Ring of the Snake","CogitoBucket","Bag of Preparation","SkinProphecy","Whetstone","Busted Crown"],"acts_visited":["Exordium","TheCity"],"potions_floor_usage":[19,19],"damage_taken":[{"damage":2.0,"enemies":"2 Louse","floor":1.0,"turns":5.0},{"damage":0.0,"enemies":"Cultist","floor":2.0,"turns":4.0},{"damage":0.0,"enemies":"Jaw Worm","floor":4.0,"turns":5.0},{"damage":2.0,"enemies":"Exordium Thugs","floor":5.0,"turns":6.0},{"damage":0.0,"enemies":"3 Louse","floor":8.0,"turns":5.0},{"damage":10.0,"enemies":"Large Slime","floor":10.0,"turns":7.0},{"damage":0.0,"enemies":"Gremlin Nob","floor":11.0,"turns":3.0},{"damage":0.0,"enemies":"Blue Slaver","floor":12.0,"turns":2.0},{"damage":44.0,"enemies":"Hexaghost","floor":16.0,"turns":16.0},{"damage":0.0,"enemies":"Spheric Guardian","floor":18.0,"turns":4.0},{"damage":92,"enemies":"3 Byrds","floor":19,"turns":7}],"seed_played":"-5844410844479183867","potions_obtained":[{"floor":2.0,"key":"Explosive Potion"},{"floor":5.0,"key":"AttackPotion"},{"floor":8.0,"key":"Strength Potion"},{"floor":11.0,"key":"CunningPotion"},{"floor":12.0,"key":"LiquidBronze"},{"floor":18.0,"key":"Fire Potion"}],"is_trial":false,"path_per_floor":["M","M","?","M","M","R","?","M","T","M","E","M","R","?","R","B",null,"M","M"],"character_chosen":"THE_SILENT","items_purchased":[],"campfire_rested":1,"item_purchase_floors":[],"current_hp_per_floor":[68,68,68,68,66,66,66,66,66,56,52,48,48,48,70,22,76,72,0,0],"gold":324,"neow_bonus":"","is_daily":false,"chose_seed":false,"campfire_upgraded":2,"win_rate":0.0,"timestamp":1612655570,"path_taken":["M","M","?","M","M","R","?","M","T","M","E","M","R","?","R","BOSS","M","?"],"items_purchased_type":[],"build_version":"2020-12-22","purchased_purges":0,"victory":false,"max_hp_per_floor":[70,70,70,70,70,70,70,70,70,70,72,74,74,74,74,76,76,78,82,82],"card_choices":[{"not_picked":["FieryBird","VoidDream"],"picked":"MeatLantern","floor":1.0},{"not_picked":["Masterful Stab","Quick Slash","Underhanded Strike"],"picked":"SKIP","floor":1.0},{"not_picked":["Scorched","VoidDream"],"picked":"UniverseFragment","floor":2.0},{"not_picked":["Deflect","Bane","Endless Agony"],"picked":"SKIP","floor":2.0},{"not_picked":["Cloak And Dagger","Well Laid Plans","Bane"],"picked":"SKIP","floor":4.0},{"not_picked":["Acrobatics","Deadly Poison","Outmaneuver"],"picked":"SKIP","floor":5.0},{"not_picked":["Blade Dance","Underhanded Strike","Outmaneuver"],"picked":"SKIP","floor":8.0},{"not_picked":["Laetitia","SingingMachine"],"picked":"OSAHOGD","floor":10.0},{"not_picked":["Riddle With Holes","Sucker Punch"],"picked":"Flechettes","floor":10.0},{"not_picked":["Yin","PunishingBird"],"picked":"GalaxyChild","floor":11.0},{"not_picked":["Dagger Throw","Sucker Punch"],"picked":"Escape Plan","floor":11.0},{"not_picked":["Dodge and Roll","Deadly Poison","Poisoned Stab"],"picked":"SKIP","floor":12.0},{"not_picked":["After Image","Glass Knife"],"picked":"Venomology","floor":16.0},{"not_picked":["CherryBlossoms","ShyLook"],"picked":"NothingThere","floor":18.0},{"not_picked":["Distraction"],"picked":"SKIP","floor":18.0}],"player_experience":166640,"relics_obtained":[{"floor":9.0,"key":"Bag of Preparation"},{"floor":11.0,"key":"Whetstone"}],"event_choices":[{"cards_removed":["Defend_G"],"damage_healed":0.0,"max_hp_gain":0.0,"max_hp_loss":0.0,"gold_gain":0.0,"event_name":"The Cleric","player_choice":"Card Removal","floor":3.0,"gold_loss":50.0,"damage_taken":0.0},{"damage_healed":0.0,"max_hp_gain":0.0,"max_hp_loss":0.0,"gold_gain":0.0,"event_name":"NoteForYourself","player_choice":"Ignored","floor":7.0,"gold_loss":0.0,"damage_taken":0.0},{"damage_healed":0.0,"max_hp_gain":0.0,"max_hp_loss":0.0,"gold_gain":0.0,"event_name":"Accursed Blacksmith","player_choice":"Forge","floor":14.0,"gold_loss":0.0,"damage_taken":0.0,"cards_upgraded":["Survivor"]}],"is_beta":false,"boss_relics":[{"not_picked":["WristBlade","Cursed Key"],"picked":"Busted Crown"}],"items_purged_floors":[],"is_endless":false,"potions_floor_spawned":[2,5,8,11,12,18],"killed_by":"3 Byrds","ascension_level":0}}