{"host":"buycw3k5d5tgqflx","time":1612648088,"event":{"mods":["AchievementEnabler","Aspiration","BaseMod","Better Altar","Better Match","Better Note","Better Sensory Stone","Better Skull","Better Third Choice","Downfall","Halation","Hubris","Infinite Spire","Lobotomy","Marisa????????","Minty Spire (QoL Compilation)","Quick Restart","Rare Cards Sparkle","Relic Stats","Replay The Spire","StSLib","The Runesmith","The Wild Card"],"gold_per_floor":[99,113,127,127,147,57,57,72,72,72,72,39,39,50,61,61,61,61],"floor_reached":16,"language":"ENG","playtime":1062,"items_purged":["champ:Execute+1"],"score":99,"play_id":"60699fba-6726-4e74-a800-ebbd3970ab89","local_time":"20210206164808","is_ascension_mode":true,"campfire_choices":[{"data":"champ:Execute","floor":1,"key":"SMITH"},{"data":"champ:TornadoPunch","floor":13,"key":"SMITH"}],"circlet_count":0,"master_deck":["champ:Strike","champ:Strike","champ:Defend","champ:Defend","champ:Defend","champ:Taunt","champ:SetATrap","champ:Circumvent","champ:ViciousMockery","champ:SkillfulDodge","champ:PreciseThrust","Sadistic Nature","champ:TornadoPunch+1","champ:TornadoPunch","champ:CrownThrow"],"relics":["Empty Cage","hubris:Icosahedron"],"acts_visited":["Exordium"],"potions_floor_usage":[12,14],"damage_taken":[{"damage":21,"enemies":"Cultist","floor":2,"turns":3},{"damage":18,"enemies":"Jaw Worm","floor":3,"turns":3},{"damage":20,"enemies":"Small Slimes","floor":5,"turns":4},{"damage":20,"enemies":"downfall:FleeingMerchant","floor":6,"turns":4},{"damage":1,"enemies":"2 Fungi Beasts","floor":8,"turns":6},{"damage":7,"enemies":"Large Slime","floor":12,"turns":6},{"damage":3,"enemies":"Gremlin Gang","floor":14,"turns":4},{"damage":0,"enemies":"Exordium Wildlife","floor":15,"turns":2},{"damage":77,"enemies":"IC_STATUS_ARCHETYPE","floor":16,"turns":10}],"seed_played":"-519290524547455733","potions_obtained":[{"floor":3,"key":"Venom Potion"},{"floor":11,"key":"Languid Potion"},{"floor":11,"key":"Explosive Potion"},{"floor":11,"key":"Strength Potion"},{"floor":15,"key":"LiquidMemories"}],"is_trial":false,"path_per_floor":["R","M","M","?","M","$","T","M","?","?","?","M","R","M","M","B"],"character_chosen":"THE_CHAMP","items_purchased":[],"campfire_rested":0,"item_purchase_floors":[],"current_hp_per_floor":[90,89,81,81,81,81,81,80,80,80,80,73,73,70,70,0,0,0],"gold":61,"neow_bonus":"BOSS_RELIC","is_daily":false,"chose_seed":false,"campfire_upgraded":2,"win_rate":0.0,"timestamp":1612648088,"path_taken":["R","M","M","?","M","$","T","M","?","?","?","M","R","M","M","BOSS"],"items_purchased_type":[],"build_version":"2020-12-22","purchased_purges":1,"victory":false,"max_hp_per_floor":[90,90,90,90,90,90,90,90,90,90,90,90,90,90,90,90,90,90],"relic_stats":{"counters":[9,42],"obtain_stats":[{"Replay:Baseball":7,"hubris:Icosahedron":9,"champ:ChampionCrown":0,"Empty Cage":0},{"Replay:Baseball":4,"hubris:Icosahedron":5,"champ:ChampionCrown":0,"Empty Cage":0},{"Replay:Baseball":14,"hubris:Icosahedron":20,"champ:ChampionCrown":0,"Empty Cage":0}]},"card_choices":[{"not_picked":["champ:RisingSlash","champ:Endure"],"picked":"champ:SetATrap","floor":2},{"not_picked":["champ:BringItOn","champ:Backstep"],"picked":"champ:Circumvent","floor":3},{"not_picked":["champ:PreciseThrust","champ:Backstep"],"picked":"champ:ViciousMockery","floor":5},{"not_picked":["champ:Encircle","champ:BerserkersShout"],"picked":"champ:SkillfulDodge","floor":6},{"not_picked":["champ:FaceSlap","champ:Shatter"],"picked":"champ:PreciseThrust","floor":8},{"not_picked":["Replay:Sssssssssstrike","Magnetism"],"picked":"Sadistic Nature","floor":10},{"not_picked":["champ:PreciseThrust","champ:Endure"],"picked":"champ:TornadoPunch","floor":12},{"not_picked":["champ:FaceSlap","champ:DefensiveShout"],"picked":"champ:TornadoPunch","floor":14},{"not_picked":["champ:BerserkersShout","champ:Endure"],"picked":"champ:CrownThrow","floor":15}],"player_experience":213739,"relics_obtained":[{"floor":7,"key":"Replay:Baseball"}],"event_choices":[{"damage_healed":0,"gold_gain":1,"player_choice":"1","damage_taken":0,"max_hp_gain":0,"max_hp_loss":0,"event_name":"betterStone:BetterStone","floor":10,"gold_loss":0}],"is_beta":false,"boss_relics":[],"items_purged_floors":[6],"is_endless":false,"potions_floor_spawned":[3,15],"killed_by":"IC_STATUS_ARCHETYPE","ascension_level":1}}