{"host":"81h68oe4mr04pk3r","time":1612605147,"event":{"mods":["Act Like it!","Aspiration","BaseMod","BetterRewards","Colored Map","Colored Powertips","Conspire","Downfall","Gensokyo","Hallownest","Hermit","Hubris","Infinite Spire","Jorbs\u0027s Wanderer Trilogy","Koishi","Lobotomy","LobotomyExtend","Marisa????????","Minty Spire (QoL Compilation)","Quick Restart","Reimu??????","Remilia??????","StSLib","The Bug Knight","The Construct","The Cursed","The Disciple","The Servant 0.9.4"],"gold_per_floor":[115,115,42,42,61,61,61,61,112,112,143,155,180,196,196,293,293,310,320,52,52,72,72,72],"floor_reached":23,"language":"ENG","playtime":1240,"items_purged":[],"score":224,"play_id":"c313cdaa-5674-44f9-8685-dc8abb9584df","local_time":"20210206015227","is_ascension_mode":false,"campfire_choices":[{"floor":6,"key":"REST"},{"data":"HollowMod:FocusHealStart","floor":8,"key":"SMITH"},{"data":"HollowMod:DesolateDive","floor":10,"key":"SMITH"},{"data":"HollowMod:SoulSplash","floor":15,"key":"SMITH"}],"circlet_count":0,"master_deck":["HollowMod:NailStrikeStart","HollowMod:NailStrikeStart","HollowMod:NailStrikeStart","HollowMod:QuickDashStart","HollowMod:QuickDashStart","HollowMod:QuickDashStart","HollowMod:QuickDashStart","HollowMod:FocusHealStart+1","HollowMod:PogoStrike","HollowMod:QuirrelsAssistance","HollowMod:DesolateDive+1","HollowMod:SoulSplash+1","HollowMod:SiblingsSouls","HollowMod:InfectedCysts","hubris:DuctTapeCard","HollowMod:SoulEater","HollowMod:PerfectDash","HollowMod:ElderbugsWisdom","HollowMod:DashSlash+1","HollowMod:DashSlash","Gensokyo:BlemishedSteel","Gensokyo:DepletedGenerator","Gensokyo:Shovel","Gensokyo:ScrapIron","Gensokyo:MedicineKit","HollowMod:ChannelNail"],"relics":["HollowMod:VesselMask","LetterFromLob","Vajra","aspiration:ChemicalBlood","Orichalcum","conspire:TopHat","hubris:DuctTape","conspire:SlowCooker"],"acts_visited":["Gensokyo:Gensokyo","Gensokyo:Gensokyoer"],"potions_floor_usage":[11,13,16,16,16,18,22],"damage_taken":[{"damage":4,"enemies":"Gensokyo:Python","floor":1,"turns":3},{"damage":0,"enemies":"Gensokyo:3_Fairies","floor":5,"turns":2},{"damage":0,"enemies":"Gensokyo:Aya","floor":11,"turns":4},{"damage":4,"enemies":"Gensokyo:2_Kodama","floor":12,"turns":2},{"damage":11,"enemies":"Gensokyo:Mamizou","floor":13,"turns":8},{"damage":7,"enemies":"Gensokyo:2_Rabbits","floor":14,"turns":3},{"damage":43,"enemies":"Gensokyo:Yukari","floor":16,"turns":14},{"damage":21,"enemies":"Gensokyo:CosmicMonolith","floor":18,"turns":5},{"damage":23,"enemies":"Gensokyo:3_Dogs","floor":19,"turns":4},{"damage":36,"enemies":"Gensokyo:3_Gloops","floor":22,"turns":5},{"damage":0,"enemies":"Gensokyo:Mirror_and_Dog","floor":23,"turns":1}],"seed_played":"-4017723062768796210","potions_obtained":[{"floor":5,"key":"Block Potion"},{"floor":11,"key":"SpeedPotion"},{"floor":12,"key":"Explosive Potion"},{"floor":16,"key":"BlessingOfTheForge"},{"floor":18,"key":"Dexterity Potion"}],"is_trial":false,"path_per_floor":["M","$","$","?","M","R","?","R","T","R","E","M","E","M","R","B",null,"M","M","COS","?","M","M"],"character_chosen":"THE_BUGKNIGHT","items_purchased":["Vajra","aspiration:ChemicalBlood","HollowMod:SoulSplash","HollowMod:CycloneSlash"],"campfire_rested":1,"item_purchase_floors":[2,2,3,3],"current_hp_per_floor":[71,51,51,59,59,75,75,75,75,75,75,71,66,59,59,26,75,54,31,31,39,13,13,13],"gold":72,"neow_bonus":"TRANSFORM_CARD","is_daily":false,"chose_seed":false,"campfire_upgraded":3,"win_rate":0.0,"timestamp":1612605147,"path_taken":["M","?","$","?","?","R","?","R","T","R","E","M","E","?","R","BOSS","M","M","COS","?","?","M"],"items_purchased_type":["Relic","Relic","Card","Card"],"build_version":"2020-12-22","purchased_purges":0,"victory":false,"max_hp_per_floor":[75,75,75,75,75,75,75,75,75,75,75,75,75,75,75,75,75,75,75,75,75,75,75,75],"card_choices":[{"not_picked":["HollowMod:WraithStrike","HollowMod:SoulShaman"],"picked":"HollowMod:DesolateDive","floor":1},{"not_picked":["HollowMod:DreamGate","HollowMod:ChannelNail"],"picked":"HollowMod:SiblingsSouls","floor":5},{"not_picked":["HollowMod:InfectedAttack","HollowMod:InfectionAssault"],"picked":"HollowMod:InfectedCysts","floor":11},{"not_picked":["HollowMod:HuntersJournal","HollowMod:QuirrelsAssistance"],"picked":"HollowMod:SoulStrike","floor":12},{"not_picked":["HollowMod:FastStrike","HollowMod:SoulVessel"],"picked":"HollowMod:SoulEater","floor":13},{"not_picked":["HollowMod:FallenFury","HollowMod:NewLittleFool"],"picked":"HollowMod:PerfectDash","floor":14},{"not_picked":["HollowMod:NewInfectedGuardian","HollowMod:MidwifesHunger"],"picked":"HollowMod:ElderbugsWisdom","floor":16},{"not_picked":["HollowMod:FallenFury","HollowMod:CloakDash+1"],"picked":"HollowMod:DashSlash+1","floor":18},{"not_picked":["HollowMod:CornifersMapStart+1","HollowMod:NewLittleFool"],"picked":"HollowMod:DashSlash","floor":19},{"not_picked":["HollowMod:NewInfectedGuardian","HollowMod:SharpenedShadows"],"picked":"HollowMod:ChannelNail","floor":22}],"player_experience":223549,"relics_obtained":[{"floor":1,"key":"LetterFromLob"},{"floor":9,"key":"Orichalcum"},{"floor":11,"key":"conspire:TopHat"},{"floor":13,"key":"hubris:DuctTape"}],"event_choices":[],"is_beta":false,"boss_relics":[{"not_picked":["conspire:RoyalGoblet","aspiration:MarisaSkillbook"],"picked":"conspire:SlowCooker"}],"items_purged_floors":[],"is_endless":false,"potions_floor_spawned":[5,11,12,16,18,19],"killed_by":"Gensokyo:Mirror_and_Dog","ascension_level":0}}