{"host":"1u4zr9vl8my47i07","time":1612592472,"event":{"mods":["AchievementEnabler","BaseMod","Colored Map","Highlight Path","Keyboard Shortcuts","Minty Spire (QoL Compilation)","StSLib","SuperFastMode","Uncapped","Waifu the Spire","everything is the same but u backflip on backflip"],"gold_per_floor":[114,114,124,124,144,144,178,178,178,189,189,199,199,139,139,216,216,227,256,114,114,48,81,81,81,81,98,112,130,140,140,140,217,217,230,452,452,472,37,37,70,70,116,141,161,161,61,139,139,139,139,139,6,41,41,41],"floor_reached":55,"language":"KOR","playtime":2328,"items_purged":["Strike_R","Strike_R","Strike_R"],"score":1339,"play_id":"6b0439ab-32c4-4ca6-bd28-06fffe632ba8","local_time":"20210206152112","is_ascension_mode":true,"campfire_choices":[{"data":"Pommel Strike","floor":6.0,"key":"SMITH"},{"floor":11.0,"key":"REST"},{"data":"Shockwave","floor":13.0,"key":"SMITH"},{"data":"Blood for Blood","floor":15.0,"key":"SMITH"},{"floor":24.0,"key":"REST"},{"floor":32.0,"key":"RECALL"},{"floor":40,"key":"REST"},{"floor":42,"key":"REST"},{"floor":46,"key":"REST"},{"floor":49,"key":"REST"},{"floor":52,"key":"REST"}],"circlet_count":0,"master_deck":["AscendersBane","Defend_R","Defend_R","Defend_R","Defend_R","Bash","Shockwave+1","Feel No Pain","Pommel Strike+1","Blood for Blood+1","Carnage","Fire Breathing","Impervious","Power Through","Evolve","Shrug It Off","Second Wind","Finesse","PanicButton","Sentinel+1"],"relics":["Burning Blood","The Courier","Incense Burner","Pear","Fusion Hammer","Red Mask","Bottled Tornado","Meat on the Bone","SacredBark","TungstenRod","Lee\u0027s Waffle","Question Card","Toy Ornithopter","Bird Faced Urn","Eternal Feather"],"acts_visited":["Exordium","TheCity","TheBeyond","TheEnding"],"potions_floor_usage":[38,50,50,54,54,54],"damage_taken":[{"damage":15.0,"enemies":"Jaw Worm","floor":1.0,"turns":5.0},{"damage":7.0,"enemies":"Small Slimes","floor":3.0,"turns":4.0},{"damage":1.0,"enemies":"Cultist","floor":5.0,"turns":3.0},{"damage":43.0,"enemies":"Gremlin Nob","floor":7.0,"turns":5.0},{"damage":9.0,"enemies":"Looter","floor":10.0,"turns":3.0},{"damage":1.0,"enemies":"Exordium Thugs","floor":12.0,"turns":4.0},{"damage":29.0,"enemies":"Hexaghost","floor":16.0,"turns":8.0},{"damage":2.0,"enemies":"3 Byrds","floor":18.0,"turns":6.0},{"damage":19.0,"enemies":"Masked Bandits","floor":19.0,"turns":5.0},{"damage":8.0,"enemies":"Gremlin Leader","floor":23.0,"turns":10.0},{"damage":29.0,"enemies":"2 Thieves","floor":27.0,"turns":4.0},{"damage":0.0,"enemies":"Sentry and Sphere","floor":28.0,"turns":5.0},{"damage":19.0,"enemies":"Shelled Parasite and Fungi","floor":29.0,"turns":6.0},{"damage":13.0,"enemies":"Snecko","floor":30.0,"turns":4.0},{"damage":54.0,"enemies":"Champ","floor":33.0,"turns":13.0},{"damage":32,"enemies":"3 Shapes","floor":35,"turns":4},{"damage":42,"enemies":"3 Darklings","floor":38,"turns":8},{"damage":34,"enemies":"Nemesis","floor":41,"turns":11},{"damage":0,"enemies":"Mind Bloom Boss Battle","floor":44,"turns":6},{"damage":2,"enemies":"Maw","floor":45,"turns":12},{"damage":93,"enemies":"Donu and Deca","floor":50,"turns":14},{"damage":92,"enemies":"Shield and Spear","floor":54,"turns":12},{"damage":122,"enemies":"The Heart","floor":55,"turns":8}],"seed_played":"7705554160755119288","potions_obtained":[{"floor":5.0,"key":"Energy Potion"},{"floor":12.0,"key":"ColorlessPotion"},{"floor":16.0,"key":"Weak Potion"},{"floor":19.0,"key":"SneckoOil"},{"floor":27.0,"key":"Energy Potion"},{"floor":33.0,"key":"SkillPotion"},{"floor":45,"key":"Fire Potion"}],"is_trial":false,"path_per_floor":["M","?","M","?","M","R","E","?","T","M","R","M","R","$","R","B",null,"M","?","$","?","$","E","R","?","T","M","M","M","M","?","R","B",null,"M","?","?","M","$","R","E","R","T","?","M","R","$","T","R","B",null,"R","$","E","B"],"character_chosen":"IRONCLAD","items_purchased":["Evolve","Fiend Fire","TungstenRod","Lee\u0027s Waffle","Explosive Potion","EntropicBrew","Swift Potion"],"campfire_rested":7,"item_purchase_floors":[20,22,39,39,39,53,53],"current_hp_per_floor":[59,41,40,40,45,45,8,8,18,15,38,43,43,43,43,20,64,68,55,55,55,55,53,76,76,76,53,59,46,51,88,88,52,79,53,53,48,24,95,95,67,95,95,95,95,95,95,95,95,30,79,95,95,38,0,0],"gold":41,"neow_bonus":"TRANSFORM_TWO_CARDS","is_daily":false,"chose_seed":false,"campfire_upgraded":3,"win_rate":0.0,"timestamp":1612592472,"path_taken":["M","?","M","?","M","R","E","?","T","?","R","M","R","?","R","BOSS","M","?","?","?","?","E","R","?","T","M","M","?","M","?","R","BOSS","M","?","?","M","?","R","E","R","T","?","M","R","$","?","R","BOSS","R","$","E","BOSS"],"items_purchased_type":["Card","Card","Relic","Relic","Potion","Potion","Potion"],"build_version":"2020-12-22","purchased_purges":3,"victory":false,"max_hp_per_floor":[68,68,68,68,68,68,68,68,78,78,78,78,78,78,78,78,78,78,78,78,78,78,78,78,78,78,78,78,78,78,88,88,88,88,88,88,88,88,95,95,95,95,95,95,95,95,95,95,95,95,95,95,95,95,95,95],"card_choices":[{"not_picked":["Iron Wave","Reckless Charge"],"picked":"Pommel Strike","floor":1.0},{"not_picked":["Heavy Blade","Twin Strike","Pummel"],"picked":"SKIP","floor":3.0},{"not_picked":["Heavy Blade","Rupture","Whirlwind"],"picked":"SKIP","floor":5.0},{"not_picked":["Body Slam","Iron Wave"],"picked":"Blood for Blood","floor":7.0},{"not_picked":["Iron Wave","Infernal Blade"],"picked":"Carnage","floor":10.0},{"not_picked":["Berserk","Heavy Blade"],"picked":"Fire Breathing","floor":12.0},{"not_picked":["Limit Break","Juggernaut"],"picked":"Impervious","floor":16.0},{"not_picked":["Searing Blow","Metallicize+1","Havoc"],"picked":"SKIP","floor":18.0},{"not_picked":["Dual Wield","Flex"],"picked":"Power Through","floor":19.0},{"not_picked":["Metallicize","Feed","True Grit"],"picked":"SKIP","floor":23.0},{"not_picked":["Uppercut","Reckless Charge","Ghostly Armor"],"picked":"SKIP","floor":27.0},{"not_picked":["Intimidate","Seeing Red"],"picked":"Second Wind","floor":28.0},{"not_picked":["Headbutt+1","Feel No Pain","Thunderclap"],"picked":"SKIP","floor":29.0},{"not_picked":["Intimidate","Wild Strike","Perfected Strike"],"picked":"SKIP","floor":30.0},{"not_picked":["Pommel Strike","Clothesline+1","Flex"],"picked":"SKIP","floor":35},{"not_picked":["Purity","Flash of Steel"],"picked":"Finesse","floor":37},{"not_picked":["Blind","Swift Strike"],"picked":"PanicButton","floor":37},{"not_picked":["Ghostly Armor+1","Rampage+1"],"picked":"Sentinel+1","floor":38},{"not_picked":["Anger+1","Combust+1","Heavy Blade+1"],"picked":"SKIP","floor":41},{"not_picked":["Warcry","True Grit+1","Heavy Blade","Sword Boomerang"],"picked":"SKIP","floor":45},{"not_picked":["Intimidate","Evolve","Whirlwind","Bloodletting"],"picked":"SKIP","floor":54}],"player_experience":360376,"relics_obtained":[{"floor":7.0,"key":"Incense Burner"},{"floor":9.0,"key":"Pear"},{"floor":19.0,"key":"Red Mask"},{"floor":23.0,"key":"Bottled Tornado"},{"floor":26.0,"key":"Meat on the Bone"},{"floor":41,"key":"Question Card"},{"floor":43,"key":"Toy Ornithopter"},{"floor":44,"key":"Bird Faced Urn"},{"floor":54,"key":"Eternal Feather"}],"event_choices":[{"damage_healed":0.0,"max_hp_gain":0.0,"max_hp_loss":0.0,"gold_gain":0.0,"event_name":"Scrap Ooze","player_choice":"Success","floor":2.0,"gold_loss":0.0,"damage_taken":18.0,"relics_obtained":["The Courier"]},{"damage_healed":0.0,"max_hp_gain":0.0,"max_hp_loss":0.0,"gold_gain":0.0,"event_name":"Liars Game","player_choice":"Ignored","floor":4.0,"gold_loss":0.0,"damage_taken":0.0},{"damage_healed":0.0,"max_hp_gain":0.0,"max_hp_loss":0.0,"gold_gain":0.0,"event_name":"Dead Adventurer","player_choice":"Searched \u00270\u0027 times","floor":8.0,"gold_loss":0.0,"damage_taken":0.0},{"damage_healed":0.0,"max_hp_gain":0.0,"max_hp_loss":0.0,"gold_gain":0.0,"event_name":"Masked Bandits","player_choice":"Fought Bandits","floor":19.0,"gold_loss":0.0,"damage_taken":0.0},{"damage_healed":0.0,"max_hp_gain":0.0,"max_hp_loss":0.0,"gold_gain":0.0,"event_name":"The Library","player_choice":"Read","floor":21.0,"gold_loss":0.0,"damage_taken":0.0,"cards_obtained":["Shrug It Off"]},{"damage_healed":0.0,"max_hp_gain":0.0,"max_hp_loss":0.0,"gold_gain":0.0,"event_name":"Vampires","player_choice":"Ignored","floor":25.0,"gold_loss":0.0,"damage_taken":0.0},{"cards_removed":["Fiend Fire"],"damage_healed":27.0,"max_hp_gain":10.0,"max_hp_loss":0.0,"gold_gain":0.0,"event_name":"Bonfire Elementals","player_choice":"Offered Rare","floor":31.0,"gold_loss":0.0,"damage_taken":0.0},{"damage_healed":0,"gold_gain":222,"player_choice":"Wore Mask","damage_taken":0,"max_hp_gain":0,"max_hp_loss":0,"event_name":"Tomb of Lord Red Mask","floor":36,"gold_loss":0},{"damage_healed":0,"gold_gain":0,"player_choice":"Memory 2","damage_taken":5,"max_hp_gain":0,"max_hp_loss":0,"event_name":"SensoryStone","floor":37,"gold_loss":0},{"damage_healed":0,"gold_gain":0,"player_choice":"Fight","damage_taken":0,"max_hp_gain":0,"max_hp_loss":0,"event_name":"MindBloom","floor":44,"gold_loss":0}],"is_beta":false,"boss_relics":[{"not_picked":["Black Star","Velvet Choker"],"picked":"Fusion Hammer"},{"not_picked":["Black Blood","Astrolabe"],"picked":"SacredBark"}],"items_purged_floors":[14,20,47],"is_endless":false,"potions_floor_spawned":[5,12,16,19,27,29,33,45],"killed_by":"The Heart","ascension_level":19}}