{"host":"t8hqdz2qn09y00vh","time":1612579234,"event":{"mods":["AchievementEnabler","BaseMod","Colored Map","Colored Powertips","Highlight Path","Infinite Spire","Minty Spire (QoL Compilation)","Quick Restart","Replay The Spire","StSLib"],"gold_per_floor":[111,111,111,111,111,127,147,147,173,173,196,224,224,35,35,49,49,151,151,91,91],"floor_reached":20,"language":"ENG","playtime":1167,"items_purged":[],"score":205,"play_id":"71de96ed-865f-417b-8fb3-dd6457cda26d","local_time":"20210205214034","is_ascension_mode":true,"campfire_choices":[{"data":"Creative AI","floor":8.0,"key":"SMITH"},{"data":"Fusion","floor":10.0,"key":"SMITH"},{"floor":13.0,"key":"REST"},{"floor":17,"key":"REST"}],"circlet_count":0,"master_deck":["Zap","Dualcast","Creative AI+1","Decay","Beam Cell","Static Discharge","Fusion+1","Sweeping Beam","Coolheaded+1","Pot Of Greed","Pot Of Greed","Regret","Hologram","ReplayTheSpireMod:Fabricate Wheel","Mirror Shield","Sunder","Crystallizer","Echo Form","Steam Power","Crystallizer","Darkness","Leap","Pot Of Greed"],"relics":["Cracked Core","NeowsBlessing","infinitespire:Beetle Shell","ReplayFunnel","Juzu Bracelet","Grinning Jar","Replay:Rubber Ducky","Pandora\u0027s Box"],"acts_visited":["Exordium","TheCity"],"potions_floor_usage":[],"damage_taken":[{"damage":0.0,"enemies":"2 Louse","floor":1.0,"turns":1.0},{"damage":0.0,"enemies":"Small Slimes","floor":6.0,"turns":1.0},{"damage":0.0,"enemies":"Cultist","floor":7.0,"turns":1.0},{"damage":27.0,"enemies":"3 Sentries","floor":9.0,"turns":6.0},{"damage":32.0,"enemies":"Lagavulin","floor":12.0,"turns":8.0},{"damage":28,"enemies":"Large Slime","floor":16,"turns":4},{"damage":24,"enemies":"Hexaghost","floor":18,"turns":11},{"damage":30,"enemies":"2 Thieves","floor":20,"turns":3}],"seed_played":"-1104907403915430109","potions_obtained":[{"floor":1.0,"key":"LifebloodPotion"},{"floor":7.0,"key":"SkillPotion"},{"floor":12.0,"key":"Doom Potion"}],"is_trial":false,"path_per_floor":["M","?","?","PTL","PTL","M","M","R","E","R","T","E","R","$","?","M","R","B",null,"M"],"character_chosen":"DEFECT","items_purchased":["Coolheaded+1","Grinning Jar"],"campfire_rested":2,"item_purchase_floors":[14,14],"current_hp_per_floor":[75,75,75,75,75,75,75,75,48,48,48,16,38,38,38,10,32,8,75,45,45],"gold":91,"neow_bonus":"THREE_ENEMY_KILL","is_daily":false,"chose_seed":false,"campfire_upgraded":2,"win_rate":0.0,"timestamp":1612579234,"path_taken":["M","?","?","PTL","PTL","M","M","R","E","R","T","E","R","$","?","M","R","BOSS","M"],"items_purchased_type":["Card","Relic"],"build_version":"2020-12-22","purchased_purges":0,"victory":false,"max_hp_per_floor":[75,75,75,75,75,75,75,75,75,75,75,75,75,75,75,75,75,75,75,75,75],"card_choices":[{"not_picked":["Sweeping Beam","Stack"],"picked":"BasicCrystalCard","floor":1.0},{"not_picked":["Streamline","Leap"],"picked":"Beam Cell","floor":6.0},{"not_picked":["Go for the Eyes","Coolheaded"],"picked":"Static Discharge","floor":7.0},{"not_picked":["Loop","Compile Driver"],"picked":"Fusion","floor":9.0},{"not_picked":["FTL","Compile Driver"],"picked":"Sweeping Beam","floor":12.0},{"not_picked":["BootSequence","Recycle"],"picked":"Hologram","floor":16},{"not_picked":["Hyperbeam","Fission"],"picked":"ReplayTheSpireMod:Fabricate Wheel","floor":18}],"player_experience":256002,"relics_obtained":[{"floor":9.0,"key":"infinitespire:Beetle Shell"},{"floor":11.0,"key":"ReplayFunnel"},{"floor":12.0,"key":"Juzu Bracelet"}],"event_choices":[{"damage_healed":0.0,"max_hp_gain":0.0,"max_hp_loss":0.0,"gold_gain":0.0,"cards_transformed":["BasicCrystalCard"],"event_name":"Living Wall","player_choice":"Change","floor":2.0,"gold_loss":0.0,"damage_taken":0.0,"cards_obtained":["Creative AI"]},{"damage_healed":0.0,"max_hp_gain":0.0,"max_hp_loss":0.0,"gold_gain":0.0,"event_name":"Wheel of Change","player_choice":"Cursed","floor":3.0,"gold_loss":0.0,"damage_taken":0.0,"cards_obtained":["Decay"]},{"damage_healed":0.0,"max_hp_gain":0.0,"max_hp_loss":0.0,"gold_gain":0.0,"event_name":"Big Fish","player_choice":"Box","floor":15.0,"gold_loss":0.0,"damage_taken":0.0,"relics_obtained":["Replay:Rubber Ducky"],"cards_obtained":["Regret"]}],"is_beta":false,"boss_relics":[{"not_picked":["Runic Dome","Replay:Drink Me"],"picked":"Pandora\u0027s Box"}],"items_purged_floors":[],"is_endless":false,"potions_floor_spawned":[1,7,12],"killed_by":"2 Thieves","ascension_level":3}}