{"host":"p8f0otjoacyb9giz","time":1612653875,"event":{"mods":["AchievementEnabler","BaseMod","Downfall","Minty Spire (QoL Compilation)","StSLib"],"gold_per_floor":[99,119,180,180,195,206,206,217,217,17,33,66,66,91,102,202,202,102,116,127,127,127,37,60,78,92,109,137,137,137,164,179,275,275,275,286,300,300,313,348,348,402,414,429,429,449,449,478,491,491,491,520,84,84,84,84,84,84],"floor_reached":56,"language":"ENG","playtime":3866,"items_purged":["Pride","sneckomod:Strike"],"score":1092,"play_id":"99b61516-f088-4c76-b6d6-009355d0b109","local_time":"20210207022435","is_ascension_mode":true,"campfire_choices":[{"floor":1,"key":"RECALL"},{"floor":10,"key":"REST"},{"floor":13,"key":"REST"},{"data":"sneckomod:Nope","floor":18,"key":"SMITH"},{"data":"sneckomod:CheapStock","floor":29,"key":"SMITH"},{"floor":35,"key":"REST"},{"floor":45,"key":"REST"},{"floor":47,"key":"REST"},{"floor":54,"key":"REST"}],"circlet_count":0,"master_deck":["sneckomod:Strike","sneckomod:Defend","sneckomod:Defend","sneckomod:Defend","sneckomod:TailWhip","sneckomod:SnekBite","sneckomod:Unknown","sneckomod:Unknown","sneckomod:RainOfDice","sneckomod:QuickBite","sneckomod:SlitherStrike","sneckomod:UnknownStrength","sneckomod:ImprovisedGuard","sneckomod:Nope+1","sneckomod:UnknownDexterity+1","sneckomod:Unknown3Cost+1","sneckomod:CheapStock+1","Ghostly","Ghostly","Ghostly","Ghostly","Ghostly","sneckomod:SerpentMind","sneckomod:WideSting+1","sneckomod:ImprovisedGuard","Fasting2+1","sneckomod:UnknownUncommonPower+1","sneckomod:RainOfDice+1","sneckomod:IronFang","sneckomod:UnknownRareAttack+1","sneckomod:SlitherStrike+1","sneckomod:RainOfDice+1"],"relics":["Black Star","Torii","Calipers","downfall:HeartBlessingBlue","downfall:HeartBlessingRed","sneckomod:UnknownEgg","Mummified Hand","Darkstone Periapt","Blue Candle","Velvet Choker","downfall:HeartBlessingGreen","Thread and Needle","Art of War","sneckomod:LoadedDie","Mango","Enchiridion","Omamori","Nunchaku","Fusion Hammer","Juzu Bracelet","Question Card","Ornamental Fan","The Courier","Letter Opener","champ:DuelingGlove","Akabeko","Kunai","Guardian:BottledAnomaly","Bag of Preparation"],"acts_visited":["Exordium","TheCity","TheBeyond","TheEnding"],"potions_floor_usage":[3,12,16,28,31,40,56,56],"damage_taken":[{"damage":9,"enemies":"Small Slimes","floor":2,"turns":4},{"damage":54,"enemies":"Gremlin Nob","floor":3,"turns":7},{"damage":6,"enemies":"Jaw Worm","floor":5,"turns":4},{"damage":7,"enemies":"Cultist","floor":6,"turns":4},{"damage":10,"enemies":"3 Louse","floor":8,"turns":4},{"damage":0,"enemies":"Large Slime","floor":11,"turns":2},{"damage":31,"enemies":"3 Sentries","floor":12,"turns":5},{"damage":1,"enemies":"Gremlin Nob","floor":14,"turns":4},{"damage":12,"enemies":"Exordium Wildlife","floor":15,"turns":2},{"damage":34,"enemies":"DF_ARCHETYPE_STREAMLINE","floor":16,"turns":12},{"damage":1,"enemies":"Shell Parasite","floor":19,"turns":7},{"damage":9,"enemies":"3 Byrds","floor":20,"turns":4},{"damage":2,"enemies":"downfall:FleeingMerchant","floor":23,"turns":5},{"damage":0,"enemies":"Snake Plant","floor":25,"turns":4},{"damage":0,"enemies":"3 Cultists","floor":26,"turns":5},{"damage":0,"enemies":"Sentry and Sphere","floor":27,"turns":6},{"damage":16,"enemies":"Book of Stabbing","floor":28,"turns":7},{"damage":0,"enemies":"Slavers","floor":31,"turns":6},{"damage":0,"enemies":"Snecko","floor":32,"turns":5},{"damage":1,"enemies":"IC_MUSHROOM_ARCHETYPE","floor":33,"turns":8},{"damage":0,"enemies":"3 Darklings","floor":36,"turns":6},{"damage":8,"enemies":"Orb Walker","floor":37,"turns":5},{"damage":1,"enemies":"Transient","floor":39,"turns":6},{"damage":17,"enemies":"Nemesis","floor":40,"turns":11},{"damage":0,"enemies":"downfall:FleeingMerchant","floor":42,"turns":7},{"damage":0,"enemies":"Jaw Worm Horde","floor":43,"turns":4},{"damage":0,"enemies":"Sphere and 2 Shapes","floor":44,"turns":5},{"damage":19,"enemies":"3 Darklings","floor":46,"turns":5},{"damage":0,"enemies":"Giant Head","floor":48,"turns":8},{"damage":1,"enemies":"Transient","floor":49,"turns":5},{"damage":0,"enemies":"SI_POISON_ARCHETYPE","floor":50,"turns":8},{"damage":23,"enemies":"downfall:CharBossMerchant","floor":52,"turns":9},{"damage":3,"enemies":"downfall:NeowBoss","floor":55,"turns":12},{"damage":74,"enemies":"downfall:NeowBossFinal","floor":56,"turns":11}],"seed_played":"5001030188704246141","potions_obtained":[{"floor":2,"key":"AttackPotion"},{"floor":11,"key":"sneckomod:CheatPotion"},{"floor":12,"key":"Energy Potion"},{"floor":14,"key":"Regen Potion"},{"floor":16,"key":"Explosive Potion"},{"floor":25,"key":"ColorlessPotion"},{"floor":28,"key":"LiquidBronze"},{"floor":32,"key":"Fire Potion"},{"floor":44,"key":"Ancient Potion"}],"is_trial":false,"path_per_floor":["R","M","?","T","M","M","T","M","?","R","M","E","R","E","M","B",null,"R","M","M","?","?","$","T","M","M","M","E","R","?","E","M","B",null,"R","M","M","?","M","E","T","$","M","M","R","M","R","E","M","B",null,"E","$","R","B","B"],"character_chosen":"THE_SNECKO","items_purchased":["sneckomod:UnknownRareAttack+1","Kunai","Guardian:BottledAnomaly","Bag of Preparation"],"campfire_rested":6,"item_purchase_floors":[42,53,53,53],"current_hp_per_floor":[90,81,27,27,21,14,14,4,4,44,44,13,43,42,30,11,100,100,99,90,96,53,51,51,51,51,51,59,59,43,43,43,42,67,67,67,59,59,63,46,46,46,46,46,66,47,67,67,66,66,67,44,44,64,61,0,0,0],"gold":84,"neow_bonus":"BOSS_RELIC","is_daily":false,"chose_seed":false,"campfire_upgraded":2,"win_rate":0.0,"timestamp":1612653875,"path_taken":["R","M","?","?","M","?","T","M","?","R","M","E","R","E","M","BOSS","R","M","M","?","?","?","T","M","M","?","E","R","?","E","M","BOSS","R","M","M","?","?","E","T","$","M","M","R","M","R","E","M","BOSS","E","$","R","BOSS","BOSS"],"items_purchased_type":["Card","Relic","Relic","Relic"],"build_version":"2020-12-22","purchased_purges":2,"victory":false,"max_hp_per_floor":[90,90,90,90,90,90,90,90,90,100,100,100,100,100,100,100,100,100,100,100,106,53,53,53,53,53,53,67,67,67,67,67,67,67,67,67,67,67,67,67,67,67,67,67,67,67,67,67,67,67,67,67,67,67,67,67,67,67],"card_choices":[{"not_picked":["sneckomod:DiceBlock","sneckomod:SnakeSap","sneckomod:DiceCrush"],"picked":"SKIP","floor":2},{"not_picked":["sneckomod:UnknownDraw","sneckomod:QuickBite"],"picked":"sneckomod:RainOfDice","floor":5},{"not_picked":["sneckomod:CheapStock","sneckomod:WideSting"],"picked":"sneckomod:QuickBite","floor":6},{"not_picked":["sneckomod:Rotation","sneckomod:UnknownRareSkill"],"picked":"sneckomod:SlitherStrike","floor":8},{"not_picked":["sneckomod:QuickMove","sneckomod:Rotation"],"picked":"sneckomod:UnknownStrength","floor":11},{"not_picked":["sneckomod:UnknownUncommonPower+1","sneckomod:DiceCrush"],"picked":"sneckomod:ImprovisedGuard","floor":12},{"not_picked":["sneckomod:SoulDraw","sneckomod:Unknown2Cost+1"],"picked":"sneckomod:Nope","floor":14},{"not_picked":["sneckomod:TrashToTreasure","sneckomod:UnknownCommonAttack+1"],"picked":"sneckomod:UnknownDexterity+1","floor":15},{"not_picked":["sneckomod:UnknownRareAttack+1","sneckomod:SoulExchange"],"picked":"sneckomod:Unknown3Cost+1","floor":16},{"not_picked":["sneckomod:DiceBlock","sneckomod:Nope","sneckomod:UnknownClassGUARDIAN+1"],"picked":"SKIP","floor":19},{"not_picked":["sneckomod:PureSnecko","sneckomod:UnknownDexterity+1"],"picked":"sneckomod:CheapStock","floor":20},{"not_picked":["sneckomod:UnknownCommonAttack+1","sneckomod:SoulRoll+1","sneckomod:UnknownUncommonAttack+1"],"picked":"SKIP","floor":23},{"not_picked":["sneckomod:UnknownCommonSkill+1","sneckomod:UnknownClassGUARDIAN+1"],"picked":"sneckomod:SerpentMind","floor":25},{"not_picked":["sneckomod:ImprovisedGuard+1","sneckomod:DiceCrush"],"picked":"sneckomod:WideSting+1","floor":26},{"not_picked":["sneckomod:SoulRoll","sneckomod:UnknownClassPURPLE+1","sneckomod:UnknownDraw+1"],"picked":"SKIP","floor":27},{"not_picked":["sneckomod:UnknownWeak+1","sneckomod:DefensiveFlair"],"picked":"sneckomod:ImprovisedGuard","floor":28},{"not_picked":["sneckomod:Nope+1","sneckomod:UnknownUncommonAttack+1"],"picked":"sneckomod:UnknownDexterity+1","floor":31},{"not_picked":["sneckomod:WideSting","sneckomod:Unknown0Cost+1","sneckomod:UnknownX+1"],"picked":"SKIP","floor":32},{"not_picked":["sneckomod:UnknownDexterity+1","sneckomod:UnknownColorless+1"],"picked":"sneckomod:Memorize+1","floor":36},{"not_picked":["sneckomod:SoulRoll+1","sneckomod:UnknownClassTHE_CHAMP_GRAY+1","sneckomod:UnknownCommonAttack+1"],"picked":"SKIP","floor":37},{"not_picked":["sneckomod:UnknownStrike+1","sneckomod:Unknown1Cost+1"],"picked":"sneckomod:UnknownUncommonPower+1","floor":39},{"not_picked":["sneckomod:UnknownRareSkill+1","sneckomod:UnknownUncommonAttack+1"],"picked":"sneckomod:RainOfDice+1","floor":40},{"not_picked":["sneckomod:DiceBlock+1","sneckomod:UnknownDraw+1","sneckomod:UnknownClassTHE_CHAMP_GRAY+1"],"picked":"sneckomod:IronFang","floor":42},{"not_picked":["sneckomod:SoulCleanse+1","sneckomod:QuickMove+1","sneckomod:WideSting"],"picked":"sneckomod:SlitherStrike+1","floor":43},{"not_picked":["sneckomod:UnknownClassGUARDIAN+1","sneckomod:DiceBlock","sneckomod:QuickMove"],"picked":"sneckomod:RainOfDice+1","floor":44},{"not_picked":["sneckomod:SoulRoll","sneckomod:CheapStock","sneckomod:UnknownStrike+1","sneckomod:Cheat"],"picked":"SKIP","floor":46},{"not_picked":["sneckomod:QuickMove","sneckomod:UnknownClassTHE_CHAMP_GRAY+1","sneckomod:Unknown3Cost+1","sneckomod:DiceBoulder"],"picked":"SKIP","floor":48},{"not_picked":["sneckomod:Nope+1","sneckomod:UnknownClassPURPLE+1","sneckomod:SlitherStrike+1","sneckomod:QuickBite"],"picked":"SKIP","floor":49},{"not_picked":["sneckomod:QuickMove","sneckomod:GlitteringGambit","sneckomod:DefensiveFlair","sneckomod:UnknownStrike+1"],"picked":"SKIP","floor":52}],"player_experience":447807,"relics_obtained":[{"floor":3,"key":"Torii"},{"floor":7,"key":"Calipers"},{"floor":12,"key":"sneckomod:UnknownEgg"},{"floor":12,"key":"Mummified Hand"},{"floor":14,"key":"Darkstone Periapt"},{"floor":14,"key":"Blue Candle"},{"floor":24,"key":"Art of War"},{"floor":28,"key":"sneckomod:LoadedDie"},{"floor":28,"key":"Mango"},{"floor":30,"key":"Enchiridion"},{"floor":31,"key":"Omamori"},{"floor":31,"key":"Nunchaku"},{"floor":40,"key":"Juzu Bracelet"},{"floor":40,"key":"Question Card"},{"floor":41,"key":"Ornamental Fan"},{"floor":48,"key":"The Courier"},{"floor":48,"key":"Letter Opener"},{"floor":52,"key":"champ:DuelingGlove"},{"floor":52,"key":"Akabeko"}],"event_choices":[{"damage_healed":0,"gold_gain":0,"player_choice":"Stole Relic","damage_taken":0,"relics_obtained":["Thread and Needle"],"max_hp_gain":0,"max_hp_loss":0,"event_name":"Addict","floor":21,"gold_loss":0,"cards_obtained":["Pride"]},{"damage_healed":0,"gold_gain":0,"player_choice":"Became a Ghost","damage_taken":0,"max_hp_gain":0,"max_hp_loss":53,"event_name":"Ghosts","floor":22,"gold_loss":0,"cards_obtained":["Ghostly","Ghostly","Ghostly","Ghostly","Ghostly"]},{"cards_removed":["sneckomod:Strike"],"damage_healed":0,"gold_gain":0,"player_choice":"Card Removal","damage_taken":0,"max_hp_gain":0,"max_hp_loss":0,"event_name":"Wheel of Change","floor":38,"gold_loss":0}],"is_beta":false,"boss_relics":[{"not_picked":["Empty Cage","sneckomod:SneckoBoss"],"picked":"Velvet Choker"},{"not_picked":["Snecko Eye","Sozu"],"picked":"Fusion Hammer"}],"items_purged_floors":[23,42],"is_endless":false,"potions_floor_spawned":[2,11,12,14,16,25,26,28,32,33,36,39,44,46],"killed_by":"downfall:NeowBossFinal","ascension_level":3}}