{"host":"lly094a91h6n5nv5","time":1612592941,"event":{"mods":["AchievementEnabler","BaseMod","Block Reminder","Colored Map","Minty Spire (QoL Compilation)"],"gold_per_floor":[112,62,79,98,115,115,147,147,147,147,176,186,186,198,198,303,303,320,332,363,409,409,440,355,355,378,403,403,437,437,5,5,109,109,123,345,368,382,382,382,396,496,496,496,527,544,1,20,20,20],"floor_reached":51,"language":"ENG","playtime":3129,"items_purged":["Strike_R","Injury"],"score":981,"play_id":"ecd18c71-d0c7-4388-9619-dfc9b25f16da","local_time":"20210206002901","is_ascension_mode":true,"campfire_choices":[{"data":"Whirlwind","floor":6.0,"key":"SMITH"},{"data":"Disarm","floor":8.0,"key":"SMITH"},{"data":"Spot Weakness","floor":15.0,"key":"SMITH"},{"data":"Clothesline","floor":25.0,"key":"SMITH"},{"data":"Double Tap","floor":28.0,"key":"SMITH"},{"data":"Bash","floor":30.0,"key":"SMITH"},{"data":"Metamorphosis","floor":32.0,"key":"SMITH"},{"data":"Pummel","floor":40.0,"key":"SMITH"},{"data":"Shrug It Off","floor":44.0,"key":"SMITH"},{"data":"Ghostly Armor","floor":49,"key":"SMITH"}],"circlet_count":0,"master_deck":["Strike_R","Strike_R","Strike_R","Defend_R","Defend_R","Defend_R","Defend_R","Bash+1","Whirlwind+1","Clothesline+1","Disarm+1","Pummel+1","Impervious","Spot Weakness+1","Demon Form+1","Anger+1","Rage+1","Double Tap+1","Shrug It Off+1","Metamorphosis+1","Impervious","Twin Strike+1","Warcry+1","Pommel Strike+1","Shrug It Off+1","Ghostly Armor+1","Feed"],"relics":["Burning Blood","Bronze Scales","Tiny Chest","Juzu Bracelet","Letter Opener","Potion Belt","Coffee Dripper","Red Mask","Toy Ornithopter","PreservedInsect","Sundial","Bag of Preparation","Strawberry","Champion Belt","Pen Nib","Cursed Key","Happy Flower","White Beast Statue","Nunchaku"],"acts_visited":["Exordium","TheCity","TheBeyond"],"potions_floor_usage":[46,47,48,50,50,50,50],"damage_taken":[{"damage":7.0,"enemies":"2 Louse","floor":1.0,"turns":2.0},{"damage":14.0,"enemies":"Jaw Worm","floor":3.0,"turns":4.0},{"damage":0.0,"enemies":"Cultist","floor":4.0,"turns":3.0},{"damage":2.0,"enemies":"2 Fungi Beasts","floor":5.0,"turns":4.0},{"damage":16.0,"enemies":"Lagavulin","floor":7.0,"turns":8.0},{"damage":28.0,"enemies":"Gremlin Nob","floor":11.0,"turns":4.0},{"damage":0.0,"enemies":"Lots of Slimes","floor":12.0,"turns":2.0},{"damage":1.0,"enemies":"Large Slime","floor":14.0,"turns":5.0},{"damage":35.0,"enemies":"Slime Boss","floor":16.0,"turns":7.0},{"damage":0.0,"enemies":"Chosen","floor":18.0,"turns":4.0},{"damage":3.0,"enemies":"3 Byrds","floor":19.0,"turns":2.0},{"damage":14.0,"enemies":"Masked Bandits","floor":20.0,"turns":4.0},{"damage":56.0,"enemies":"Slavers","floor":23.0,"turns":6.0},{"damage":0.0,"enemies":"Book of Stabbing","floor":27.0,"turns":4.0},{"damage":4.0,"enemies":"Slavers","floor":29.0,"turns":2.0},{"damage":6.0,"enemies":"Champ","floor":33.0,"turns":6.0},{"damage":0.0,"enemies":"3 Shapes","floor":35.0,"turns":2.0},{"damage":18.0,"enemies":"3 Darklings","floor":38.0,"turns":3.0},{"damage":31.0,"enemies":"Maw","floor":41.0,"turns":7.0},{"damage":31.0,"enemies":"Nemesis","floor":45.0,"turns":3.0},{"damage":3,"enemies":"Sphere and 2 Shapes","floor":46,"turns":3},{"damage":0,"enemies":"Spire Growth","floor":48,"turns":4},{"damage":73,"enemies":"Donu and Deca","floor":50,"turns":6}],"seed_played":"7721573906420691726","potions_obtained":[{"floor":1.0,"key":"LiquidMemories"},{"floor":3.0,"key":"SkillPotion"},{"floor":4.0,"key":"Ancient Potion"},{"floor":11.0,"key":"Fire Potion"},{"floor":16.0,"key":"Ancient Potion"},{"floor":18.0,"key":"LiquidMemories"},{"floor":23.0,"key":"Energy Potion"},{"floor":35.0,"key":"LiquidMemories"},{"floor":41.0,"key":"LiquidMemories"},{"floor":46,"key":"Strength Potion"},{"floor":48,"key":"FairyPotion"}],"is_trial":false,"path_per_floor":["M","?","M","M","M","R","E","R","T","?","E","M","?","M","R","B",null,"M","M","?","T","?","E","?","R","T","E","R","E","R","$","R","B",null,"M","?","T","M","?","R","M","?","T","R","E","M","$","M","R","B",null],"character_chosen":"IRONCLAD","items_purchased":["BloodPotion","Pen Nib","Metamorphosis","BloodPotion","PowerPotion","Ghostly Armor","Feed","Nunchaku"],"campfire_rested":0,"item_purchase_floors":[31,31,31,47,47,47,47,47],"current_hp_per_floor":[71,71,63,69,73,73,63,63,63,63,41,47,40,45,45,16,64,70,73,65,65,65,15,15,15,15,33,33,40,40,40,40,40,75,81,81,81,69,69,69,44,44,44,44,19,43,64,75,75,24],"gold":20,"neow_bonus":"RANDOM_COMMON_RELIC","is_daily":false,"chose_seed":false,"campfire_upgraded":10,"win_rate":0.0,"timestamp":1612592941,"path_taken":["M","?","M","M","M","R","E","R","T","?","E","M","?","M","R","BOSS","M","M","?","?","?","E","?","R","T","E","R","E","R","$","R","BOSS","M","?","?","M","?","R","M","?","T","R","E","M","$","M","R","BOSS"],"items_purchased_type":["Potion","Relic","Card","Potion","Potion","Card","Card","Relic"],"build_version":"2020-12-22","purchased_purges":2,"victory":true,"max_hp_per_floor":[80,80,80,80,80,80,80,80,80,80,80,80,80,80,80,80,80,80,80,80,80,80,80,80,80,80,87,87,87,87,87,87,87,87,87,87,87,87,83,83,83,83,83,83,83,83,83,83,83,86],"card_choices":[{"not_picked":["Headbutt","Dropkick"],"picked":"Whirlwind","floor":1.0},{"not_picked":["Sword Boomerang","Whirlwind"],"picked":"Clothesline","floor":3.0},{"not_picked":["Flex","Evolve"],"picked":"Disarm","floor":4.0},{"not_picked":["Feel No Pain","Cleave"],"picked":"Pummel","floor":5.0},{"not_picked":["Havoc","Blood for Blood","Wild Strike"],"picked":"SKIP","floor":7.0},{"not_picked":["Sever Soul","Blood for Blood"],"picked":"Impervious","floor":11.0},{"not_picked":["Seeing Red","Anger"],"picked":"Spot Weakness","floor":12.0},{"not_picked":["Cleave","Body Slam","Combust"],"picked":"SKIP","floor":14.0},{"not_picked":["Barricade","Exhume"],"picked":"Demon Form","floor":16.0},{"not_picked":["Havoc","Heavy Blade"],"picked":"Anger+1","floor":18.0},{"not_picked":["Hemokinesis","Feel No Pain","Combust"],"picked":"SKIP","floor":19.0},{"not_picked":["Headbutt+1","Clash"],"picked":"Rage+1","floor":23.0},{"not_picked":["Twin Strike","Clash"],"picked":"Double Tap","floor":27.0},{"not_picked":["Pummel","Sentinel+1"],"picked":"Shrug It Off","floor":29.0},{"not_picked":["Limit Break","Demon Form"],"picked":"Impervious","floor":33.0},{"not_picked":["Clothesline+1","Clash+1"],"picked":"Twin Strike+1","floor":35.0},{"not_picked":["Rupture","Thunderclap"],"picked":"Warcry+1","floor":38.0},{"not_picked":["Bloodletting","Headbutt","Feel No Pain+1"],"picked":"SKIP","floor":41.0},{"not_picked":["Demon Form","Sword Boomerang+1"],"picked":"Pommel Strike+1","floor":45.0},{"not_picked":["Dropkick","Flex"],"picked":"Shrug It Off+1","floor":46},{"not_picked":["Sentinel+1","Anger+1","Perfected Strike"],"picked":"SKIP","floor":48}],"player_experience":149278,"relics_obtained":[{"floor":7.0,"key":"Tiny Chest"},{"floor":9.0,"key":"Juzu Bracelet"},{"floor":11.0,"key":"Letter Opener"},{"floor":20.0,"key":"Red Mask"},{"floor":21.0,"key":"Toy Ornithopter"},{"floor":23.0,"key":"PreservedInsect"},{"floor":26.0,"key":"Bag of Preparation"},{"floor":27.0,"key":"Strawberry"},{"floor":29.0,"key":"Champion Belt"},{"floor":37.0,"key":"Happy Flower"},{"floor":45.0,"key":"White Beast Statue"}],"event_choices":[{"cards_removed":["Strike_R"],"damage_healed":0.0,"max_hp_gain":0.0,"max_hp_loss":0.0,"gold_gain":0.0,"event_name":"The Cleric","player_choice":"Card Removal","floor":2.0,"gold_loss":50.0,"damage_taken":0.0},{"damage_healed":0.0,"max_hp_gain":0.0,"max_hp_loss":0.0,"gold_gain":0.0,"event_name":"Liars Game","player_choice":"Ignored","floor":10.0,"gold_loss":0.0,"damage_taken":0.0},{"damage_healed":0.0,"max_hp_gain":0.0,"max_hp_loss":0.0,"gold_gain":0.0,"event_name":"Scrap Ooze","player_choice":"Success","floor":13.0,"gold_loss":0.0,"damage_taken":7.0,"relics_obtained":["Potion Belt"]},{"damage_healed":0.0,"max_hp_gain":0.0,"max_hp_loss":0.0,"gold_gain":0.0,"event_name":"Masked Bandits","player_choice":"Fought Bandits","floor":20.0,"gold_loss":0.0,"damage_taken":0.0},{"damage_healed":0.0,"max_hp_gain":0.0,"max_hp_loss":0.0,"gold_gain":0.0,"event_name":"Upgrade Shrine","player_choice":"Upgraded","floor":22.0,"gold_loss":0.0,"damage_taken":0.0,"cards_upgraded":["Demon Form"]},{"damage_healed":0.0,"max_hp_gain":0.0,"max_hp_loss":0.0,"gold_gain":0.0,"event_name":"Addict","player_choice":"Obtained Relic","floor":24.0,"gold_loss":85.0,"damage_taken":0.0,"relics_obtained":["Sundial"]},{"damage_healed":0.0,"max_hp_gain":0.0,"max_hp_loss":0.0,"gold_gain":222.0,"event_name":"Tomb of Lord Red Mask","player_choice":"Wore Mask","floor":36.0,"gold_loss":0.0,"damage_taken":0.0},{"damage_healed":0.0,"max_hp_gain":0.0,"max_hp_loss":4.0,"gold_gain":0.0,"event_name":"Winding Halls","player_choice":"Max HP","floor":39.0,"gold_loss":0.0,"damage_taken":0.0},{"damage_healed":0.0,"max_hp_gain":0.0,"max_hp_loss":0.0,"gold_gain":100.0,"event_name":"Golden Shrine","player_choice":"Pray","floor":42.0,"gold_loss":0.0,"damage_taken":0.0}],"is_beta":false,"boss_relics":[{"not_picked":["Sozu","Runic Cube"],"picked":"Coffee Dripper"},{"not_picked":["Velvet Choker","Busted Crown"],"picked":"Cursed Key"}],"items_purged_floors":[31,47],"is_endless":false,"potions_floor_spawned":[1,3,4,11,16,18,23,35,41,46,48],"ascension_level":6}}