{"host":"i0m6ffz3lpe3z1ky","time":1612630123,"event":{"mods":["Aspiration","BaseMod","Bestiary","BetterRewards","Colored Map","Conspire","Energized Spire","Highlight Path","Hubris","Ironclad Rager","Minty Spire (QoL Compilation)","Quick Restart","Reliquary","Shop Mod","Spicy Shops","StSLib","Thieving Mod"],"gold_per_floor":[112,112,112,112,112,112,229,229,276,388,423,423,537,653,653,826,826,944,994,67,79,197,224,53,103,150,150,150],"floor_reached":27,"language":"KOR","playtime":1071,"items_purged":["Strike_R"],"score":487,"play_id":"03585fe1-3355-42cf-9438-25817481ecc3","local_time":"20210207014843","is_ascension_mode":true,"campfire_choices":[{"data":"Inflame","floor":6.0,"key":"SMITH"},{"data":"Pommel Strike","floor":8.0,"key":"SMITH"},{"data":"Bandage Up","floor":12.0,"key":"SMITH"},{"data":"Body Slam","floor":15.0,"key":"SMITH"}],"circlet_count":0,"master_deck":["AscendersBane","Strike_R","Strike_R","Strike_R+1","Defend_R+1","Defend_R","Defend_R","Defend_R+1","Bash","Bandage Up+1","Inflame+1","Pommel Strike+1","Pummel+1","Feel No Pain","Body Slam+1","Barricade","Body Slam","Magnetism+1","Shrug It Off","Limit Break","Dark Embrace+1"],"relics":["Burning Blood","reliquary:WeakTea","aspiration:FetidBarrel","hubris:SlimyHat","Bag of Preparation","reliquary:Firecrackers","hubris:Icosahedron","SsserpentHead","Whetstone","Mark of Pain","Frozen Egg 2","hubris:Potato","Ancient Tea Set","reliquary:Bookmark","hubris:ToyBattleship","War Paint"],"acts_visited":["Exordium","TheCity"],"potions_floor_usage":[23,23],"damage_taken":[{"damage":1.0,"enemies":"Cultist","floor":1.0,"turns":3.0},{"damage":7.0,"enemies":"Jaw Worm","floor":7.0,"turns":2.0},{"damage":7.0,"enemies":"2 Louse","floor":10.0,"turns":2.0},{"damage":19.0,"enemies":"Lagavulin","floor":11.0,"turns":5.0},{"damage":1.0,"enemies":"2 Fungi Beasts","floor":13.0,"turns":3.0},{"damage":3.0,"enemies":"Exordium Thugs","floor":14.0,"turns":3.0},{"damage":73.0,"enemies":"Slime Boss","floor":16.0,"turns":13.0},{"damage":52.0,"enemies":"3 Byrds","floor":18.0,"turns":7.0},{"damage":12.0,"enemies":"2 Thieves","floor":21.0,"turns":3.0},{"damage":38.0,"enemies":"Snake Plant","floor":22.0,"turns":5.0},{"damage":64,"enemies":"Book of Stabbing","floor":23,"turns":6},{"damage":6,"enemies":"3 Cultists","floor":27,"turns":2}],"seed_played":"5364723447166623047","potions_obtained":[{"floor":1.0,"key":"Dexterity Potion"},{"floor":7.0,"key":"Energy Potion"},{"floor":14.0,"key":"ElixirPotion"},{"floor":16.0,"key":"SteroidPotion"},{"floor":18.0,"key":"BloodPotion"},{"floor":23,"key":"ElixirPotion"}],"is_trial":false,"path_per_floor":["M","T","?","?","?","R","M","R","T","M","E","R","M","M","R","B",null,"M","?","$","M","M","E","$","?","T","M"],"character_chosen":"IRONCLAD","items_purchased":["reliquary:WeakTea","aspiration:FetidBarrel","hubris:SlimyHat","Bag of Preparation","Bandage Up","Inflame","Pommel Strike","Frozen Egg 2","hubris:Potato","Fire Potion","Magnetism+1","reliquary:Bookmark"],"campfire_rested":0,"item_purchase_floors":[0,0,0,0,0,0,0,20,20,20,20,24],"current_hp_per_floor":[42,42,35,35,35,35,38,38,38,41,66,66,75,75,75,8,58,18,18,33,75,49,23,3,3,3,0,0],"gold":150,"neow_bonus":"","is_daily":false,"chose_seed":false,"campfire_upgraded":4,"win_rate":0.0,"timestamp":1612630123,"path_taken":["M","?","?","?","?","R","M","R","T","M","E","R","M","M","R","BOSS","M","?","$","M","M","E","$","?","T","M"],"items_purchased_type":["Relic","Relic","Relic","Relic","Card","Card","Card","Relic","Relic","Potion","Card","Relic"],"build_version":"2020-12-22","purchased_purges":1,"victory":false,"max_hp_per_floor":[75,75,75,75,75,75,75,75,75,75,75,75,75,75,75,75,75,75,75,75,75,75,75,75,75,75,75,75],"card_choices":[{"not_picked":["Iron Wave","Uppercut"],"picked":"Pummel","floor":1.0},{"not_picked":["Whirlwind","conspire:ExplosiveBarrier","Warcry"],"picked":"SKIP","floor":7.0},{"not_picked":["hubris:SharpeningStone","Twin Strike","Clash"],"picked":"SKIP","floor":10.0},{"not_picked":["Burning Pact","Clash"],"picked":"Feel No Pain","floor":11.0},{"not_picked":["True Grit","Shockwave"],"picked":"Body Slam","floor":13.0},{"not_picked":["hubris:SharpeningStone","Havoc","Anger"],"picked":"SKIP","floor":14.0},{"not_picked":["Offering","Brutality"],"picked":"Barricade","floor":16.0},{"not_picked":["Pommel Strike","Clash"],"picked":"Body Slam","floor":18.0},{"not_picked":["Heavy Blade+1","Clothesline"],"picked":"Shrug It Off","floor":21.0},{"not_picked":["Clash","Whirlwind"],"picked":"Limit Break","floor":22.0},{"not_picked":["Infernal Blade","Pommel Strike"],"picked":"Dark Embrace+1","floor":23}],"player_experience":500137,"relics_obtained":[{"floor":2.0,"key":"reliquary:Firecrackers"},{"floor":11.0,"key":"Whetstone"},{"floor":23,"key":"Ancient Tea Set"},{"floor":26,"key":"War Paint"}],"event_choices":[{"cards_removed":["Strike_R"],"damage_healed":0.0,"max_hp_gain":0.0,"max_hp_loss":0.0,"gold_gain":0.0,"event_name":"Golden Wing","player_choice":"Card Removal","floor":3.0,"gold_loss":0.0,"damage_taken":7.0},{"damage_healed":0.0,"max_hp_gain":0.0,"max_hp_loss":0.0,"gold_gain":0.0,"event_name":"FaceTrader","player_choice":"Trade","floor":5.0,"gold_loss":0.0,"damage_taken":0.0,"relics_obtained":["SsserpentHead"]},{"damage_healed":0,"gold_gain":0,"player_choice":"Gave Potion","damage_taken":0,"relics_obtained":["hubris:ToyBattleship"],"max_hp_gain":0,"max_hp_loss":0,"event_name":"WeMeetAgain","floor":25,"gold_loss":0}],"is_beta":false,"boss_relics":[{"not_picked":["Philosopher\u0027s Stone","energizedSpire:SpiderWeb"],"picked":"Mark of Pain"}],"items_purged_floors":[20],"is_endless":false,"potions_floor_spawned":[1,7,10,14,16,18,23],"killed_by":"3 Cultists","ascension_level":20}}