{"host":"rf8f5793azs0jd9i","time":1612583727,"event":{"mods":["AchievementEnabler","Aspiration","BaseMod","Colored Powertips","Hubris","Infinite Spire","Minty Spire (QoL Compilation)","Replay The Spire","StSLib"],"gold_per_floor":[109,4605,4624,4624,4636,4636,4656,4656,4656,4669,4669,4696,4696,3928,3928,4031,8000,8013,8013,8032,8032,8032,8067,8067,8080,8103,8116,8116,8128,8128,8141,8141,8241,8241,8787,8832,8832,8832,9423,9423,9423],"floor_reached":40,"language":"ENG","playtime":1570,"items_purged":["Strike_P","Defend_P","Defend_P"],"score":656,"play_id":"8957fe17-a8ee-40eb-ab0a-1fe22a24ef52","local_time":"20210205215527","is_ascension_mode":false,"campfire_choices":[{"data":"Eruption","floor":6.0,"key":"SMITH"},{"data":"BattleHymn","floor":8.0,"key":"SMITH"},{"data":"Replay:ManipulateFuture","floor":11.0,"key":"SMITH"},{"data":"DeusExMachina","floor":15.0,"key":"SMITH"},{"data":"Prostrate","floor":24.0,"key":"SMITH"},{"floor":30.0,"key":"RECALL"},{"data":"WheelKick","floor":32.0,"key":"SMITH"}],"circlet_count":0,"master_deck":["Defend_P","Defend_P","Eruption+1","Vigilance","DeusExMachina+1","Crescendo","Replay:ManipulateFuture+1","BattleHymn+1","FollowUp","DeusExMachina+1","Replay:ManipulateFuture+1","TalkToTheHand","Bite","Bite","Bite","Bite","Bite","Prostrate+1","CrushJoints+1","JustLucky+1","WheelKick+1","CarveReality+1","Devotion","Consecrate+1"],"relics":["HolyWater","Pear","Bronze Scales","ReplayTheSpireMod:Shallot","hubris:SlimyHat","Replay:WaspNest","hubris:Metronome","Strange Spoon","Singing Bowl","infinitespire:PuzzleCube","Lantern","infinitespire:EvilPickle","Coffee Dripper","hubris:MedicalManual","hubris:Icosahedron"],"acts_visited":["Exordium","TheCity","TheBeyond"],"potions_floor_usage":[],"damage_taken":[{"damage":0.0,"enemies":"2 Louse","floor":1.0,"turns":3.0},{"damage":0.0,"enemies":"Cultist","floor":3.0,"turns":3.0},{"damage":3.0,"enemies":"Small Slimes","floor":5.0,"turns":3.0},{"damage":3.0,"enemies":"2 Fungi Beasts","floor":7.0,"turns":3.0},{"damage":0.0,"enemies":"Large Slime","floor":10.0,"turns":3.0},{"damage":0.0,"enemies":"Gremlin Nob","floor":12.0,"turns":3.0},{"damage":34.0,"enemies":"Slime Boss","floor":16.0,"turns":6.0},{"damage":18.0,"enemies":"2 Thieves","floor":18.0,"turns":3.0},{"damage":2.0,"enemies":"3 Byrds","floor":20.0,"turns":2.0},{"damage":0.0,"enemies":"Gremlin Leader","floor":23.0,"turns":1.0},{"damage":9.0,"enemies":"Snecko","floor":25.0,"turns":4.0},{"damage":27.0,"enemies":"Snake Plant","floor":27.0,"turns":2.0},{"damage":3.0,"enemies":"Centurion and Healer","floor":29.0,"turns":4.0},{"damage":0.0,"enemies":"Sentry and Sphere","floor":31.0,"turns":3.0},{"damage":13.0,"enemies":"Pondfish","floor":33.0,"turns":5.0},{"damage":0.0,"enemies":"3 Darklings","floor":35.0,"turns":3.0},{"damage":8.0,"enemies":"2 Orb Walkers","floor":36.0,"turns":2.0},{"damage":1.0,"enemies":"Orb Walker","floor":39.0,"turns":2.0},{"damage":91,"enemies":"Reptomancer","floor":40,"turns":3}],"seed_played":"426248890149088807","potions_obtained":[{"floor":1.0,"key":"Fire Potion"},{"floor":3.0,"key":"Block Potion"},{"floor":7.0,"key":"Milkshake"},{"floor":12.0,"key":"BottledMiracle"},{"floor":16.0,"key":"Swift Potion"},{"floor":27.0,"key":"AttackPotion"},{"floor":31.0,"key":"LifebloodPotion"}],"is_trial":false,"path_per_floor":["M","$","M","?","M","R","M","R","T","M","R","E","?","$","R","B",null,"M","?","M","AVR","?","E","R","M","T","M","?","M","R","M","R","B",null,"M","?","?","?","M","E"],"character_chosen":"WATCHER","items_purchased":["Pear","Bronze Scales","Replay:WaspNest","hubris:Metronome","Strange Spoon","Replay:ManipulateFuture+1"],"campfire_rested":0,"item_purchase_floors":[2,2,14,14,14,14],"current_hp_per_floor":[72,82,82,74,71,71,68,68,68,68,68,68,68,68,68,34,82,64,57,57,57,57,57,57,50,50,27,67,67,67,69,69,61,69,71,71,71,73,73,0,0],"gold":9423,"neow_bonus":"ONE_RANDOM_RARE_CARD","is_daily":false,"chose_seed":false,"campfire_upgraded":6,"win_rate":0.0,"timestamp":1612583727,"path_taken":["M","$","M","?","?","R","M","R","T","M","R","E","?","$","R","BOSS","M","?","M","AVR","?","E","R","M","T","M","?","M","R","?","R","BOSS","M","?","?","?","?","E"],"items_purchased_type":["Relic","Relic","Relic","Relic","Relic","Card"],"build_version":"2020-12-22","purchased_purges":3,"victory":false,"max_hp_per_floor":[72,82,82,82,82,82,82,82,82,82,82,82,82,82,82,82,82,82,57,57,57,57,57,57,57,57,57,67,67,67,69,69,69,69,71,73,73,73,73,73,73],"card_choices":[{"not_picked":["Replay:ManipulateFuture","EmptyBody"],"picked":"Crescendo","floor":1.0},{"not_picked":["SashWhip","PathToVictory","EmptyBody"],"picked":"SKIP","floor":3.0},{"not_picked":["SashWhip","BowlingBash"],"picked":"Replay:ManipulateFuture","floor":5.0},{"not_picked":["Replay:Battleflow","Perseverance"],"picked":"BattleHymn","floor":7.0},{"not_picked":["FlyingSleeves","Evaluate"],"picked":"FollowUp","floor":10.0},{"not_picked":["Replay:Anticipation","Consecrate"],"picked":"DeusExMachina","floor":12.0},{"not_picked":["Replay:AllIn","Scrawl"],"picked":"Omniscience","floor":16.0},{"not_picked":["WreathOfFlame","PathToVictory"],"picked":"TalkToTheHand","floor":18.0},{"not_picked":["Tantrum","Worship+1"],"picked":"Prostrate","floor":20.0},{"not_picked":["Protect","SignatureMove+1"],"picked":"CrushJoints+1","floor":23.0},{"not_picked":["Replay:BluntJabs","Consecrate"],"picked":"JustLucky+1","floor":25.0},{"not_picked":["Replay:Battleflow","Wallop"],"picked":"WheelKick","floor":27.0},{"not_picked":["Worship","Protect"],"picked":"CarveReality+1","floor":29.0},{"not_picked":["Replay:Anticipation+1","Replay:BluntJabs","FearNoEvil+1"],"picked":"Singing Bowl","floor":31.0},{"not_picked":["Blasphemy","DeusExMachina"],"picked":"Devotion","floor":33.0},{"not_picked":["ClearTheMind","Crescendo","EmptyBody"],"picked":"Singing Bowl","floor":35.0},{"not_picked":["Adaptation","Halt+1","Replay:BluntJabs+1"],"picked":"Singing Bowl","floor":36.0},{"not_picked":["Replay:AtTheReady+1","LikeWater"],"picked":"Consecrate+1","floor":39}],"player_experience":58475,"relics_obtained":[{"floor":9.0,"key":"ReplayTheSpireMod:Shallot"},{"floor":12.0,"key":"hubris:SlimyHat"},{"floor":23.0,"key":"Lantern"},{"floor":36.0,"key":"hubris:MedicalManual"}],"event_choices":[{"damage_healed":0.0,"max_hp_gain":0.0,"max_hp_loss":0.0,"gold_gain":0.0,"event_name":"Wheel of Change","player_choice":"Damaged","floor":4.0,"gold_loss":0.0,"damage_taken":8.0},{"damage_healed":0.0,"max_hp_gain":0.0,"max_hp_loss":25.0,"gold_gain":0.0,"event_name":"Vampires","player_choice":"Became a vampire","floor":19.0,"gold_loss":0.0,"damage_taken":0.0,"cards_obtained":["Bite","Bite","Bite","Bite","Bite"]},{"cards_removed":["Omniscience"],"damage_healed":30.0,"max_hp_gain":10.0,"max_hp_loss":0.0,"gold_gain":0.0,"event_name":"Bonfire Elementals","player_choice":"Offered Rare","floor":28.0,"gold_loss":0.0,"damage_taken":0.0},{"damage_healed":0.0,"max_hp_gain":0.0,"max_hp_loss":0.0,"gold_gain":0.0,"event_name":"Mysterious Sphere","player_choice":"Fight","floor":36.0,"gold_loss":0.0,"damage_taken":0.0},{"damage_healed":2.0,"max_hp_gain":0.0,"max_hp_loss":0.0,"gold_gain":0.0,"event_name":"Wheel of Change","player_choice":"Full Heal","floor":38.0,"gold_loss":0.0,"damage_taken":0.0}],"is_beta":false,"boss_relics":[{"not_picked":["Replay:Drink Me","ReplayTheSpireMod:SealedPack"],"picked":"HolyWater"},{"not_picked":["aspiration:SilentSkillbook","Replay:Ancient Bell"],"picked":"Coffee Dripper"}],"items_purged_floors":[2,14,21],"is_endless":false,"potions_floor_spawned":[1,3,7,12,16,23,27,31,35],"killed_by":"Reptomancer","ascension_level":0}}