{"host":"uv5ws9rdk87e8i5k","time":1612571530,"event":{"mods":["AchievementEnabler","BaseMod","Colored Map","Minty Spire (QoL Compilation)","Permanent Neow","Quick Restart","StSLib","SuperFastMode","The Necromancer"],"gold_per_floor":[115,133,149,149,163,188,204,223,223,256,14,14,14,40,40,40,40],"floor_reached":16,"language":"ENG","playtime":240,"items_purged":[],"score":169,"play_id":"5c7f8ec9-e0c1-4670-81fa-e6441ccf4fdb","local_time":"20210205183210","is_ascension_mode":true,"campfire_choices":[{"data":"Immolate","floor":12,"key":"SMITH"},{"data":"Infernal Blade","floor":15,"key":"SMITH"}],"circlet_count":0,"master_deck":["Strike_R","Strike_R","Strike_R","Strike_R","Defend_R","Defend_R","Defend_R","Defend_R","Bash","Dropkick","Cleave","Thunderclap","Infernal Blade+1","Immolate+1","Havoc","Pommel Strike","Offering"],"relics":["Burning Blood","Lantern","Bronze Scales","Bottled Lightning","InkBottle","Mercury Hourglass","The Courier","MealTicket"],"acts_visited":["Exordium"],"potions_floor_usage":[10,16],"damage_taken":[{"damage":2.0,"enemies":"Small Slimes","floor":1.0,"turns":3.0},{"damage":0.0,"enemies":"Cultist","floor":2.0,"turns":2.0},{"damage":12.0,"enemies":"Jaw Worm","floor":3.0,"turns":2.0},{"damage":7.0,"enemies":"Exordium Wildlife","floor":5.0,"turns":3.0},{"damage":20,"enemies":"Gremlin Nob","floor":6,"turns":3},{"damage":0,"enemies":"3 Louse","floor":7,"turns":1},{"damage":0,"enemies":"2 Fungi Beasts","floor":8,"turns":1},{"damage":0,"enemies":"3 Sentries","floor":10,"turns":2},{"damage":25,"enemies":"Lagavulin","floor":14,"turns":4},{"damage":61,"enemies":"The Guardian","floor":16,"turns":7}],"seed_played":"1023851148067110168","potions_obtained":[{"floor":1.0,"key":"SpeedPotion"},{"floor":3.0,"key":"SneckoOil"},{"floor":8,"key":"PowerPotion"}],"is_trial":false,"path_per_floor":["M","M","M","?","M","E","M","M","T","E","$","R","T","E","R","B"],"character_chosen":"IRONCLAD","items_purchased":["Mercury Hourglass"],"campfire_rested":0,"item_purchase_floors":[11],"current_hp_per_floor":[80,80,74,74,73,59,65,71,71,77,77,77,77,58,58,0,0],"gold":40,"neow_bonus":"RANDOM_COMMON_RELIC","is_daily":false,"chose_seed":false,"campfire_upgraded":2,"win_rate":0.0,"timestamp":1612571530,"path_taken":["M","M","M","?","M","E","M","M","T","E","?","R","?","E","R","BOSS"],"items_purchased_type":["Relic"],"build_version":"2020-12-22","purchased_purges":0,"victory":false,"max_hp_per_floor":[80,80,80,80,80,80,80,80,80,80,80,80,80,80,80,80,80],"card_choices":[{"not_picked":["Anger","Ghostly Armor"],"picked":"Dropkick","floor":1.0},{"not_picked":["True Grit","Flex"],"picked":"Cleave","floor":2.0},{"not_picked":["Warcry","Anger"],"picked":"Thunderclap","floor":3.0},{"not_picked":["Sword Boomerang","Clothesline"],"picked":"Infernal Blade","floor":5.0},{"not_picked":["Evolve","Clothesline"],"picked":"Immolate","floor":6},{"not_picked":["Shrug It Off","Headbutt"],"picked":"Havoc","floor":7},{"not_picked":["True Grit","Perfected Strike"],"picked":"Pommel Strike","floor":8},{"not_picked":["Body Slam","Clash","Wild Strike"],"picked":"SKIP","floor":10},{"not_picked":["Iron Wave","Clothesline"],"picked":"Offering","floor":14}],"player_experience":239435,"relics_obtained":[{"floor":6,"key":"Bronze Scales"},{"floor":9,"key":"Bottled Lightning"},{"floor":10,"key":"InkBottle"},{"floor":13,"key":"The Courier"},{"floor":14,"key":"MealTicket"}],"event_choices":[{"cards_removed":["Strike_R"],"damage_healed":0.0,"max_hp_gain":0.0,"max_hp_loss":0.0,"gold_gain":0.0,"event_name":"Bonfire Elementals","player_choice":"Offered Basic","floor":4.0,"gold_loss":0.0,"damage_taken":0.0}],"is_beta":false,"boss_relics":[],"items_purged_floors":[],"is_endless":false,"potions_floor_spawned":[1,3,8],"killed_by":"The Guardian","ascension_level":3}}