{"host":"a92fqxohjrzqy5rn","time":1612643723,"event":{"mods":["AchievementEnabler","BaseMod","Minty Spire (QoL Compilation)","Relic Sorter"],"gold_per_floor":[116,291,291,291,14,44,64,95,95,123,123,151,162,175,175,274,274,274],"floor_reached":17,"language":"ENG","playtime":701,"items_purged":[],"score":216,"play_id":"06f5f7af-0aa1-4f7a-938d-9f6c3f067ae4","local_time":"20210206203523","is_ascension_mode":true,"campfire_choices":[{"data":"Bouncing Flask","floor":11.0,"key":"SMITH"},{"data":"Accuracy","floor":15.0,"key":"SMITH"}],"circlet_count":0,"master_deck":["Strike_G","Strike_G","Strike_G","Strike_G","Strike_G","Defend_G","Defend_G","Defend_G","Defend_G","Defend_G","Survivor","Neutralize","Deadly Poison","Doubt","Footwork","Poisoned Stab","Backflip","Sucker Punch","Leg Sweep","Bouncing Flask+1","Backstab+1","Accuracy+1","PiercingWail","Die Die Die+1"],"relics":["Ring of the Snake","NeowsBlessing","Ornamental Fan","Strange Spoon","Pear","Odd Mushroom","Oddly Smooth Stone","Molten Egg 2","CaptainsWheel","Ninja Scroll","Sozu"],"acts_visited":["TheCity"],"potions_floor_usage":[],"damage_taken":[{"damage":0.0,"enemies":"Small Slimes","floor":1.0,"turns":1.0},{"damage":0.0,"enemies":"3 Sentries","floor":6.0,"turns":2.0},{"damage":0.0,"enemies":"The Mushroom Lair","floor":7.0,"turns":1.0},{"damage":4.0,"enemies":"Lagavulin","floor":8.0,"turns":9.0},{"damage":12.0,"enemies":"3 Sentries","floor":10.0,"turns":12.0},{"damage":24.0,"enemies":"Lagavulin","floor":12.0,"turns":8.0},{"damage":0.0,"enemies":"Jaw Worm","floor":13.0,"turns":1.0},{"damage":0.0,"enemies":"2 Louse","floor":14.0,"turns":1.0},{"damage":29.0,"enemies":"The Guardian","floor":16.0,"turns":9.0}],"seed_played":"-1903132359063234930","potions_obtained":[{"floor":1.0,"key":"SpeedPotion"},{"floor":7.0,"key":"Energy Potion"},{"floor":10.0,"key":"GamblersBrew"},{"floor":13.0,"key":"SmokeBomb"},{"floor":16.0,"key":"AttackPotion"}],"is_trial":false,"path_per_floor":["M","?","?","?","$","E","?","E","T","E","R","E","M","M","R","B",null],"character_chosen":"THE_SILENT","items_purchased":["Strange Spoon","Footwork","Poisoned Stab"],"campfire_rested":0,"item_purchase_floors":[5,5,5],"current_hp_per_floor":[70,70,70,63,63,73,73,69,69,57,57,33,33,33,33,4,80,80],"gold":274,"neow_bonus":"THREE_ENEMY_KILL","is_daily":false,"chose_seed":false,"campfire_upgraded":2,"win_rate":0.0,"timestamp":1612643723,"path_taken":["M","?","?","?","$","E","?","E","T","E","R","E","M","M","R","BOSS"],"items_purchased_type":["Relic","Card","Card"],"build_version":"2020-12-22","purchased_purges":0,"victory":false,"max_hp_per_floor":[70,70,70,70,70,80,80,80,80,80,80,80,80,80,80,80,80,80],"card_choices":[{"not_picked":["Choke","Catalyst"],"picked":"Deadly Poison","floor":1.0},{"not_picked":["Dodge and Roll","Expertise"],"picked":"Backflip","floor":6.0},{"not_picked":["Footwork","Escape Plan"],"picked":"Sucker Punch","floor":7.0},{"not_picked":["Flying Knee","Slice"],"picked":"Leg Sweep","floor":8.0},{"not_picked":["Finisher+1","Reflex"],"picked":"Bouncing Flask","floor":10.0},{"not_picked":["Calculated Gamble","Burst"],"picked":"Backstab+1","floor":12.0},{"not_picked":["Quick Slash+1","Poisoned Stab+1"],"picked":"Accuracy","floor":13.0},{"not_picked":["Poisoned Stab+1","Backflip"],"picked":"PiercingWail","floor":14.0},{"not_picked":["Wraith Form v2","Phantasmal Killer"],"picked":"Die Die Die+1","floor":16.0}],"player_experience":210544,"relics_obtained":[{"floor":6.0,"key":"Pear"},{"floor":7.0,"key":"Odd Mushroom"},{"floor":8.0,"key":"Oddly Smooth Stone"},{"floor":9.0,"key":"Molten Egg 2"},{"floor":10.0,"key":"CaptainsWheel"},{"floor":12.0,"key":"Ninja Scroll"}],"event_choices":[{"damage_healed":0.0,"max_hp_gain":0.0,"max_hp_loss":0.0,"gold_gain":175.0,"event_name":"Liars Game","player_choice":"AGREE","floor":2.0,"gold_loss":0.0,"damage_taken":0.0,"cards_obtained":["Doubt"]},{"damage_healed":0.0,"max_hp_gain":0.0,"max_hp_loss":0.0,"gold_gain":0.0,"event_name":"Big Fish","player_choice":"Box","floor":3.0,"gold_loss":0.0,"damage_taken":0.0,"relics_obtained":["Ornamental Fan"],"cards_obtained":["Regret"]},{"cards_removed":["Regret"],"damage_healed":0.0,"max_hp_gain":0.0,"max_hp_loss":0.0,"gold_gain":0.0,"event_name":"Golden Wing","player_choice":"Card Removal","floor":4.0,"gold_loss":0.0,"damage_taken":7.0},{"damage_healed":0.0,"max_hp_gain":0.0,"max_hp_loss":0.0,"gold_gain":0.0,"event_name":"Mushrooms","player_choice":"Fought Mushrooms","floor":7.0,"gold_loss":0.0,"damage_taken":0.0}],"is_beta":false,"boss_relics":[{"not_picked":["Cursed Key","Philosopher\u0027s Stone"],"picked":"Sozu"}],"items_purged_floors":[],"is_endless":false,"potions_floor_spawned":[1,7,10,13,16],"ascension_level":1}}