{"host":"ul3z8ex5o8l5j7mh","time":1612629609,"event":{"mods":["AchievementEnabler","BaseMod","Colored Map","Colored Powertips","DeckTracker","Minty Spire (QoL Compilation)","SuperFastMode"],"gold_per_floor":[364,28,28,28,28,58,70,70,70,89,89,100,0,0,0,95,95,105,131,143,58,69,69,101,101,101,101,101],"floor_reached":27,"language":"ENG","playtime":909,"items_purged":["Parasite","Regret"],"score":263,"play_id":"11bb97cf-ee3b-4659-b4c9-70cf502b6de7","local_time":"20210206174009","is_ascension_mode":true,"campfire_choices":[{"data":"Carnage","floor":8.0,"key":"SMITH"},{"data":"Clash","floor":11.0,"key":"SMITH"},{"floor":15.0,"key":"REST"},{"floor":23,"key":"RECALL"}],"circlet_count":0,"master_deck":["Strike_R","Strike_R","Strike_R","Strike_R","Defend_R","Defend_R","Defend_R","Defend_R","Bash","Wild Strike+1","Carnage+1","Anger","Clash+1","Clothesline","Impervious","Rage","Shrug It Off","Flex"],"relics":["Burning Blood","Pantograph","Singing Bowl","PreservedInsect","Charon\u0027s Ashes","Philosopher\u0027s Stone","Red Mask","Letter Opener","Mummified Hand"],"acts_visited":["Exordium","TheCity"],"potions_floor_usage":[22,24,24,24,24,27],"damage_taken":[{"damage":7.0,"enemies":"Jaw Worm","floor":1.0,"turns":3.0},{"damage":34.0,"enemies":"Gremlin Nob","floor":6.0,"turns":4.0},{"damage":3.0,"enemies":"Small Slimes","floor":7.0,"turns":3.0},{"damage":3.0,"enemies":"2 Louse","floor":10.0,"turns":2.0},{"damage":16.0,"enemies":"Blue Slaver","floor":12.0,"turns":2.0},{"damage":70.0,"enemies":"The Guardian","floor":16.0,"turns":9.0},{"damage":0.0,"enemies":"Spheric Guardian","floor":18.0,"turns":3.0},{"damage":32.0,"enemies":"Masked Bandits","floor":19.0,"turns":4.0},{"damage":0,"enemies":"Shell Parasite","floor":20,"turns":3},{"damage":27,"enemies":"Centurion and Healer","floor":22,"turns":4},{"damage":19,"enemies":"Slavers","floor":24,"turns":4},{"damage":32,"enemies":"Gremlin Leader","floor":27,"turns":4}],"seed_played":"5261091780133284090","potions_obtained":[{"floor":10.0,"key":"CultistPotion"},{"floor":12.0,"key":"LiquidMemories"},{"floor":16.0,"key":"LiquidMemories"},{"floor":18.0,"key":"SpeedPotion"},{"floor":20,"key":"EntropicBrew"},{"floor":24,"key":"LiquidBronze"}],"is_trial":false,"path_per_floor":["M","$","?","?","?","E","M","R","T","M","R","M","$","$","R","B",null,"M","?","M","?","M","R","E","$","T","E"],"character_chosen":"IRONCLAD","items_purchased":["Pantograph"],"campfire_rested":1,"item_purchase_floors":[2],"current_hp_per_floor":[79,77,70,70,70,42,45,45,45,48,48,38,38,38,61,13,77,79,53,59,59,40,40,27,27,27,0,0],"gold":101,"neow_bonus":"TWO_FIFTY_GOLD","is_daily":false,"chose_seed":false,"campfire_upgraded":2,"win_rate":0.0,"timestamp":1612629609,"path_taken":["M","$","?","?","?","E","M","R","T","M","R","M","?","$","R","BOSS","M","?","M","?","M","R","E","$","T","E"],"items_purchased_type":["Relic"],"build_version":"2020-12-22","purchased_purges":2,"victory":false,"max_hp_per_floor":[80,77,77,77,77,77,77,77,77,77,77,77,77,77,77,77,77,79,79,79,79,81,81,81,81,81,81,81],"card_choices":[{"not_picked":["Perfected Strike","Shrug It Off"],"picked":"Wild Strike","floor":1.0},{"not_picked":["Offering","Anger"],"picked":"Carnage","floor":6.0},{"not_picked":["Burning Pact","Armaments"],"picked":"Anger","floor":7.0},{"not_picked":["Twin Strike","Perfected Strike"],"picked":"Clash","floor":10.0},{"not_picked":["Havoc","Offering"],"picked":"Clothesline","floor":12.0},{"not_picked":["Reaper","Limit Break"],"picked":"Impervious","floor":16.0},{"not_picked":["Thunderclap","Warcry","Searing Blow"],"picked":"Singing Bowl","floor":18.0},{"not_picked":["Headbutt","Wild Strike"],"picked":"Rage","floor":19.0},{"not_picked":["Pommel Strike+1","Intimidate"],"picked":"Shrug It Off","floor":20},{"not_picked":["Sword Boomerang+1","Spot Weakness","Whirlwind+1"],"picked":"Singing Bowl","floor":22},{"not_picked":["Havoc","Sever Soul+1"],"picked":"Flex","floor":24}],"player_experience":319635,"relics_obtained":[{"floor":6.0,"key":"PreservedInsect"},{"floor":9.0,"key":"Charon\u0027s Ashes"},{"floor":19.0,"key":"Red Mask"},{"floor":24,"key":"Mummified Hand"}],"event_choices":[{"cards_removed":["Strike_R"],"damage_healed":0.0,"max_hp_gain":0.0,"max_hp_loss":0.0,"gold_gain":0.0,"event_name":"Golden Wing","player_choice":"Card Removal","floor":3.0,"gold_loss":0.0,"damage_taken":7.0},{"damage_healed":0.0,"max_hp_gain":0.0,"max_hp_loss":0.0,"gold_gain":0.0,"event_name":"Living Wall","player_choice":"Grow","floor":4.0,"gold_loss":0.0,"damage_taken":0.0,"cards_upgraded":["Wild Strike"]},{"damage_healed":0.0,"max_hp_gain":0.0,"max_hp_loss":0.0,"gold_gain":0.0,"event_name":"Big Fish","player_choice":"Box","floor":5.0,"gold_loss":0.0,"damage_taken":0.0,"relics_obtained":["Singing Bowl"],"cards_obtained":["Regret"]},{"damage_healed":0.0,"max_hp_gain":0.0,"max_hp_loss":0.0,"gold_gain":0.0,"event_name":"Masked Bandits","player_choice":"Fought Bandits","floor":19.0,"gold_loss":0.0,"damage_taken":0.0},{"damage_healed":0,"gold_gain":0,"player_choice":"Obtained Relic","damage_taken":0,"relics_obtained":["Letter Opener"],"max_hp_gain":0,"max_hp_loss":0,"event_name":"Addict","floor":21,"gold_loss":85}],"is_beta":false,"boss_relics":[{"not_picked":["Runic Dome","Sozu"],"picked":"Philosopher\u0027s Stone"}],"items_purged_floors":[2,13],"is_endless":false,"potions_floor_spawned":[10,12,16,18,20,24],"killed_by":"Gremlin Leader","ascension_level":3}}