{"host":"3a1ypf1irl30q4k8","time":1612604308,"event":{"mods":["AchievementEnabler","BaseMod","Bestiary","Minty Spire (QoL Compilation)","Relic Stats","ojb\u0027s Better Paths Mod","ojb\u0027s Info Mod"],"gold_per_floor":[360,375,24,44,54,54,14,14,67,93,107,107,107,138,138,240,240,240,19,31,51,70,70,70,96,123,123,137,137,150,249,249,249,249],"floor_reached":33,"language":"ENG","playtime":2692,"items_purged":[],"score":346,"play_id":"75301a32-c7f7-484d-9add-5ae4ee60c2eb","local_time":"20210206093828","is_ascension_mode":true,"campfire_choices":[{"data":"TalkToTheHand","floor":6,"key":"SMITH"},{"data":"FlyingSleeves","floor":8,"key":"SMITH"},{"floor":12,"key":"REST"},{"data":"Sanctity","floor":15,"key":"SMITH"},{"floor":23,"key":"REST"},{"floor":27,"key":"REST"},{"floor":29,"key":"REST"},{"floor":32,"key":"REST"}],"circlet_count":0,"master_deck":["Strike_P","Defend_P","Defend_P","Defend_P","Defend_P","Eruption","Vigilance","FlyingSleeves+1","TalkToTheHand+1","ClearTheMind","Prostrate","Crescendo","Sanctity+1","EmptyMind","BowlingBash","EmptyFist","DevaForm","CutThroughFate+1","LessonLearned+1","Devotion+1","EmptyMind","DeceiveReality+1","Halt","CutThroughFate","Blasphemy","ThirdEye","FearNoEvil+1"],"relics":["PureWater","Letter Opener","Smiling Mask","Bronze Scales","Sundial","Omamori","Astrolabe","Strawberry","Incense Burner","Happy Flower"],"acts_visited":["Exordium","TheCity"],"potions_floor_usage":[4,11,16,18,20,21,25,25],"damage_taken":[{"damage":0,"enemies":"Cultist","floor":1,"turns":3},{"damage":0,"enemies":"Jaw Worm","floor":2,"turns":2},{"damage":0,"enemies":"Small Slimes","floor":4,"turns":3},{"damage":4,"enemies":"Blue Slaver","floor":5,"turns":4},{"damage":19,"enemies":"Gremlin Nob","floor":10,"turns":4},{"damage":0,"enemies":"3 Louse","floor":11,"turns":2},{"damage":2,"enemies":"3 Sentries","floor":14,"turns":4},{"damage":27,"enemies":"Slime Boss","floor":16,"turns":9},{"damage":0,"enemies":"3 Byrds","floor":18,"turns":1},{"damage":6,"enemies":"Spheric Guardian","floor":20,"turns":4},{"damage":15,"enemies":"Snake Plant","floor":21,"turns":4},{"damage":42,"enemies":"Sentry and Sphere","floor":22,"turns":7},{"damage":8,"enemies":"Book of Stabbing","floor":25,"turns":5},{"damage":23,"enemies":"Shelled Parasite and Fungi","floor":28,"turns":6},{"damage":15,"enemies":"Snecko","floor":30,"turns":5},{"damage":67,"enemies":"Champ","floor":33,"turns":9}],"seed_played":"-8492849545489521287","potions_obtained":[{"floor":2,"key":"SmokeBomb"},{"floor":5,"key":"Energy Potion"},{"floor":14,"key":"SpeedPotion"},{"floor":16,"key":"EssenceOfSteel"},{"floor":20,"key":"Block Potion"},{"floor":21,"key":"Weak Potion"},{"floor":22,"key":"BottledMiracle"}],"is_trial":false,"path_per_floor":["M","M","$","M","M","R","$","R","T","E","M","R","T","E","R","B",null,"M","$","M","M","M","R","?","E","T","R","M","R","M","?","R","B"],"character_chosen":"WATCHER","items_purchased":["Letter Opener","ClearTheMind","BottledMiracle","Sanctity","EmptyMind","Strawberry"],"campfire_rested":5,"item_purchase_floors":[3,3,3,7,19,19],"current_hp_per_floor":[51,51,51,51,47,47,47,47,47,28,28,49,49,47,47,20,59,59,66,60,45,3,26,26,18,18,41,18,41,26,26,49,0,0],"gold":249,"neow_bonus":"TWO_FIFTY_GOLD","is_daily":false,"chose_seed":false,"campfire_upgraded":3,"win_rate":0.0,"timestamp":1612604308,"path_taken":["M","M","$","M","M","R","$","R","T","E","M","R","?","E","R","BOSS","M","?","M","M","M","R","?","E","T","R","M","R","M","?","R","BOSS"],"items_purchased_type":["Relic","Card","Potion","Card","Card","Relic"],"build_version":"2020-12-22","purchased_purges":0,"victory":false,"max_hp_per_floor":[72,72,72,72,72,72,72,72,72,72,72,72,72,72,72,72,72,72,79,79,79,79,79,79,79,79,79,79,79,79,79,79,79,79],"relic_stats":{"Happy Flower":[6],"counters":[16,72],"Sundial":[8],"Bronze Scales":[124],"Astrolabe":["CutThroughFate","LessonLearned","Devotion"],"Letter Opener":[193],"Smiling Mask":0,"obtain_stats":[{"Happy Flower":26,"Sundial":13,"Bronze Scales":10,"Astrolabe":17,"Strawberry":19,"Omamori":14,"Incense Burner":25,"Letter Opener":3,"PureWater":0,"Smiling Mask":9},{"Happy Flower":13,"Sundial":6,"Bronze Scales":5,"Astrolabe":8,"Strawberry":9,"Omamori":7,"Incense Burner":13,"Letter Opener":2,"PureWater":0,"Smiling Mask":4},{"Happy Flower":52,"Sundial":18,"Bronze Scales":16,"Astrolabe":31,"Strawberry":32,"Omamori":22,"Incense Burner":52,"Letter Opener":5,"PureWater":0,"Smiling Mask":12}]},"card_choices":[{"not_picked":["Evaluate","EmptyFist"],"picked":"FlyingSleeves","floor":1},{"not_picked":["SashWhip","PathToVictory"],"picked":"TalkToTheHand","floor":2},{"not_picked":["SashWhip","JustLucky"],"picked":"Prostrate","floor":4},{"not_picked":["SignatureMove","WheelKick"],"picked":"Crescendo","floor":5},{"not_picked":["ForeignInfluence","MasterReality"],"picked":"EmptyMind","floor":10},{"not_picked":["Adaptation","Crescendo"],"picked":"BowlingBash","floor":11},{"not_picked":["Weave","ClearTheMind"],"picked":"EmptyFist","floor":14},{"not_picked":["Alpha","ConjureBlade"],"picked":"DevaForm","floor":16},{"not_picked":["Prostrate","Crescendo+1"],"picked":"DeceiveReality","floor":20},{"not_picked":["CrushJoints","EmptyBody+1"],"picked":"Halt","floor":21},{"not_picked":["EmptyFist","JustLucky"],"picked":"CutThroughFate","floor":22},{"not_picked":["Vengeance","Study"],"picked":"Blasphemy","floor":25},{"not_picked":["Evaluate","FollowUp"],"picked":"ThirdEye","floor":28},{"not_picked":["Consecrate","Halt"],"picked":"FearNoEvil+1","floor":30}],"player_experience":1346494,"relics_obtained":[{"floor":9,"key":"Smiling Mask"},{"floor":10,"key":"Bronze Scales"},{"floor":13,"key":"Sundial"},{"floor":14,"key":"Omamori"},{"floor":25,"key":"Incense Burner"},{"floor":26,"key":"Happy Flower"}],"event_choices":[{"damage_healed":0,"gold_gain":0,"player_choice":"Ignored","damage_taken":0,"max_hp_gain":0,"max_hp_loss":0,"event_name":"The Mausoleum","floor":24,"gold_loss":0},{"damage_healed":0,"gold_gain":99,"player_choice":"Stole From Cult","damage_taken":0,"max_hp_gain":0,"max_hp_loss":0,"event_name":"Nest","floor":31,"gold_loss":0}],"is_beta":false,"boss_relics":[{"not_picked":["Tiny House","Calling Bell"],"picked":"Astrolabe"}],"items_purged_floors":[],"is_endless":false,"potions_floor_spawned":[2,5,14,16,20,21,22],"killed_by":"Champ","ascension_level":5}}