{"host":"uxx7prhn9zlu6i2v","time":1612645931,"event":{"mods":["100% Spire Juice","Act Like it!","Ascension Reborn","BaseMod","Bossed Relics","CapriCore","Colored Powertips","Downfall","Faster Ascension Climbing","Marisa????????","Minty Spire (QoL Compilation)","Permanent Neow","Reimu??????","Relic Filter","Relic Sorter","Spicy Shops","Spire Arcade","StSLib","The Administrix","Yakumo Yukari mod"],"gold_per_floor":[101,121,121,121,132,164,243,143,174,193,193,203,203,219,239,239,239],"floor_reached":16,"language":"ENG","playtime":1097,"items_purged":[],"score":206,"play_id":"331a7f9a-6b44-4b47-8714-2001449e12c4","local_time":"20210206151211","is_ascension_mode":true,"campfire_choices":[{"data":"AdministrixMod:Defend_Administrix","floor":1,"key":"SMITH"},{"data":"AdministrixMod:BloodBargain","floor":8,"key":"SMITH"},{"data":"AdministrixMod:LightOfYourLife","floor":13,"key":"SMITH"}],"circlet_count":0,"master_deck":["AscendersBane","AdministrixMod:Strike_Administrix","AdministrixMod:Strike_Administrix","AdministrixMod:Strike_Administrix","AdministrixMod:RedCloak","AdministrixMod:Defend_Administrix+1","AdministrixMod:Defend_Administrix","AdministrixMod:Defend_Administrix","AdministrixMod:BlueCloak","AdministrixMod:ExtolVirtue","AdministrixMod:Wuji","AdministrixMod:PassageOfAges","AdministrixMod:BloodBargain+1","AdministrixMod:Transition","AdministrixMod:PassageOfAges","AdministrixMod:LightOfYourLife+1","AdministrixMod:Mastermind"],"relics":["AdministrixMod:ConductorRitualBaton","Tea:ReiMu","CrazyTorch:ReiMu","downfall:HeartBlessingGreen","Bird Faced Urn","Mastiff:ReiMu"],"acts_visited":["Exordium"],"potions_floor_usage":[16,16],"damage_taken":[{"damage":0,"enemies":"Cultist","floor":2,"turns":2},{"damage":3,"enemies":"2 Louse","floor":5,"turns":2},{"damage":30,"enemies":"Gremlin Nob","floor":6,"turns":5},{"damage":0,"enemies":"3 Sentries","floor":9,"turns":4},{"damage":0,"enemies":"Jaw Worm","floor":10,"turns":3},{"damage":0,"enemies":"Blue Slaver","floor":12,"turns":4},{"damage":0,"enemies":"3 Louse","floor":14,"turns":2},{"damage":2,"enemies":"Exordium Wildlife","floor":15,"turns":5},{"damage":28,"enemies":"IC_STATUS_ARCHETYPE","floor":16,"turns":8}],"seed_played":"-5814330033876184199","potions_obtained":[{"floor":5,"key":"ZuzhouPotion:ReiMu"},{"floor":6,"key":"CultistPotion"},{"floor":15,"key":"Energy Potion"}],"is_trial":false,"path_per_floor":["R","M","?","?","M","E","T","R","E","M","?","M","R","M","M","B"],"character_chosen":"TheAdministrix","items_purchased":[],"campfire_rested":0,"item_purchase_floors":[],"current_hp_per_floor":[59,59,59,59,56,26,26,26,26,26,19,19,19,19,19,0,0],"gold":239,"neow_bonus":"REMOVE_CARD","is_daily":false,"chose_seed":false,"campfire_upgraded":3,"win_rate":0.0,"timestamp":1612645931,"path_taken":["R","M","?","?","M","E","T","R","E","?","?","M","R","M","M","BOSS"],"items_purchased_type":[],"build_version":"2020-12-22","purchased_purges":0,"victory":false,"max_hp_per_floor":[65,65,65,65,65,65,65,65,65,65,65,65,65,65,65,65,65],"card_choices":[{"not_picked":["AdministrixMod:NoblePath","AdministrixMod:CastOffRegrets"],"picked":"AdministrixMod:ExtolVirtue","floor":2},{"not_picked":["AdministrixMod:FuneraryRites","AdministrixMod:FaithfulFlames"],"picked":"AdministrixMod:PassageOfAges","floor":5},{"not_picked":["AdministrixMod:HarmonicReverence","AdministrixMod:ExtolVirtue"],"picked":"AdministrixMod:BloodBargain","floor":6},{"not_picked":["AdministrixMod:RegentEdict","AdministrixMod:Wuji"],"picked":"AdministrixMod:Transition","floor":9},{"not_picked":["AdministrixMod:DiversionaryTactic","AdministrixMod:Overdrive"],"picked":"AdministrixMod:PassageOfAges","floor":10},{"not_picked":["AdministrixMod:SipOfSparks","AdministrixMod:ImmortalPurity"],"picked":"AdministrixMod:LightOfYourLife","floor":12},{"not_picked":["AdministrixMod:PlateOfAntiquity","AdministrixMod:PassageOfAges","AdministrixMod:FuneraryRites"],"picked":"SKIP","floor":14},{"not_picked":["AdministrixMod:PlateOfAntiquity","AdministrixMod:LightOfYourLife"],"picked":"AdministrixMod:Mastermind","floor":15}],"player_experience":900856,"relics_obtained":[{"floor":6,"key":"Tea:ReiMu"},{"floor":7,"key":"CrazyTorch:ReiMu"},{"floor":9,"key":"Bird Faced Urn"}],"event_choices":[{"damage_healed":0,"gold_gain":0,"player_choice":"Success","damage_taken":7,"relics_obtained":["Mastiff:ReiMu"],"max_hp_gain":0,"max_hp_loss":0,"event_name":"Scrap Ooze","floor":11,"gold_loss":0}],"is_beta":false,"boss_relics":[],"items_purged_floors":[],"is_endless":false,"potions_floor_spawned":[5,6,15],"killed_by":"IC_STATUS_ARCHETYPE","ascension_level":10}}