{"host":"0s8kyghz8ihx2r41","time":1612571372,"event":{"mods":["100% Spire Juice","2.2 Compatiblity","Act Like it!","Bard","BaseMod","Block Reminder","CapriCore","Chen","Conspire","Downfall","Friendly Minions","GungeonMod","Hermit","HololiveMod","Hubris","Koishi","Lobotomy","LobotomyExtend","Marisa（霧雨　魔理沙）","Minty Spire (QoL Compilation)","Monster B Gone","Morshu Shopkeeper","Prisma Mod","Reimu（博??梦）","Reliquary","Replay The Spire","Spire Birthday Party","StSLib","The Administrix","The Alterego","The Clintock","The Construct","The Cursed","The Disciple","The Edgeheg","The Gatherer","The Immortal","The Marked","The Mystic","The Paleblood","The Servant 0.9.4","TheBandit","TheSwordswoman","TheVacant","Waifu the Spire","Yakumo Yukari mod","Yuyuko","everything is the same but u backflip on backflip","slay the spire mod where everything is the same but ironclad has a cowboy hat"],"gold_per_floor":[99,112,140,152,181,212,249,315,347,359,387,399,411,121,134,234,234,234,244,257,277,277,277,277,277],"floor_reached":23,"language":"ENG","playtime":1284,"items_purged":[],"score":183,"play_id":"e490de4a-0199-4a3e-aea2-babc2d51ce60","local_time":"20210205192932","is_ascension_mode":false,"campfire_choices":[{"data":"Slimebound:CorrosiveSpit","floor":1,"key":"SMITH"},{"floor":13,"key":"REST"},{"data":"Slimebound:LeadByExample","floor":18,"key":"SMITH"}],"circlet_count":0,"master_deck":["Slimebound:Strike_Slimebound","Slimebound:Strike_Slimebound","Slimebound:Tackle","Slimebound:Defend_Slimebound","Slimebound:Defend_Slimebound","Slimebound:Defend_Slimebound","Slimebound:Defend_Slimebound","Slimebound:Split+1","Slimebound:CorrosiveSpit+1","Slimebound:RollThrough","Slimebound:SplitMire","Slimebound:ViciousTackle+1","Slimebound:LeechingTouch","Slimebound:ItLooksTasty","Slimebound:GoopSpray","Slimebound:MassRepurpose","Slimebound:AcidTongue","Slimebound:LeadByExample+1","Slimebound:LeechLife","Slimebound:SplitBruiser","Slimebound:RainOfGoop+1","Slimebound:FinishingTackle"],"relics":["Slimebound:AbsorbEndCombat","LetterFromLob","MawBank","Pen Nib","reliquary:Aerogel","Mirror"],"acts_visited":["Exordium","TheCity"],"potions_floor_usage":[16],"damage_taken":[{"damage":9,"enemies":"2 Louse","floor":2,"turns":3},{"damage":20,"enemies":"conspire:MimicChest","floor":3,"turns":4},{"damage":0,"enemies":"conspire:RoseBush","floor":5,"turns":3},{"damage":13,"enemies":"Jaw Worm","floor":6,"turns":2},{"damage":6,"enemies":"2 Fungi Beasts","floor":9,"turns":4},{"damage":11,"enemies":"Exordium Thugs","floor":11,"turns":5},{"damage":3,"enemies":"downfall:FleeingMerchant","floor":14,"turns":4},{"damage":12,"enemies":"Large Slime","floor":15,"turns":5},{"damage":20,"enemies":"SI_SHIV_ARCHETYPE","floor":16,"turns":7},{"damage":15,"enemies":"Shell Parasite","floor":19,"turns":4},{"damage":23,"enemies":"Spheric Guardian","floor":20,"turns":5},{"damage":54,"enemies":"Chosen and Byrds","floor":21,"turns":6},{"damage":59,"enemies":"Cultist and Chosen","floor":23,"turns":4}],"seed_played":"-8498490964089329060","potions_obtained":[{"floor":2,"key":"LiquidMemories"},{"floor":3,"key":"PowerPotion"},{"floor":6,"key":"Swift Potion"},{"floor":16,"key":"Guardian:BlockOnCardUsePotion"}],"is_trial":false,"path_per_floor":["R","M","?","?","M","M","T","T","M","?","M","M","R","$","M","B",null,"R","M","M","M","?","M"],"character_chosen":"SLIMEBOUND","items_purchased":["Mirror","Slimebound:AcidTongue"],"campfire_rested":1,"item_purchase_floors":[14,14],"current_hp_per_floor":[65,58,46,46,50,41,41,41,37,37,34,34,53,56,52,38,65,65,65,65,44,38,0,0,0],"gold":277,"neow_bonus":"UPGRADE_CARD","is_daily":false,"chose_seed":false,"campfire_upgraded":2,"win_rate":0.0,"timestamp":1612571372,"path_taken":["R","M","?","?","M","M","T","?","M","?","M","M","R","$","M","BOSS","R","M","M","M","?","M"],"items_purchased_type":["Relic","Card"],"build_version":"2020-12-22","purchased_purges":0,"victory":false,"max_hp_per_floor":[65,65,65,65,65,65,65,65,65,65,65,65,65,65,65,65,65,65,65,65,65,65,65,65,65],"card_choices":[{"not_picked":["Slimebound:FinishingTackle","Slimebound:ViciousTackle"],"picked":"Slimebound:RollThrough","floor":2},{"not_picked":["Slimebound:ComboTackle","Slimebound:GoopTackle"],"picked":"Slimebound:SplitMire","floor":3},{"not_picked":["Slimebound:SlimeTap","Slimebound:DouseInSlime"],"picked":"Slimebound:LeechingTouch","floor":5},{"not_picked":["Slimebound:ComboTackle","Slimebound:Chomp","Slimebound:TongueLash"],"picked":"SKIP","floor":6},{"not_picked":["Slimebound:SplitAcid","Slimebound:Dissolve"],"picked":"Slimebound:ItLooksTasty","floor":9},{"not_picked":["Slimebound:SlimeSpikes","Slimebound:DisruptingSlam"],"picked":"Slimebound:GoopSpray","floor":11},{"not_picked":["Slimebound:SplitAcid","Slimebound:LivingWall"],"picked":"Slimebound:MassRepurpose","floor":14},{"not_picked":["Slimebound:SplitLeeching","Slimebound:Grow"],"picked":"Slimebound:LeadByExample","floor":15},{"not_picked":["Slimebound:MassRepurpose","Slimebound:DuplicatedForm"],"picked":"Slimebound:LeechLife","floor":16},{"not_picked":["Slimebound:SamplingLick","Slimebound:Schlurp"],"picked":"Slimebound:SplitBruiser","floor":19},{"not_picked":["Slimebound:AcidTongue","Slimebound:GrowthPunch"],"picked":"Slimebound:RainOfGoop+1","floor":20},{"not_picked":["Slimebound:RollThrough+1","Slimebound:SplitAcid"],"picked":"Slimebound:FinishingTackle","floor":21}],"player_experience":368947,"relics_obtained":[{"floor":2,"key":"LetterFromLob"},{"floor":3,"key":"MawBank"},{"floor":7,"key":"Pen Nib"},{"floor":8,"key":"reliquary:Aerogel"}],"event_choices":[{"damage_healed":0,"gold_gain":0,"player_choice":"Damaged","damage_taken":6,"max_hp_gain":0,"max_hp_loss":0,"event_name":"Wheel of Change","floor":22,"gold_loss":0}],"is_beta":false,"boss_relics":[{"not_picked":["Replay:Grab Bag","Painkiller Herb","conspire:RunicOctahedron"]}],"items_purged_floors":[],"is_endless":false,"potions_floor_spawned":[2,3,6,11,16,19],"killed_by":"Cultist and Chosen","ascension_level":0}}