{"host":"zxkjcgzis4pm3za5","time":1612633191,"event":{"mods":["AchievementEnabler","Act Like it!","BaseMod","Colored Map","Colored Powertips","Friendly Minions","GifTheSpireLib","Minty Spire (QoL Compilation)","Quick Restart","RNG Fix","Random Character Button","Relic Sorter","Relic Stats","StSLib"],"gold_per_floor":[219,369,369,265,265,265,300,320,402,416,416,446,460,476,476,476,476],"floor_reached":16,"language":"ENG","playtime":789,"items_purged":[],"score":215,"play_id":"c341aab8-98b5-4dea-991b-515686219831","local_time":"20210206230951","is_ascension_mode":true,"campfire_choices":[{"data":"Combust","floor":6,"key":"SMITH"},{"floor":11,"key":"REST"},{"data":"Disarm","floor":15,"key":"SMITH"}],"circlet_count":0,"master_deck":["AscendersBane","Strike_R","Strike_R","Strike_R","Strike_R","Strike_R","Defend_R","Defend_R","Defend_R","Defend_R","Bash","Burning Pact","Headbutt","Combust+1","Clothesline","Rampage","Disarm+1","Pommel Strike","Cleave"],"relics":["Burning Blood","Centennial Puzzle","Anchor"],"acts_visited":["Exordium"],"potions_floor_usage":[12,16],"damage_taken":[{"damage":18,"enemies":"Jaw Worm","floor":1,"turns":6},{"damage":35,"enemies":"Gremlin Nob","floor":7,"turns":4},{"damage":7,"enemies":"Small Slimes","floor":8,"turns":2},{"damage":6,"enemies":"2 Louse","floor":10,"turns":3},{"damage":19,"enemies":"3 Sentries","floor":12,"turns":5},{"damage":3,"enemies":"Red Slaver","floor":13,"turns":3},{"damage":13,"enemies":"Exordium Thugs","floor":14,"turns":4},{"damage":33,"enemies":"The Guardian","floor":16,"turns":5}],"seed_played":"-6689343282616670821","potions_obtained":[{"floor":7,"key":"Fire Potion"},{"floor":10,"key":"ColorlessPotion"},{"floor":12,"key":"LiquidBronze"},{"floor":14,"key":"Energy Potion"}],"is_trial":false,"path_per_floor":["M","?","?","$","?","R","E","M","T","M","R","E","M","M","R","B"],"character_chosen":"IRONCLAD","items_purchased":["Headbutt","Combust"],"campfire_rested":1,"item_purchase_floors":[4,4],"current_hp_per_floor":[56,56,49,49,54,54,25,24,24,24,48,35,38,31,31,0,0],"gold":476,"neow_bonus":"HUNDRED_GOLD","is_daily":false,"chose_seed":false,"campfire_upgraded":2,"win_rate":0.0,"timestamp":1612633191,"path_taken":["M","?","?","$","?","R","E","?","T","M","R","E","M","M","R","BOSS"],"items_purchased_type":["Card","Card"],"build_version":"2020-12-22","purchased_purges":0,"victory":false,"max_hp_per_floor":[75,75,75,75,80,80,80,80,80,80,80,80,80,80,80,80,80],"relic_stats":{"Centennial Puzzle":[18],"counters":[8,32],"obtain_stats":[{"Centennial Puzzle":7,"Anchor":12,"Burning Blood":0},{"Centennial Puzzle":2,"Anchor":5,"Burning Blood":0},{"Centennial Puzzle":10,"Anchor":20,"Burning Blood":0}],"Burning Blood":42},"card_choices":[{"not_picked":["Dark Embrace","Headbutt"],"picked":"Burning Pact","floor":1},{"not_picked":["Rage","Clash"],"picked":"Clothesline","floor":7},{"not_picked":["Anger","True Grit"],"picked":"Rampage","floor":8},{"not_picked":["Twin Strike","Thunderclap"],"picked":"Disarm","floor":10},{"not_picked":["Flex","Twin Strike","Barricade"],"picked":"SKIP","floor":12},{"not_picked":["Carnage","Twin Strike"],"picked":"Pommel Strike","floor":13},{"not_picked":["Clothesline","Evolve"],"picked":"Cleave","floor":14}],"player_experience":321940,"relics_obtained":[{"floor":7,"key":"Centennial Puzzle"},{"floor":12,"key":"Anchor"}],"event_choices":[{"damage_healed":0,"gold_gain":150,"player_choice":"AGREE","damage_taken":0,"max_hp_gain":0,"max_hp_loss":0,"event_name":"Liars Game","floor":2,"gold_loss":0,"cards_obtained":["Doubt"]},{"cards_removed":["Doubt"],"damage_healed":0,"gold_gain":0,"player_choice":"Card Removal","damage_taken":7,"max_hp_gain":0,"max_hp_loss":0,"event_name":"Golden Wing","floor":3,"gold_loss":0},{"damage_healed":0,"gold_gain":0,"player_choice":"Donut","damage_taken":0,"max_hp_gain":5,"max_hp_loss":0,"event_name":"Big Fish","floor":5,"gold_loss":0}],"is_beta":false,"boss_relics":[],"items_purged_floors":[],"is_endless":false,"potions_floor_spawned":[7,10,12,14],"killed_by":"The Guardian","ascension_level":19}}