{"host":"dnvpprmy3abbf89m","time":1612650427,"event":{"mods":["BaseMod","Colored Map","Minty Spire (QoL Compilation)","StSLib"],"gold_per_floor":[116,78,93,93,110,110,37,37,62,96,96,110,120,43,43,141,141,141,141,66,66,66,66,66,66,66,66,66,66,66,66,66,66,66,66,66,66,0,0,0,0,0,0,0,0,0,0,0,0,0,0],"floor_reached":50,"language":"ENG","playtime":5379,"items_purged":["Strike_R"],"score":806,"play_id":"9c5486aa-25f8-4549-8498-92946faf725b","local_time":"20210206232707","is_ascension_mode":true,"campfire_choices":[{"data":"Uppercut","floor":6.0,"key":"SMITH"},{"data":"Metallicize","floor":8.0,"key":"SMITH"},{"data":"Armaments","floor":11.0,"key":"SMITH"},{"data":"Inflame","floor":15.0,"key":"SMITH"},{"data":"Body Slam","floor":24.0,"key":"SMITH"},{"data":"Shockwave","floor":27.0,"key":"SMITH"},{"floor":32.0,"key":"REST"},{"floor":41,"key":"RECALL"},{"floor":46,"key":"REST"},{"floor":49,"key":"REST"}],"circlet_count":0,"master_deck":["Strike_R","Strike_R","Defend_R","Defend_R","Defend_R","Defend_R","Bash","Metallicize+1","Shockwave+1","Uppercut+1","Offering","Shrug It Off","Impervious","Armaments+1","True Grit","Impervious","Body Slam+1","Headbutt","Warcry+1","Reaper","Trip","Flame Barrier","Sword Boomerang+1","Cleave+1","Heavy Blade"],"relics":["Burning Blood","Dream Catcher","Omamori","Red Skull","Ectoplasm","Blue Candle","Regal Pillow","Lantern","Ornamental Fan","SlaversCollar","Red Mask","Darkstone Periapt"],"acts_visited":["Exordium","TheCity","TheBeyond"],"potions_floor_usage":[48],"damage_taken":[{"damage":5.0,"enemies":"2 Louse","floor":1.0,"turns":4.0},{"damage":1.0,"enemies":"Cultist","floor":3.0,"turns":4.0},{"damage":6.0,"enemies":"Jaw Worm","floor":5.0,"turns":4.0},{"damage":12.0,"enemies":"Lagavulin","floor":10.0,"turns":7.0},{"damage":7.0,"enemies":"Blue Slaver","floor":12.0,"turns":4.0},{"damage":23.0,"enemies":"Exordium Thugs","floor":13.0,"turns":8.0},{"damage":18.0,"enemies":"Hexaghost","floor":16.0,"turns":11.0},{"damage":3.0,"enemies":"3 Byrds","floor":18.0,"turns":6.0},{"damage":8.0,"enemies":"Spheric Guardian","floor":19.0,"turns":6.0},{"damage":16.0,"enemies":"Snake Plant","floor":22.0,"turns":5.0},{"damage":9.0,"enemies":"Book of Stabbing","floor":23.0,"turns":6.0},{"damage":22.0,"enemies":"Slavers","floor":29.0,"turns":7.0},{"damage":24.0,"enemies":"Chosen and Byrds","floor":30.0,"turns":5.0},{"damage":6.0,"enemies":"Gremlin Leader","floor":31.0,"turns":3.0},{"damage":44.0,"enemies":"Champ","floor":33.0,"turns":13.0},{"damage":1.0,"enemies":"3 Shapes","floor":35.0,"turns":7.0},{"damage":0,"enemies":"Orb Walker","floor":40,"turns":3},{"damage":71,"enemies":"Maw","floor":44,"turns":13},{"damage":38,"enemies":"Jaw Worm Horde","floor":47,"turns":8},{"damage":31,"enemies":"Reptomancer","floor":48,"turns":7},{"damage":0,"enemies":"Donu and Deca","floor":50,"turns":1}],"seed_played":"-476281166620265520","potions_obtained":[{"floor":1.0,"key":"BlessingOfTheForge"},{"floor":3.0,"key":"BlessingOfTheForge"},{"floor":13.0,"key":"SkillPotion"},{"floor":16.0,"key":"Explosive Potion"},{"floor":18.0,"key":"AttackPotion"},{"floor":30.0,"key":"LiquidMemories"},{"floor":31.0,"key":"Dexterity Potion"},{"floor":47,"key":"Block Potion"},{"floor":48,"key":"LiquidMemories"}],"is_trial":false,"path_per_floor":["M","$","M","?","M","R","$","R","T","E","R","M","M","$","R","B",null,"M","M","$","?","M","E","R","?","T","R","?","E","M","E","R","B",null,"M","?","?","?","?","M","R","$","T","M","$","R","M","E","R","B"],"character_chosen":"IRONCLAD","items_purchased":["Shockwave","Impervious","Inflame"],"campfire_rested":3,"item_purchase_floors":[2,7,14],"current_hp_per_floor":[73,73,78,78,78,78,78,78,78,72,72,71,54,54,54,42,71,74,72,72,72,62,59,59,59,59,59,80,64,46,46,80,42,71,76,76,76,76,76,80,80,80,80,27,27,66,35,34,73,73,73],"gold":0,"neow_bonus":"RANDOM_COMMON_RELIC","is_daily":false,"chose_seed":false,"campfire_upgraded":6,"win_rate":0.0,"timestamp":1612650427,"path_taken":["M","$","M","?","M","R","$","R","T","E","R","M","?","?","R","BOSS","M","M","$","?","M","E","R","?","T","R","?","E","?","E","R","BOSS","M","?","?","?","?","M","R","?","T","?","$","R","M","E","R","BOSS"],"items_purchased_type":["Card","Card","Card"],"build_version":"2020-12-22","purchased_purges":1,"victory":false,"max_hp_per_floor":[80,80,80,80,80,80,80,80,80,80,80,80,80,80,80,80,80,80,80,80,80,80,80,80,80,80,80,80,80,80,80,80,80,80,80,80,80,80,80,80,80,80,80,80,80,80,80,80,80,80,80],"card_choices":[{"not_picked":["Searing Blow","Dark Embrace"],"picked":"Metallicize","floor":1.0},{"not_picked":["Sentinel","Rupture"],"picked":"Uppercut","floor":3.0},{"not_picked":["Havoc","Warcry"],"picked":"Shrug It Off","floor":5.0},{"not_picked":["Heavy Blade","Dual Wield"],"picked":"Armaments","floor":10.0},{"not_picked":["Cleave","Warcry","Ghostly Armor"],"picked":"SKIP","floor":12.0},{"not_picked":["Power Through","Thunderclap"],"picked":"True Grit","floor":13.0},{"not_picked":["Berserk","Fiend Fire"],"picked":"Impervious","floor":16.0},{"not_picked":["Shrug It Off","Clash+1","Armaments"],"picked":"SKIP","floor":18.0},{"not_picked":["Thunderclap","Flex+1","Warcry+1"],"picked":"SKIP","floor":19.0},{"not_picked":["Carnage+1","Shrug It Off"],"picked":"Body Slam","floor":22.0},{"not_picked":["Pommel Strike","Twin Strike+1","Thunderclap"],"picked":"SKIP","floor":23.0},{"not_picked":["Second Wind","Berserk","Twin Strike"],"picked":"SKIP","floor":29.0},{"not_picked":["Clash","Heavy Blade","Wild Strike"],"picked":"SKIP","floor":30.0},{"not_picked":["Wild Strike","Havoc"],"picked":"Warcry+1","floor":31.0},{"not_picked":["Feed","Immolate"],"picked":"Reaper","floor":33.0},{"not_picked":["Bloodletting+1","Carnage","Feel No Pain+1"],"picked":"SKIP","floor":35.0},{"not_picked":["Purity","The Bomb"],"picked":"Trip","floor":39},{"not_picked":["Havoc","Rupture"],"picked":"Flame Barrier","floor":40},{"not_picked":["Flex","Reckless Charge"],"picked":"Sword Boomerang+1","floor":44},{"not_picked":["Intimidate","Inflame"],"picked":"Cleave+1","floor":46},{"not_picked":["Iron Wave","Shockwave","Perfected Strike"],"picked":"SKIP","floor":47},{"not_picked":["Perfected Strike","Flex","Warcry"],"picked":"SKIP","floor":48},{"not_picked":["Cleave","Evolve+1"],"picked":"Heavy Blade","floor":49}],"player_experience":826055,"relics_obtained":[{"floor":9.0,"key":"Omamori"},{"floor":10.0,"key":"Red Skull"},{"floor":23.0,"key":"Blue Candle"},{"floor":26.0,"key":"Regal Pillow"},{"floor":29.0,"key":"Lantern"},{"floor":31.0,"key":"Ornamental Fan"},{"floor":48,"key":"Darkstone Periapt"}],"event_choices":[{"damage_healed":0.0,"max_hp_gain":0.0,"max_hp_loss":0.0,"gold_gain":0.0,"event_name":"Match and Keep!","player_choice":"1 cards matched","floor":4.0,"gold_loss":0.0,"damage_taken":0.0,"cards_obtained":["Offering"]},{"damage_healed":0.0,"max_hp_gain":0.0,"max_hp_loss":0.0,"gold_gain":99.0,"event_name":"Nest","player_choice":"Stole From Cult","floor":21.0,"gold_loss":0.0,"damage_taken":0.0},{"damage_healed":0.0,"max_hp_gain":0.0,"max_hp_loss":0.0,"gold_gain":0.0,"cards_transformed":["Strike_R","Strike_R"],"event_name":"Drug Dealer","player_choice":"Became Test Subject","floor":25.0,"gold_loss":0.0,"damage_taken":0.0,"cards_obtained":["Headbutt","Rupture"]},{"cards_removed":["Rupture"],"damage_healed":21.0,"max_hp_gain":0.0,"max_hp_loss":0.0,"gold_gain":0.0,"event_name":"Bonfire Elementals","player_choice":"Offered Uncommon","floor":28.0,"gold_loss":0.0,"damage_taken":0.0},{"damage_healed":0,"gold_gain":0,"player_choice":"Ignored","damage_taken":0,"max_hp_gain":0,"max_hp_loss":0,"event_name":"Mysterious Sphere","floor":36,"gold_loss":0},{"cards_removed":["Inflame"],"damage_healed":0,"gold_gain":0,"player_choice":"Removed Power","damage_taken":0,"max_hp_gain":0,"max_hp_loss":0,"event_name":"Falling","floor":37,"gold_loss":0},{"damage_healed":0,"gold_gain":0,"player_choice":"Paid","damage_taken":0,"relics_obtained":["Red Mask"],"max_hp_gain":0,"max_hp_loss":0,"event_name":"Tomb of Lord Red Mask","floor":38,"gold_loss":66},{"damage_healed":0,"gold_gain":0,"player_choice":"Memory 1","damage_taken":0,"max_hp_gain":0,"max_hp_loss":0,"event_name":"SensoryStone","floor":39,"gold_loss":0}],"is_beta":false,"boss_relics":[{"not_picked":["Snecko Eye","Empty Cage"],"picked":"Ectoplasm"},{"not_picked":["Astrolabe","Mark of Pain"],"picked":"SlaversCollar"}],"items_purged_floors":[20],"is_endless":false,"potions_floor_spawned":[1,3,13,16,18,30,31,47,48],"killed_by":"Donu and Deca","ascension_level":8}}