{"host":"2q4w55ev63ot6isg","time":1612583437,"event":{"mods":["Aspiration","BaseMod","Downfall","Hubris","Marisa????????","Minty Spire (QoL Compilation)","Replay The Spire","StSLib","The Cursed","The Jungle","The Servant 0.9.4"],"gold_per_floor":[118,43,58,58,73,73,98,98,98,98,98,126,26,26,26,126,126,145,165,200,200,200,200,215,215,263,288,321,333,333,38,38,136,136,148,148,148,194,416,416,426,457,507,521,535,535,566,576,576,576],"floor_reached":51,"language":"ENG","playtime":2980,"items_purged":["Strike_S","Strike_S","downfall:Bewildered"],"score":959,"play_id":"bf00a872-d28b-48e7-adef-ab1d53696301","local_time":"20210205195037","is_ascension_mode":true,"campfire_choices":[{"data":"TimeTheft","floor":6,"key":"SMITH"},{"data":"SoulSculpture","floor":8,"key":"SMITH"},{"data":"ForgedInTime","floor":10,"key":"SMITH"},{"floor":15,"key":"REST"},{"data":"Read","floor":23,"key":"SMITH"},{"data":"FloweringNight","floor":25,"key":"SMITH"},{"data":"Collapse","floor":32,"key":"SMITH"},{"data":"Collapse","floor":40,"key":"SMITH"},{"floor":46,"key":"REST"}],"circlet_count":0,"master_deck":["Defend_S","Defend_S","Defend_S","KidneyShot","Exchange","SoulSculpture+1","Barrier+1","SurpressingFire+1","TimeTheft+1","ForgedInTime+1","Read+1","Deny+1","Ricochet+1","WasteNot+1","ShiftingGears","BottledTime+1","FloweringNight+1","BottledTime","Collapse+1","PendulumOfEternity","CommonCold","downfall:Haunted","Overencumbered","Rearm+1","Collapse+1","BestPractice+1","MoonPhase+1","BottledTime+1","ShiftingGears+1","KillingDoll","SilverBlades+1"],"relics":["Uniform","Guardian:PocketSentry","aspiration:DSix","aspiration:FrozenJewel","bronze:BronzeIdol","Astrolabe","Red Mask","Art of War","ReplayTheSpireMod:CursedCoin","sneckomod:BlankCard","hubris:Icosahedron","Vajra","Lee\u0027s Waffle","Replay:Ancient Bell","Pet Ghost","Mirror","Pondfish Scales","CatCart","hubris:BundleOfHerbs","Bronze Scales","White Beast Statue"],"acts_visited":["Exordium","TheCity","TheBeyond"],"potions_floor_usage":[7,7,20,47],"damage_taken":[{"damage":0,"enemies":"Cultist","floor":1,"turns":3},{"damage":5,"enemies":"2 Louse","floor":3,"turns":2},{"damage":0,"enemies":"Small Slimes","floor":5,"turns":6},{"damage":9,"enemies":"Gremlin Nob","floor":7,"turns":4},{"damage":6,"enemies":"Lagavulin","floor":12,"turns":8},{"damage":0,"enemies":"Hexaghost","floor":16,"turns":16},{"damage":3,"enemies":"Chosen","floor":18,"turns":10},{"damage":9,"enemies":"2 Thieves","floor":19,"turns":4},{"damage":25,"enemies":"Masked Bandits","floor":20,"turns":4},{"damage":8,"enemies":"Snake Plant","floor":24,"turns":9},{"damage":0,"enemies":"Book of Stabbing","floor":28,"turns":12},{"damage":7,"enemies":"Centurion and Healer","floor":29,"turns":6},{"damage":2,"enemies":"Pondfish","floor":33,"turns":10},{"damage":0,"enemies":"Orb Walker","floor":35,"turns":2},{"damage":10,"enemies":"Orin","floor":38,"turns":8},{"damage":5,"enemies":"3 Shapes","floor":41,"turns":3},{"damage":33,"enemies":"Giant Head","floor":42,"turns":11},{"damage":21,"enemies":"Writhing Mass","floor":44,"turns":8},{"damage":0,"enemies":"Transient","floor":45,"turns":5},{"damage":0,"enemies":"R_Hoarder","floor":47,"turns":9},{"damage":0,"enemies":"3 Darklings","floor":48,"turns":7},{"damage":24,"enemies":"Time Eater","floor":50,"turns":8}],"seed_played":"-150425701063295715","potions_obtained":[{"floor":1,"key":"EssenceOfSteel"},{"floor":5,"key":"hexamod:SoulburnPotion"},{"floor":16,"key":"SpeedPotion"},{"floor":19,"key":"Explosive Potion"},{"floor":20,"key":"FearPotion"},{"floor":38,"key":"Ancient Potion"},{"floor":44,"key":"Guardian:BlockOnCardUsePotion"},{"floor":48,"key":"BlessingOfTheForge"}],"is_trial":false,"path_per_floor":["M","$","M","?","M","R","E","R","T","R","?","E","$","?","R","B",null,"M","M","?","?","?","R","M","R","T","$","E","M","?","$","R","B",null,"M","$","?","?","?","R","M","E","T","M","M","R","E","M","R","B",null],"character_chosen":"THE_SERVANT","items_purchased":["ReplayTheSpireMod:CursedCoin","Vajra","Lee\u0027s Waffle"],"campfire_rested":2,"item_purchase_floors":[27,31,31],"current_hp_per_floor":[65,65,60,65,65,65,56,56,56,56,56,50,50,25,44,44,65,62,53,28,28,49,49,41,41,41,41,41,34,34,72,72,70,72,72,72,72,62,62,62,57,24,24,3,3,24,24,24,45,21],"gold":576,"neow_bonus":"ONE_RANDOM_RARE_CARD","is_daily":false,"chose_seed":false,"campfire_upgraded":7,"win_rate":0.0,"timestamp":1612583437,"path_taken":["M","?","M","?","?","R","E","R","T","R","?","E","?","?","R","BOSS","M","M","?","?","?","R","?","R","T","$","E","M","?","$","R","BOSS","M","$","?","?","?","R","M","E","T","?","?","R","E","M","R","BOSS"],"items_purchased_type":["Relic","Relic","Relic"],"build_version":"2020-12-22","purchased_purges":3,"victory":true,"max_hp_per_floor":[65,65,65,65,65,65,65,65,65,65,65,65,65,65,65,65,65,65,65,65,65,65,65,65,65,65,65,65,65,65,72,72,72,72,72,72,72,72,72,72,72,72,72,72,72,72,72,72,72,72],"card_choices":[{"not_picked":["TimeTheft","Rearm"],"picked":"Barrier","floor":1},{"not_picked":["Shuttle","Revamp"],"picked":"SurpressingFire","floor":3},{"not_picked":["Rearm","Sabotage"],"picked":"TimeTheft","floor":5},{"not_picked":["Ricochet","ShatteredReality"],"picked":"ForgedInTime","floor":7},{"not_picked":["Moonlight","Unruled"],"picked":"Read","floor":12},{"not_picked":["Duplication","LightFlow"],"picked":"Deny","floor":16},{"not_picked":["Gouge","DoubleEdge","Shuttle"],"picked":"SKIP","floor":18},{"not_picked":["Unruled","TimeWarp"],"picked":"ShiftingGears","floor":19},{"not_picked":["DoubleEdge","Replace+1"],"picked":"BottledTime+1","floor":20},{"not_picked":["Rewind","Shuttle"],"picked":"FloweringNight","floor":24},{"not_picked":["Rearm","Advance"],"picked":"BottledTime","floor":28},{"not_picked":["Defy","RealityMarble"],"picked":"Collapse","floor":29},{"not_picked":["TheWorld","Initiator"],"picked":"PendulumOfEternity","floor":33},{"not_picked":["hubris:Compulsion","ReplayTheSpireMod:IOU"],"picked":"CommonCold","floor":34},{"not_picked":["ReplayTheSpireMod:IOU","Overencumbered"],"picked":"downfall:Haunted","floor":34},{"not_picked":["Pain","Parasite"],"picked":"Overencumbered","floor":34},{"not_picked":["Rewind+1","Spin+1"],"picked":"Rearm+1","floor":35},{"not_picked":["Deadline","ReturningBlade+1"],"picked":"Collapse","floor":38},{"not_picked":["DoubleEdge","ShatteredReality"],"picked":"BestPractice+1","floor":41},{"not_picked":["Ricochet+1","DoubleEdge+1"],"picked":"MoonPhase+1","floor":42},{"not_picked":["Unruled","DoubleEdge"],"picked":"BottledTime+1","floor":44},{"not_picked":["Defy+1","Rewind"],"picked":"ShiftingGears+1","floor":45},{"not_picked":["ForgedInTime","Manipulate"],"picked":"KillingDoll","floor":47},{"not_picked":["ShatteredReality+1","Alleviate+1"],"picked":"SilverBlades+1","floor":48}],"player_experience":229168,"relics_obtained":[{"floor":7,"key":"Guardian:PocketSentry"},{"floor":9,"key":"aspiration:DSix"},{"floor":12,"key":"aspiration:FrozenJewel"},{"floor":20,"key":"Red Mask"},{"floor":26,"key":"Art of War"},{"floor":28,"key":"sneckomod:BlankCard"},{"floor":38,"key":"CatCart"},{"floor":42,"key":"hubris:BundleOfHerbs"},{"floor":43,"key":"Bronze Scales"},{"floor":47,"key":"White Beast Statue"}],"event_choices":[{"damage_healed":0,"gold_gain":0,"player_choice":"Forge","damage_taken":0,"max_hp_gain":0,"max_hp_loss":0,"event_name":"Accursed Blacksmith","floor":11,"gold_loss":0,"cards_upgraded":["SurpressingFire"]},{"damage_healed":0,"gold_gain":0,"player_choice":"Success","damage_taken":25,"relics_obtained":["bronze:BronzeIdol"],"max_hp_gain":0,"max_hp_loss":0,"event_name":"Scrap Ooze","floor":14,"gold_loss":0},{"damage_healed":0,"gold_gain":0,"player_choice":"Fought Bandits","damage_taken":0,"max_hp_gain":0,"max_hp_loss":0,"event_name":"Masked Bandits","floor":20,"gold_loss":0},{"damage_healed":0,"gold_gain":0,"player_choice":"Ignored","damage_taken":0,"max_hp_gain":0,"max_hp_loss":0,"event_name":"Vampires","floor":21,"gold_loss":0},{"damage_healed":21,"gold_gain":0,"player_choice":"Heal","damage_taken":0,"max_hp_gain":0,"max_hp_loss":0,"event_name":"The Library","floor":22,"gold_loss":0},{"cards_removed":["Deny"],"damage_healed":0,"gold_gain":0,"player_choice":"Removed Skill","damage_taken":0,"max_hp_gain":0,"max_hp_loss":0,"event_name":"Falling","floor":37,"gold_loss":0},{"damage_healed":0,"gold_gain":0,"player_choice":"Fight","damage_taken":0,"max_hp_gain":0,"max_hp_loss":0,"event_name":"OrinTheCat","floor":38,"gold_loss":0},{"damage_healed":0,"gold_gain":222,"player_choice":"Wore Mask","damage_taken":0,"max_hp_gain":0,"max_hp_loss":0,"event_name":"Tomb of Lord Red Mask","floor":39,"gold_loss":0}],"is_beta":false,"boss_relics":[{"not_picked":["aspiration:SecretTechniqueScroll","Runic Dome"],"picked":"Astrolabe"},{"not_picked":["Velvet Choker","Replay:Wanted Poster"],"picked":"Replay:Ancient Bell"},{"not_picked":["Akabeko","aspiration:ChemicalBlood"],"picked":"Pet Ghost"},{"not_picked":["Question Card","Garlic"],"picked":"Mirror"},{"not_picked":["Replay:Arrowhead","Bird Faced Urn"],"picked":"Pondfish Scales"}],"items_purged_floors":[2,13,27],"is_endless":false,"potions_floor_spawned":[1,5,16,19,20,33,38,41,44,48],"ascension_level":2}}