{"host":"z609fbm6pkeriks8","time":1612624999,"event":{"mods":["AchievementEnabler","BaseMod","Colored Map","Colored Powertips","Highlight Path","Minty Spire (QoL Compilation)","StSLib","The Animator","Yuyuko"],"gold_per_floor":[114,125,125,78,78,111,111,142,142,154,170,181,181,193,193,193,193],"floor_reached":16,"language":"ZHS","playtime":991,"items_purged":[],"score":104,"play_id":"cfc587cd-165e-484c-8cd7-1d826ee3228d","local_time":"20210206232319","is_ascension_mode":false,"campfire_choices":[{"floor":7,"key":"REST"},{"floor":15,"key":"REST"}],"circlet_count":0,"master_deck":["animator:Strike_Konosuba","animator:Defend_Konosuba","animator:Strike","animator:Strike","animator:Strike","animator:Defend","animator:Defend","animator:Defend","animator:Kazuma","animator:Aqua","animator:Alexander","animator:ElricEdward","animator:ElricAlphonse","animator:Rider","animator:Alexander","animator:YunYun","animator:KyokoSakura","animator:OrikoMikuni","animator:RoyMustang","animator:EmiyaShirou"],"relics":["animator:LivingPicture","animator:TheMissingPiece","Nunchaku","Centennial Puzzle","animator:HallowedScabbard"],"acts_visited":["Exordium"],"potions_floor_usage":[],"damage_taken":[{"damage":7,"enemies":"2 Louse","floor":1,"turns":3},{"damage":2,"enemies":"Jaw Worm","floor":2,"turns":4},{"damage":17,"enemies":"3 Sentries","floor":6,"turns":10},{"damage":7,"enemies":"Small Slimes","floor":8,"turns":4},{"damage":10,"enemies":"Exordium Thugs","floor":10,"turns":5},{"damage":20,"enemies":"Large Slime","floor":11,"turns":4},{"damage":10,"enemies":"Lots of Slimes","floor":12,"turns":3},{"damage":3,"enemies":"2 Fungi Beasts","floor":14,"turns":3},{"damage":46,"enemies":"The Guardian","floor":16,"turns":8}],"seed_played":"3395886358488174913","potions_obtained":[{"floor":1,"key":"BlessingOfTheForge"},{"floor":6,"key":"Energy Potion"},{"floor":10,"key":"PowerPotion"}],"is_trial":false,"path_per_floor":["M","M","?","$","?","E","R","M","T","M","M","M","?","M","R","B"],"character_chosen":"THE_ANIMATOR","items_purchased":["animator:Rider"],"campfire_rested":2,"item_purchase_floors":[4],"current_hp_per_floor":[61,61,36,36,36,21,40,35,35,27,9,1,23,22,41,7,7],"gold":193,"neow_bonus":"THREE_CARDS","is_daily":false,"chose_seed":false,"campfire_upgraded":0,"win_rate":0.0,"timestamp":1612624999,"path_taken":["M","M","?","$","?","E","R","M","T","?","M","M","?","M","R","BOSS"],"items_purchased_type":["Card"],"build_version":"2020-12-22","purchased_purges":0,"victory":false,"max_hp_per_floor":[66,66,66,66,66,66,66,66,66,66,66,66,66,66,66,66,66],"card_choices":[{"not_picked":["animator:Evileye","animator:Chris"],"picked":"animator:Alexander","floor":0},{"not_picked":["animator:Pride","animator:Verdia"],"picked":"animator:ElricEdward","floor":1},{"not_picked":["animator:Vesta","animator:Demiurge"],"picked":"animator:ElricAlphonse","floor":2},{"not_picked":["animator:DolaSchwi","animator:Rider"],"picked":"animator:Alexander","floor":6},{"not_picked":["animator:Darkness","animator:Vanir"],"picked":"animator:YunYun","floor":8},{"not_picked":["animator:ElricAlphonse","animator:Verdia"],"picked":"animator:KyokoSakura","floor":10},{"not_picked":["animator:ShinjiMatou","animator:RoyMustang"],"picked":"animator:OrikoMikuni","floor":11},{"not_picked":["animator:Shion","animator:Verdia"],"picked":"animator:RoyMustang","floor":12},{"not_picked":["animator:Rider","animator:Alexander"],"picked":"animator:EmiyaShirou","floor":14}],"player_experience":40535,"relics_obtained":[{"floor":6,"key":"Centennial Puzzle"},{"floor":9,"key":"animator:HallowedScabbard"}],"event_choices":[{"damage_healed":0,"gold_gain":0,"player_choice":"Success","damage_taken":25,"relics_obtained":["Nunchaku"],"max_hp_gain":0,"max_hp_loss":0,"event_name":"Scrap Ooze","floor":3,"gold_loss":0},{"damage_healed":22,"gold_gain":0,"player_choice":"Banana","damage_taken":0,"max_hp_gain":0,"max_hp_loss":0,"event_name":"Big Fish","floor":13,"gold_loss":0}],"is_beta":false,"boss_relics":[],"items_purged_floors":[],"is_endless":false,"potions_floor_spawned":[1,6,10,14],"killed_by":"The Guardian","ascension_level":0}}