{"host":"5njoj2zap3ickz2y","time":1612651675,"event":{"mods":["BaseMod","Colored Map","Downfall","Minty Spire (QoL Compilation)","Permanent Neow","Quick Restart","Relic Stats","StSLib","Unceasing Turn Reminder"],"gold_per_floor":[119,119,137,29,45,73,73,92,118,68,68,68,68,96,96,170,170,182,182,2,18,35,64,26,40,66,98,98,98,98,98],"floor_reached":30,"language":"ENG","playtime":1370,"items_purged":["Defend_P"],"score":469,"play_id":"5203ca1e-c40c-4da8-b11f-dd06644cde70","local_time":"20210206144755","is_ascension_mode":true,"campfire_choices":[{"data":"BattleHymn","floor":7,"key":"SMITH"},{"data":"Consecrate","floor":11,"key":"SMITH"},{"data":"ReachHeaven","floor":13,"key":"SMITH"},{"data":"Vigilance","floor":15,"key":"SMITH"},{"floor":28,"key":"REST"}],"circlet_count":0,"master_deck":["AscendersBane","Strike_P","Strike_P+1","Strike_P","Defend_P","Defend_P","Defend_P","Eruption","Vigilance+1","Consecrate+1","ReachHeaven+1","BattleHymn+1","ThirdEye","Protect","CrushJoints+1","Scrawl","SashWhip","Wireheading","WheelKick","Sanctity"],"relics":["Busted Crown","Blood Vial","Bag of Preparation","Whetstone","Philosopher\u0027s Stone","Kunai","MealTicket","Vajra"],"acts_visited":["Exordium","TheCity"],"potions_floor_usage":[6,21,23],"damage_taken":[{"damage":0,"enemies":"2 Louse","floor":1,"turns":2},{"damage":2,"enemies":"Small Slimes","floor":3,"turns":4},{"damage":7,"enemies":"Jaw Worm","floor":5,"turns":2},{"damage":4,"enemies":"3 Sentries","floor":6,"turns":5},{"damage":3,"enemies":"Exordium Thugs","floor":8,"turns":4},{"damage":13,"enemies":"Lagavulin","floor":14,"turns":6},{"damage":15,"enemies":"Hexaghost","floor":16,"turns":8},{"damage":11,"enemies":"Shell Parasite","floor":18,"turns":3},{"damage":15,"enemies":"3 Byrds","floor":21,"turns":3},{"damage":0,"enemies":"Snecko","floor":22,"turns":2},{"damage":7,"enemies":"Gremlin Leader","floor":23,"turns":5},{"damage":10,"enemies":"Cultist and Chosen","floor":25,"turns":4},{"damage":28,"enemies":"Book of Stabbing","floor":27,"turns":5},{"damage":7,"enemies":"Slavers","floor":30,"turns":2}],"seed_played":"821586028681357110","potions_obtained":[{"floor":5,"key":"LiquidMemories"},{"floor":6,"key":"bronze:BurnAndBuffPotion"},{"floor":8,"key":"LiquidMemories"},{"floor":14,"key":"Fire Potion"},{"floor":21,"key":"SteroidPotion"},{"floor":22,"key":"champ:CounterPotion"}],"is_trial":false,"path_per_floor":["M","?","M","$","M","E","R","M","T","?","R","?","R","E","R","B",null,"M","?","$","M","M","E","$","M","T","E","R","?","E"],"character_chosen":"WATCHER","items_purchased":["ReachHeaven","BattleHymn","SashWhip","Wireheading","Sanctity"],"campfire_rested":1,"item_purchase_floors":[4,4,20,20,24],"current_hp_per_floor":[61,61,59,59,52,48,48,47,47,47,47,52,52,41,41,28,62,53,53,53,40,42,37,37,29,29,3,24,18,13,13],"gold":98,"neow_bonus":"BOSS_RELIC","is_daily":false,"chose_seed":false,"campfire_upgraded":4,"win_rate":0.0,"timestamp":1612651675,"path_taken":["M","?","M","$","M","E","R","M","T","?","R","?","R","E","R","BOSS","M","?","$","M","M","E","?","M","T","E","R","?","E"],"items_purchased_type":["Card","Card","Card","Card","Card"],"build_version":"2020-12-22","purchased_purges":1,"victory":false,"max_hp_per_floor":[68,68,68,68,68,68,68,68,68,68,68,73,73,73,73,73,73,73,73,73,73,73,73,73,73,73,73,73,73,73,73],"relic_stats":{"Blood Vial":20,"Busted Crown":26,"counters":[14,55],"MealTicket":0,"Bag of Preparation":[18],"Whetstone":["Strike_P","CrushJoints"],"Kunai":[7],"obtain_stats":[{"Blood Vial":6,"Busted Crown":0,"Vajra":27,"Philosopher\u0027s Stone":17,"MealTicket":26,"Bag of Preparation":9,"Whetstone":14,"Kunai":23,"PureWater":0},{"Blood Vial":4,"Busted Crown":0,"Vajra":13,"Philosopher\u0027s Stone":7,"MealTicket":12,"Bag of Preparation":5,"Whetstone":6,"Kunai":11,"PureWater":0},{"Blood Vial":13,"Busted Crown":0,"Vajra":53,"Philosopher\u0027s Stone":31,"MealTicket":48,"Bag of Preparation":17,"Whetstone":23,"Kunai":44,"PureWater":0}]},"card_choices":[{"not_picked":["PathToVictory"],"picked":"SKIP","floor":1},{"not_picked":[],"picked":"Consecrate","floor":3},{"not_picked":["Halt"],"picked":"SKIP","floor":5},{"not_picked":[],"picked":"ThirdEye","floor":6},{"not_picked":[],"picked":"Protect","floor":8},{"not_picked":[],"picked":"CrushJoints","floor":14},{"not_picked":[],"picked":"Scrawl","floor":16},{"not_picked":["BowlingBash"],"picked":"SKIP","floor":18},{"not_picked":["SandsOfTime"],"picked":"SKIP","floor":21},{"not_picked":["Prostrate"],"picked":"SKIP","floor":22},{"not_picked":[],"picked":"WheelKick","floor":23},{"not_picked":["FlyingSleeves"],"picked":"SKIP","floor":25},{"not_picked":["CrushJoints"],"picked":"SKIP","floor":27}],"player_experience":1776583,"relics_obtained":[{"floor":6,"key":"Blood Vial"},{"floor":9,"key":"Bag of Preparation"},{"floor":14,"key":"Whetstone"},{"floor":23,"key":"Kunai"},{"floor":26,"key":"MealTicket"},{"floor":27,"key":"Vajra"}],"event_choices":[{"damage_healed":0,"gold_gain":0,"player_choice":"Ignored","damage_taken":0,"max_hp_gain":0,"max_hp_loss":0,"event_name":"Liars Game","floor":2,"gold_loss":0},{"cards_removed":["Strike_P"],"damage_healed":0,"gold_gain":0,"player_choice":"Card Removal","damage_taken":0,"max_hp_gain":0,"max_hp_loss":0,"event_name":"The Cleric","floor":10,"gold_loss":50},{"damage_healed":0,"gold_gain":0,"player_choice":"Donut","damage_taken":0,"max_hp_gain":5,"max_hp_loss":0,"event_name":"Big Fish","floor":12,"gold_loss":0},{"damage_healed":0,"gold_gain":0,"player_choice":"0 cards matched","damage_taken":0,"max_hp_gain":0,"max_hp_loss":0,"event_name":"Match and Keep!","floor":19,"gold_loss":0,"cards_obtained":[]},{"damage_healed":0,"gold_gain":0,"player_choice":"","damage_taken":6,"max_hp_gain":0,"max_hp_loss":0,"event_name":"Knowing Skull","floor":29,"potions_obtained":[],"gold_loss":0,"cards_obtained":[]}],"is_beta":false,"boss_relics":[{"not_picked":["Cursed Key","Sozu"],"picked":"Philosopher\u0027s Stone"}],"items_purged_floors":[20],"is_endless":false,"potions_floor_spawned":[5,6,8,14,21,22],"killed_by":"Slavers","ascension_level":14}}