{"host":"utqe55yv0jihe4d6","time":1612654313,"event":{"mods":["2.2 Compatiblity","AchievementEnabler","BaseMod","Block Reminder","Colored Map","Colored Powertips","Minty Spire (QoL Compilation)","Quick Restart","Rare Cards Sparkle","Relic Stats","SuperFastMode"],"gold_per_floor":[216,229,229,229,10,10,40,40,40,69,87,98,130,130,130,204,204,222,222,172,185,205,205,205,205],"floor_reached":24,"language":"ENG","playtime":934,"items_purged":["Defend_P"],"score":428,"play_id":"753238c3-59aa-41c9-9d26-ddec8a06f6c0","local_time":"20210206183153","is_ascension_mode":true,"campfire_choices":[{"data":"CrushJoints","floor":6.0,"key":"SMITH"},{"data":"FlyingSleeves","floor":8.0,"key":"SMITH"},{"floor":15.0,"key":"REST"},{"floor":23,"key":"REST"}],"circlet_count":0,"master_deck":["AscendersBane","Strike_P","Strike_P+1","Strike_P","Defend_P+1","Defend_P","Defend_P","Eruption","Vigilance+1","Tantrum","FlyingSleeves+1","CrushJoints+1","Prostrate","EmptyFist","MentalFortress","TalkToTheHand","TalkToTheHand","LessonLearned","FlurryOfBlows","Wallop","CutThroughFate"],"relics":["PureWater","Frozen Eye","Letter Opener","Yang","Orichalcum","Smiling Mask","SlaversCollar"],"acts_visited":["Exordium","TheCity"],"potions_floor_usage":[22],"damage_taken":[{"damage":2.0,"enemies":"2 Louse","floor":1.0,"turns":4.0},{"damage":0.0,"enemies":"Jaw Worm","floor":2.0,"turns":2.0},{"damage":2.0,"enemies":"Gremlin Nob","floor":7.0,"turns":3.0},{"damage":17.0,"enemies":"3 Sentries","floor":10.0,"turns":4.0},{"damage":0.0,"enemies":"Small Slimes","floor":11.0,"turns":3.0},{"damage":0.0,"enemies":"Exordium Thugs","floor":12.0,"turns":3.0},{"damage":19.0,"enemies":"Lagavulin","floor":13.0,"turns":5.0},{"damage":13,"enemies":"The Guardian","floor":16,"turns":9},{"damage":20,"enemies":"3 Byrds","floor":18,"turns":6},{"damage":5,"enemies":"Chosen","floor":21,"turns":5},{"damage":41,"enemies":"Snake Plant","floor":22,"turns":4},{"damage":29,"enemies":"Book of Stabbing","floor":24,"turns":3}],"seed_played":"-8449316390899829803","potions_obtained":[{"floor":1.0,"key":"SpeedPotion"},{"floor":13.0,"key":"Ancient Potion"},{"floor":16,"key":"Regen Potion"},{"floor":18,"key":"FearPotion"}],"is_trial":false,"path_per_floor":["M","M","?","?","$","R","E","R","T","E","M","M","E","?","R","B",null,"M","?","$","M","M","R","E"],"character_chosen":"WATCHER","items_purchased":["Frozen Eye","CrushJoints"],"campfire_rested":2,"item_purchase_floors":[5,5],"current_hp_per_floor":[59,59,64,42,42,42,40,40,40,23,23,23,4,4,25,12,58,38,38,38,33,4,25,0,0],"gold":205,"neow_bonus":"HUNDRED_GOLD","is_daily":false,"chose_seed":false,"campfire_upgraded":2,"win_rate":0.0,"timestamp":1612654313,"path_taken":["M","M","?","?","$","R","E","R","T","E","M","M","E","?","R","BOSS","M","?","$","M","M","R","E"],"items_purchased_type":["Relic","Card"],"build_version":"2020-12-22","purchased_purges":1,"victory":false,"max_hp_per_floor":[68,68,73,73,73,73,73,73,73,73,73,73,73,73,73,73,73,73,73,73,73,73,73,73,73],"relic_stats":{"counters":[12,51],"Yang":[91],"Letter Opener":[20],"Orichalcum":[0],"Smiling Mask":25,"obtain_stats":[{"Frozen Eye":5,"SlaversCollar":17,"Yang":9,"Letter Opener":7,"PureWater":0,"Orichalcum":10,"Smiling Mask":13},{"Frozen Eye":2,"SlaversCollar":8,"Yang":3,"Letter Opener":3,"PureWater":0,"Orichalcum":4,"Smiling Mask":7},{"Frozen Eye":6,"SlaversCollar":33,"Yang":9,"Letter Opener":9,"PureWater":0,"Orichalcum":13,"Smiling Mask":24}]},"card_choices":[{"not_picked":["SashWhip","Consecrate"],"picked":"Tantrum","floor":1.0},{"not_picked":["ForeignInfluence","Pray"],"picked":"FlyingSleeves","floor":2.0},{"not_picked":["Sanctity","Crescendo"],"picked":"Prostrate","floor":7.0},{"not_picked":["Evaluate","Alpha"],"picked":"EmptyFist","floor":10.0},{"not_picked":["Prostrate","EmptyFist"],"picked":"MentalFortress","floor":11.0},{"not_picked":["EmptyFist","Meditate"],"picked":"TalkToTheHand","floor":12.0},{"not_picked":["Tantrum","Vault"],"picked":"TalkToTheHand","floor":13.0},{"not_picked":["Judgement","DevaForm"],"picked":"LessonLearned","floor":16},{"not_picked":["FollowUp+1","Tantrum"],"picked":"FlurryOfBlows","floor":18},{"not_picked":["Swivel","CutThroughFate"],"picked":"Wallop","floor":21},{"not_picked":["FlurryOfBlows","WreathOfFlame"],"picked":"CutThroughFate","floor":22}],"player_experience":3038123,"relics_obtained":[{"floor":7.0,"key":"Letter Opener"},{"floor":9.0,"key":"Yang"},{"floor":10.0,"key":"Orichalcum"},{"floor":13.0,"key":"Smiling Mask"}],"event_choices":[{"damage_healed":0.0,"max_hp_gain":5.0,"max_hp_loss":0.0,"gold_gain":0.0,"event_name":"Big Fish","player_choice":"Donut","floor":3.0,"gold_loss":0.0,"damage_taken":0.0},{"damage_healed":0.0,"max_hp_gain":0.0,"max_hp_loss":0.0,"gold_gain":0.0,"event_name":"Shining Light","player_choice":"Entered Light","floor":4.0,"gold_loss":0.0,"damage_taken":22.0,"cards_upgraded":["Defend_P","Vigilance"]},{"cards_removed":["Strike_P"],"damage_healed":0.0,"max_hp_gain":0.0,"max_hp_loss":0.0,"gold_gain":0.0,"event_name":"Purifier","player_choice":"Purged","floor":14.0,"gold_loss":0.0,"damage_taken":0.0},{"damage_healed":0,"gold_gain":0,"player_choice":"Ignored","damage_taken":0,"max_hp_gain":0,"max_hp_loss":0,"event_name":"Vampires","floor":19,"gold_loss":0}],"is_beta":false,"boss_relics":[{"not_picked":["Calling Bell","Velvet Choker"],"picked":"SlaversCollar"}],"items_purged_floors":[20],"is_endless":false,"potions_floor_spawned":[1,13,16,18],"killed_by":"Book of Stabbing","ascension_level":20}}