{"host":"gaqgms3yfkb3d4j1","time":1612615964,"event":{"mods":["BaseMod","Marisa£®ÏF”Í°°ƒß¿Ì…≥£©","Minty Spire (QoL Compilation)","StSLib","The Servant 0.9.4","Youmu£®ªÍ∆«—˝√Œ£©"],"gold_per_floor":[14,89,107,107,121,121,141,141,141,155,155,190,190,220,220,321,321,334,334,334,350,132,132,157,157,180,215,227,259,358,68,68,173,173,188,188,33,49,67,97,111,111,160,170,70,70,70,86,86,86,86,86,86,118,118,118],"floor_reached":55,"language":"ZHS","playtime":5440,"items_purged":["Strike_MRS","Strike_MRS"],"score":833,"play_id":"d83bad91-99d1-42fb-8868-7e41a6151157","local_time":"20210206205244","is_ascension_mode":false,"campfire_choices":[{"data":"MasterSpark","floor":6.0,"key":"SMITH"},{"data":"UnstableBomb","floor":11.0,"key":"SMITH"},{"data":"MilkyWay","floor":13.0,"key":"SMITH"},{"data":"UpSweep","floor":15.0,"key":"SMITH"},{"data":"MillisecondPulsars","floor":23.0,"key":"SMITH"},{"floor":25.0,"key":"RECALL"},{"data":"MilkyWay","floor":32.0,"key":"SMITH"},{"data":"MilkyWay","floor":42.0,"key":"SMITH"},{"data":"Acceleration","floor":47.0,"key":"SMITH"},{"data":"Defend_MRS","floor":49.0,"key":"SMITH"},{"data":"Defend_MRS","floor":52.0,"key":"SMITH"}],"circlet_count":0,"master_deck":["Defend_MRS","Defend_MRS+1","Defend_MRS+1","MasterSpark+1","UpSweep+1","UnstableBomb+1","MilkyWay+1","MillisecondPulsars+1","UnstableBomb+1","MilkyWay+1","MilkyWay+1","MilkyWay+1","OortCloud+1","Acceleration+1","UnstableBomb+1","MilkyWay+1"],"relics":["MiniHakkero","Pocketwatch","TungstenRod","Ice Cream","Gremlin Horn","Coffee Dripper","MutagenicStrength","MealTicket","Lizard Tail","Omamori","Red Mask","Gambling Chip","Empty Cage","Orrery","Centennial Puzzle","Art of War","Bag of Preparation"],"acts_visited":[],"potions_floor_usage":[],"damage_taken":[{"damage":6.0,"enemies":"Cultist","floor":1.0,"turns":3.0},{"damage":1.0,"enemies":"Jaw Worm","floor":3.0,"turns":3.0},{"damage":0.0,"enemies":"2 Louse","floor":5.0,"turns":2.0},{"damage":0.0,"enemies":"2 Fungi Beasts","floor":7.0,"turns":2.0},{"damage":5.0,"enemies":"3 Louse","floor":10.0,"turns":4.0},{"damage":12.0,"enemies":"Lagavulin","floor":12.0,"turns":4.0},{"damage":2.0,"enemies":"The Guardian","floor":16.0,"turns":9.0},{"damage":7.0,"enemies":"2 Thieves","floor":18.0,"turns":3.0},{"damage":2.0,"enemies":"3 Byrds","floor":21.0,"turns":4.0},{"damage":26.0,"enemies":"Book of Stabbing","floor":24.0,"turns":5.0},{"damage":30.0,"enemies":"Slavers","floor":27.0,"turns":5.0},{"damage":8.0,"enemies":"Cultist and Chosen","floor":28.0,"turns":4.0},{"damage":4.0,"enemies":"Masked Bandits","floor":29.0,"turns":2.0},{"damage":36.0,"enemies":"Collector","floor":33.0,"turns":6.0},{"damage":0.0,"enemies":"Orb Walker","floor":35.0,"turns":2.0},{"damage":0.0,"enemies":"3 Darklings","floor":38.0,"turns":4.0},{"damage":0.0,"enemies":"Sphere and 2 Shapes","floor":39.0,"turns":3.0},{"damage":20.0,"enemies":"Reptomancer","floor":40.0,"turns":3.0},{"damage":18.0,"enemies":"Jaw Worm Horde","floor":41.0,"turns":7.0},{"damage":0.0,"enemies":"Transient","floor":44.0,"turns":5.0},{"damage":0.0,"enemies":"Maw","floor":48.0,"turns":5.0},{"damage":0.0,"enemies":"Awakened One","floor":50.0,"turns":7.0},{"damage":14.0,"enemies":"Shield and Spear","floor":54.0,"turns":7.0},{"damage":62,"enemies":"The Heart","floor":55,"turns":3}],"seed_played":"3694127116673090549","potions_obtained":[{"floor":1.0,"key":"SteroidPotion"},{"floor":10.0,"key":"Block Potion"},{"floor":12.0,"key":"PowerPotion"},{"floor":24.0,"key":"Ancient Potion"},{"floor":29.0,"key":"BottledSpark"},{"floor":33.0,"key":"Regen Potion"},{"floor":35.0,"key":"AttackPotion"},{"floor":41.0,"key":"EssenceOfSteel"}],"is_trial":false,"path_per_floor":["M","?","M","?","M","R","M","?","T","M","R","E","R","?","R","B",null,"M","?","?","M","$","R","E","R","T","E","M","?","?","$","R","B",null,"M","?","$","M","M","E","M","R","T","M","$","?","R","M","R","B",null,"R","$","E","B"],"character_chosen":"MARISA","items_purchased":["MealTicket","Gambling Chip","Orrery"],"campfire_rested":0,"item_purchase_floors":[22,31,37],"current_hp_per_floor":[69,58,57,50,50,50,50,50,50,45,45,33,33,33,33,31,75,68,68,68,66,66,66,40,40,40,10,2,37,37,52,52,16,75,75,75,75,75,75,55,52,52,52,52,67,67,67,67,67,67,75,75,75,61,0,0],"gold":118,"neow_bonus":"ONE_RARE_RELIC","is_daily":false,"chose_seed":false,"campfire_upgraded":10,"win_rate":0.0,"timestamp":1612615964,"path_taken":["M","?","M","?","M","R","M","?","T","M","R","E","R","?","R","BOSS","M","?","?","M","$","R","E","R","T","E","M","?","?","$","R","BOSS","M","?","$","?","M","E","?","R","T","M","$","?","R","?","R","BOSS","R","$","E","BOSS"],"items_purchased_type":["Relic","Relic","Relic"],"build_version":"2020-12-22","purchased_purges":2,"victory":false,"max_hp_per_floor":[75,75,75,75,75,75,75,75,75,75,75,75,75,75,75,75,75,75,75,75,75,75,75,75,75,75,75,75,75,75,75,75,75,75,75,75,75,75,75,75,75,75,75,75,75,75,75,75,75,75,75,75,75,75,75,75],"card_choices":[{"not_picked":["Orbital","RefractionSpark","MysteriousBeam"],"picked":"SKIP","floor":1.0},{"not_picked":["GrandCross","AlicesGift","WitchOfGreed"],"picked":"SKIP","floor":3.0},{"not_picked":["EventHorizon","Singularity"],"picked":"UnstableBomb","floor":5.0},{"not_picked":["EventHorizon","GrandCross","WitchOfGreed"],"picked":"SKIP","floor":7.0},{"not_picked":["AsteroidBelt","SporeBomb","SprinkleStarSeal"],"picked":"SKIP","floor":10.0},{"not_picked":["NonDirectionalLaser","6A"],"picked":"MilkyWay","floor":12.0},{"not_picked":["StarDustReverie","EscapeVelocity"],"picked":"MillisecondPulsars","floor":16.0},{"not_picked":["EventHorizon","NonDirectionalLaser","GravityBeat"],"picked":"SKIP","floor":18.0},{"not_picked":["WitchLeyline","MysteriousBeam","SporeBomb"],"picked":"SKIP","floor":21.0},{"not_picked":["MysteriousBeam+1","EnergyRecoil"],"picked":"UnstableBomb+1","floor":24.0},{"not_picked":["WitchOfGreed","SporeBomb"],"picked":"MilkyWay","floor":27.0},{"not_picked":["IllusionStar+1","Robbery","OrrerysSun"],"picked":"SKIP","floor":28.0},{"not_picked":["SuperPerseids+1","WitchLeyline","RefractionSpark+1"],"picked":"SKIP","floor":35.0},{"not_picked":["PowerUp","Orbital+1"],"picked":"MilkyWay+1","floor":37.0},{"not_picked":["PowerUp","OneTimeOff+1"],"picked":"OortCloud+1","floor":37.0},{"not_picked":["MysteriousBeam","StarlightTyphoon+1"],"picked":"Acceleration","floor":38.0},{"not_picked":["AsteroidBelt","RefractionSpark"],"picked":"UnstableBomb+1","floor":39.0},{"not_picked":["ChargeUpSpray+1","6A+1","EscapeVelocity"],"picked":"SKIP","floor":40.0},{"not_picked":["SporeBomb+1","MeteoricShower+1","PowerUp+1"],"picked":"SKIP","floor":41.0},{"not_picked":["GalacticHalo+1","Singularity+1"],"picked":"MilkyWay+1","floor":44.0},{"not_picked":["6A","LuminesStrike+1","Singularity"],"picked":"SKIP","floor":48.0},{"not_picked":["Singularity+1","SuperNova","ShootTheMoon"],"picked":"SKIP","floor":54.0}],"player_experience":483552,"relics_obtained":[{"floor":9.0,"key":"TungstenRod"},{"floor":12.0,"key":"Ice Cream"},{"floor":24.0,"key":"Lizard Tail"},{"floor":27.0,"key":"Omamori"},{"floor":29.0,"key":"Red Mask"},{"floor":40.0,"key":"Centennial Puzzle"},{"floor":43.0,"key":"Art of War"},{"floor":54.0,"key":"Bag of Preparation"}],"event_choices":[{"damage_healed":0.0,"max_hp_gain":0.0,"max_hp_loss":0.0,"gold_gain":75.0,"event_name":"World of Goop","player_choice":"Gather Gold","floor":2.0,"gold_loss":0.0,"damage_taken":11.0},{"cards_removed":["Strike_MRS"],"damage_healed":0.0,"max_hp_gain":0.0,"max_hp_loss":0.0,"gold_gain":0.0,"event_name":"Golden Wing","player_choice":"Card Removal","floor":4.0,"gold_loss":0.0,"damage_taken":7.0},{"damage_healed":0.0,"max_hp_gain":0.0,"max_hp_loss":0.0,"gold_gain":0.0,"event_name":"Liars Game","player_choice":"Ignored","floor":8.0,"gold_loss":0.0,"damage_taken":0.0},{"damage_healed":0.0,"max_hp_gain":0.0,"max_hp_loss":0.0,"gold_gain":30.0,"event_name":"Dead Adventurer","player_choice":"Searched \u00272\u0027 times","floor":14.0,"gold_loss":0.0,"damage_taken":0.0,"relics_obtained":["Gremlin Horn"]},{"damage_healed":0.0,"max_hp_gain":0.0,"max_hp_loss":0.0,"gold_gain":0.0,"event_name":"Cursed Tome","player_choice":"Ignored","floor":19.0,"gold_loss":0.0,"damage_taken":0.0},{"damage_healed":0.0,"max_hp_gain":0.0,"max_hp_loss":0.0,"gold_gain":0.0,"event_name":"Drug Dealer","player_choice":"Inject Mutagens","floor":20.0,"gold_loss":0.0,"damage_taken":0.0,"relics_obtained":["MutagenicStrength"]},{"damage_healed":0.0,"max_hp_gain":0.0,"max_hp_loss":0.0,"gold_gain":0.0,"event_name":"Masked Bandits","player_choice":"Fought Bandits","floor":29.0,"gold_loss":0.0,"damage_taken":0.0},{"damage_healed":0.0,"max_hp_gain":0.0,"max_hp_loss":0.0,"gold_gain":99.0,"event_name":"Nest","player_choice":"Stole From Cult","floor":30.0,"gold_loss":0.0,"damage_taken":0.0},{"damage_healed":0.0,"max_hp_gain":0.0,"max_hp_loss":0.0,"gold_gain":0.0,"event_name":"Match and Keep!","player_choice":"1 cards matched","floor":36.0,"gold_loss":0.0,"damage_taken":0.0,"cards_obtained":["MilkyWay"]},{"damage_healed":0.0,"max_hp_gain":0.0,"max_hp_loss":0.0,"gold_gain":0.0,"event_name":"Transmorgrifier","player_choice":"Ignored","floor":46.0,"gold_loss":0.0,"damage_taken":0.0}],"is_beta":false,"boss_relics":[{"not_picked":["SacredBark","SlaversCollar"],"picked":"Coffee Dripper"},{"not_picked":["RampagingMagicTools","ExperimentalFamiliar"],"picked":"Empty Cage"}],"items_purged_floors":[22,45],"is_endless":false,"potions_floor_spawned":[1,10,12,24,29,33,35,41],"killed_by":"The Heart","ascension_level":0}}