{"host":"osk2oboccoevp2u5","time":1612636148,"event":{"mods":["AchievementEnabler","Alarm Clock","BaseMod","Colored Powertips","Disable Question Mark Monsters","Displayed Cursed Tome","Key Reminder","Minty Spire (QoL Compilation)","Potion Indicator Mod","Quick Restart","Rare Cards Sparkle","Reorder Act Four","StSLib","The Cursed","Useless Jewels Mod"],"gold_per_floor":[116,41,41,58,69,69,69,86,86,100,132,144,144,44,44,147,147,160,35,134,59,59,59,59,59],"floor_reached":24,"language":"ENG","playtime":930,"items_purged":["TheCursedMod:Strike_TheCursed","TheCursedMod:Defend_TheCursed","TheCursedMod:Defend_TheCursed"],"score":281,"play_id":"0952a1ad-f73f-4ecd-888c-3cc2c796ac50","local_time":"20210206142908","is_ascension_mode":true,"campfire_choices":[{"data":"TheCursedMod:CursedArmor","floor":6,"key":"SMITH"},{"floor":13,"key":"REST"},{"floor":15,"key":"REST"},{"floor":23,"key":"REST"}],"circlet_count":0,"master_deck":["TheCursedMod:Defend_TheCursed","TheCursedMod:CursedWand","TheCursedMod:CleanUpWorkshop","TheCursedMod:Dregs","TheCursedMod:CursedStaff","TheCursedMod:CollectTribute","Dramatic Entrance","TheCursedMod:SpitefulPray","TheCursedMod:CursedArmor+1","TheCursedMod:Hemoplague","TheCursedMod:Hemoplague","TheCursedMod:RavingStaff","TheCursedMod:AntiAging","TheCursedMod:Hemoplague","J.A.X."],"relics":["TheCursedMod:BlackMagic101","Eternal Feather","Incense Burner","SlaversCollar"],"acts_visited":["Exordium","TheCity"],"potions_floor_usage":[11,11,11,16],"damage_taken":[{"damage":0,"enemies":"2 Louse","floor":1,"turns":3},{"damage":4,"enemies":"Cultist","floor":4,"turns":4},{"damage":0,"enemies":"Small Slimes","floor":5,"turns":2},{"damage":0,"enemies":"Red Slaver","floor":8,"turns":5},{"damage":0,"enemies":"Exordium Thugs","floor":10,"turns":5},{"damage":68,"enemies":"Gremlin Nob","floor":11,"turns":6},{"damage":7,"enemies":"Exordium Wildlife","floor":12,"turns":3},{"damage":31,"enemies":"Hexaghost","floor":16,"turns":9},{"damage":54,"enemies":"Spheric Guardian","floor":18,"turns":9},{"damage":29,"enemies":"Book of Stabbing","floor":24,"turns":5}],"seed_played":"6633776363415594133","potions_obtained":[{"floor":1,"key":"Regen Potion"},{"floor":4,"key":"Ancient Potion"},{"floor":10,"key":"LiquidMemories"},{"floor":12,"key":"SteroidPotion"}],"is_trial":false,"path_per_floor":["M","$","?","M","M","R","?","M","T","M","E","M","R","$","R","B",null,"M","$","?","?","?","R","E"],"character_chosen":"THE_CURSED","items_purchased":[],"campfire_rested":3,"item_purchase_floors":[],"current_hp_per_floor":[68,68,68,64,64,64,64,64,64,64,10,3,32,32,58,27,58,6,6,6,6,6,36,9,9],"gold":59,"neow_bonus":"REMOVE_TWO","is_daily":false,"chose_seed":false,"campfire_upgraded":1,"win_rate":0.0,"timestamp":1612636148,"path_taken":["M","$","?","?","M","R","?","M","T","?","E","M","R","?","R","BOSS","M","$","?","?","?","R","E"],"items_purchased_type":[],"build_version":"2020-12-22","purchased_purges":3,"victory":false,"max_hp_per_floor":[68,68,68,68,68,68,68,68,68,68,68,68,68,68,68,68,68,70,70,70,70,70,70,72,72],"card_choices":[{"not_picked":["TheCursedMod:CursedBoomerang","TheCursedMod:DoubleShield"],"picked":"TheCursedMod:CursedStaff","floor":1},{"not_picked":["TheCursedMod:Hemoplague","TheCursedMod:SaltUponWound"],"picked":"TheCursedMod:SpitefulPray","floor":4},{"not_picked":["TheCursedMod:CircleOfWindfury","TheCursedMod:CircleOfCorruption"],"picked":"TheCursedMod:CursedArmor","floor":5},{"not_picked":["TheCursedMod:ManaBullet","TheCursedMod:CircleOfBlood","TheCursedMod:CircleOfCorruption"],"picked":"SKIP","floor":8},{"not_picked":["TheCursedMod:CursedShiv","TheCursedMod:CircleOfCorruption"],"picked":"TheCursedMod:Hemoplague","floor":10},{"not_picked":["TheCursedMod:Neurasthenia","TheCursedMod:Stretching"],"picked":"TheCursedMod:RavingStaff","floor":11},{"not_picked":["TheCursedMod:RavingStaff","TheCursedMod:Grudge","TheCursedMod:HellsGateOpen"],"picked":"SKIP","floor":12},{"not_picked":["TheCursedMod:DemonSword","TheCursedMod:CircleOfAbyss"],"picked":"TheCursedMod:AntiAging","floor":16},{"not_picked":["TheCursedMod:CursedArmor","TheCursedMod:HellfireBreathing"],"picked":"TheCursedMod:Hemoplague","floor":18}],"player_experience":970513,"relics_obtained":[{"floor":9,"key":"Eternal Feather"},{"floor":11,"key":"Incense Burner"}],"event_choices":[{"damage_healed":0,"gold_gain":0,"player_choice":"2 cards matched","damage_taken":0,"max_hp_gain":0,"max_hp_loss":0,"event_name":"Match and Keep!","floor":3,"gold_loss":0,"cards_obtained":["TheCursedMod:CollectTribute","Dramatic Entrance"]},{"damage_healed":0,"gold_gain":0,"cards_transformed":["TheCursedMod:Strike_TheCursed"],"player_choice":"Transformed","damage_taken":0,"max_hp_gain":0,"max_hp_loss":0,"event_name":"Transmorgrifier","floor":7,"gold_loss":0,"cards_obtained":["TheCursedMod:Hemoplague"]},{"damage_healed":0,"gold_gain":99,"player_choice":"Stole From Cult","damage_taken":0,"max_hp_gain":0,"max_hp_loss":0,"event_name":"Nest","floor":20,"gold_loss":0},{"cards_removed":["TheCursedMod:Defend_TheCursed"],"damage_healed":0,"gold_gain":0,"player_choice":"Gave Gold","damage_taken":0,"max_hp_gain":0,"max_hp_loss":0,"event_name":"Beggar","floor":21,"gold_loss":75},{"damage_healed":0,"gold_gain":0,"player_choice":"Obtain J.A.X.","damage_taken":0,"max_hp_gain":0,"max_hp_loss":0,"event_name":"Drug Dealer","floor":22,"gold_loss":0,"cards_obtained":["J.A.X."]}],"is_beta":false,"boss_relics":[{"not_picked":["Pandora\u0027s Box","Velvet Choker"],"picked":"SlaversCollar"}],"items_purged_floors":[2,14,19],"is_endless":false,"potions_floor_spawned":[1,4,10,12],"killed_by":"Book of Stabbing","ascension_level":9}}