{"host":"xiain65d2hovry7l","time":1612611801,"event":{"mods":["2.2 Compatiblity","Act Like it!","BaseMod","Better Match","Better Note","BetterRewards","Challenge The Spire","Colored Map","Colored Powertips","Downfall","Faster Ascension Climbing","Friendly Minions","Gremlin Mod","Highlight Path","Mimic Mod","Minty Spire (QoL Compilation)","Relic Sorter","Remilia??????","StSLib","The Administrix","The Construct","The Necromancer","The Servant 0.9.4","Unknown Chances"],"gold_per_floor":[99,114,127,127,137,37,37,57,67,87,119,139,168,268,282,379,379,279,298,313,331,87,121,160,179,193,223,123,123,123,140,157,157,157,157],"floor_reached":33,"language":"ENG","playtime":2950,"items_purged":["hexamod:Strike"],"score":483,"play_id":"4b8b6761-9389-4913-b452-23776f1609d4","local_time":"20210206124321","is_ascension_mode":true,"campfire_choices":[{"floor":1,"key":"RECALL"},{"data":"hexamod:ExtraCrispy","floor":6,"key":"SMITH"},{"data":"hexamod:BurningTouch","floor":18,"key":"SMITH"},{"data":"hexamod:Sear","floor":28,"key":"SMITH"},{"data":"hexamod:CatchUp","floor":30,"key":"SMITH"}],"circlet_count":0,"master_deck":["AscendersBane","hexamod:Strike","hexamod:Strike","hexamod:Defend","hexamod:Defend","hexamod:Defend","hexamod:Defend","hexamod:Sear+1","hexamod:Float","hexamod:FastForward","hexamod:ExtraCrispy+1","hexamod:FirstSeal","hexamod:SpectersWail","hexamod:Hexaguard","hexamod:TimeOfNeed","hexamod:CatchUp+1","hexamod:HauntingEcho","hexamod:BurningTouch+1","hexamod:SearingWound","hexamod:Incineration","hexamod:HeatShield","hexamod:SpectersWail","hexamod:SearingWound","hexamod:ShieldOfDarkness","hexamod:NightmareGuise","hexamod:Haunt"],"relics":["hexamod:SpiritBrand","downfall:HeartBlessingRed","Art of War","Thread and Needle","Bottled Flame","Sozu","downfall:HeartBlessingGreen","Shuriken","Nunchaku","downfall:HeartBlessingBlue"],"acts_visited":["Exordium","TheCity"],"potions_floor_usage":[11,16,23],"damage_taken":[{"damage":2,"enemies":"Jaw Worm","floor":2,"turns":3},{"damage":0,"enemies":"Cultist","floor":3,"turns":3},{"damage":5,"enemies":"2 Louse","floor":5,"turns":4},{"damage":13,"enemies":"Blue Slaver","floor":8,"turns":3},{"damage":12,"enemies":"2 Fungi Beasts","floor":9,"turns":3},{"damage":15,"enemies":"3 Louse","floor":10,"turns":4},{"damage":14,"enemies":"Lagavulin","floor":11,"turns":7},{"damage":0,"enemies":"Blue Slaver","floor":12,"turns":3},{"damage":11,"enemies":"3 Sentries","floor":13,"turns":8},{"damage":1,"enemies":"Lots of Slimes","floor":15,"turns":2},{"damage":19,"enemies":"SI_SHIV_ARCHETYPE","floor":16,"turns":9},{"damage":7,"enemies":"Spheric Guardian","floor":19,"turns":5},{"damage":24,"enemies":"3 Byrds","floor":20,"turns":4},{"damage":20,"enemies":"Centurion and Healer","floor":21,"turns":6},{"damage":1,"enemies":"downfall:FleeingMerchant","floor":22,"turns":4},{"damage":30,"enemies":"Slavers","floor":23,"turns":5},{"damage":0,"enemies":"Snake Plant","floor":24,"turns":6},{"damage":0,"enemies":"Snake Plant","floor":25,"turns":3},{"damage":3,"enemies":"Chosen and Byrds","floor":26,"turns":5},{"damage":9,"enemies":"Book of Stabbing","floor":27,"turns":6},{"damage":14,"enemies":"Shelled Parasite and Fungi","floor":31,"turns":3},{"damage":0,"enemies":"Centurion and Healer","floor":32,"turns":6},{"damage":33,"enemies":"IC_MUSHROOM_ARCHETYPE","floor":33,"turns":6}],"seed_played":"2030545197655804840","potions_obtained":[{"floor":2,"key":"BlessingOfTheForge"},{"floor":9,"key":"Strength Potion"},{"floor":10,"key":"CultistPotion"},{"floor":12,"key":"DistilledChaos"}],"is_trial":false,"path_per_floor":["R","M","M","?","M","R","T","M","M","M","E","M","E","?","M","B",null,"R","M","M","M","$","E","MIM","M","M","E","R","?","R","M","M","B"],"character_chosen":"THE_SPIRIT","items_purchased":["hexamod:SearingWound"],"campfire_rested":0,"item_purchase_floors":[22],"current_hp_per_floor":[70,68,68,68,63,63,63,57,52,44,37,44,40,40,39,27,65,65,65,48,35,41,18,25,25,29,27,37,37,37,23,30,0,0,0],"gold":157,"neow_bonus":"TEN_PERCENT_HP_BONUS","is_daily":false,"chose_seed":false,"campfire_upgraded":4,"win_rate":0.0,"timestamp":1612611801,"path_taken":["R","M","M","?","M","R","T","?","M","M","E","M","E","?","M","BOSS","R","M","M","M","$","E","MIM","M","M","E","R","?","R","M","M","BOSS"],"items_purchased_type":["Card"],"build_version":"2020-12-22","purchased_purges":1,"victory":false,"max_hp_per_floor":[77,77,77,77,77,77,77,77,77,77,77,77,77,77,77,77,77,77,77,77,77,77,77,77,77,77,77,87,87,87,87,87,87,87,87],"card_choices":[{"not_picked":["hexamod:SkipABeat","hexamod:FourthSeal"],"picked":"hexamod:FastForward","floor":2},{"not_picked":["hexamod:Incineration","hexamod:DynamicBlow"],"picked":"hexamod:ExtraCrispy","floor":3},{"not_picked":["hexamod:GhostOfSpirePast","hexamod:Firestarter"],"picked":"hexamod:FirstSeal","floor":5},{"not_picked":["hexamod:Again","hexamod:GhostOfSpirePast"],"picked":"hexamod:SpectersWail","floor":8},{"not_picked":["hexamod:GhostLash","hexamod:HeatMetal"],"picked":"hexamod:Hexaguard","floor":9},{"not_picked":["hexamod:ThermalTransfer","hexamod:GhostOfSpirePast","hexamod:HeatCrush"],"picked":"SKIP","floor":10},{"not_picked":["hexamod:HauntingEcho","hexamod:HeatCrush"],"picked":"hexamod:TimeOfNeed","floor":11},{"not_picked":["hexamod:InspiringFlames","hexamod:ShieldOfDarkness"],"picked":"hexamod:CatchUp","floor":12},{"not_picked":["hexamod:SwordOfDarkness","hexamod:SkipABeat"],"picked":"hexamod:HauntingEcho","floor":13},{"not_picked":["hexamod:PhantomCloak","hexamod:GhostLash"],"picked":"hexamod:BurningTouch","floor":15},{"not_picked":["hexamod:TimeOfNeed","hexamod:UnlimitedPower"],"picked":"hexamod:SearingWound","floor":16},{"not_picked":["hexamod:NightmareGuise","hexamod:GhostOfSpireFuture"],"picked":"hexamod:Incineration","floor":19},{"not_picked":["hexamod:ChargedBarrage","hexamod:ShieldOfDarkness"],"picked":"hexamod:HeatShield","floor":20},{"not_picked":["hexamod:Firestarter","hexamod:GhostShield"],"picked":"hexamod:SpectersWail","floor":21},{"not_picked":["hexamod:GhostOfSpirePast","hexamod:Haunt","hexamod:HauntingEcho+1"],"picked":"SKIP","floor":22},{"not_picked":["hexamod:StepThrough","hexamod:SwordOfDarkness","hexamod:Firestarter"],"picked":"SKIP","floor":23},{"not_picked":["hexamod:GhostLash+1","hexamod:RadiantFlame"],"picked":"hexamod:ShieldOfDarkness","floor":24},{"not_picked":["hexamod:SpectralAdrenaline","hexamod:HauntingEcho"],"picked":"hexamod:NightmareGuise","floor":25},{"not_picked":["hexamod:SearingWound","hexamod:RainOfEmbers","hexamod:GhostLash"],"picked":"SKIP","floor":26},{"not_picked":["hexamod:Firestarter","hexamod:GhostOfSpireFuture+1","hexamod:BacktrackSmack"],"picked":"SKIP","floor":27},{"not_picked":["hexamod:RainOfEmbers+1","hexamod:InspiringFlames","hexamod:Incineration"],"picked":"SKIP","floor":31},{"not_picked":["hexamod:SearingWound","hexamod:Firestarter"],"picked":"hexamod:Haunt","floor":32}],"player_experience":735905,"relics_obtained":[{"floor":7,"key":"Art of War"},{"floor":11,"key":"Thread and Needle"},{"floor":13,"key":"Bottled Flame"},{"floor":23,"key":"Shuriken"},{"floor":27,"key":"Nunchaku"}],"event_choices":[{"cards_removed":["hexamod:Strike"],"damage_healed":0,"gold_gain":0,"player_choice":"Offered Basic","damage_taken":0,"max_hp_gain":0,"max_hp_loss":0,"event_name":"Bonfire Elementals","floor":4,"gold_loss":0}],"is_beta":false,"boss_relics":[{"not_picked":["hexamod:UnbrokenSoul","SacredBark"],"picked":"Sozu"}],"items_purged_floors":[22],"is_endless":false,"potions_floor_spawned":[2,9,10,12,21,23,27,32],"killed_by":"IC_MUSHROOM_ARCHETYPE","ascension_level":10}}