{"host":"f5gffvlv6a66yqkd","time":1612624262,"event":{"mods":["2.2 Compatiblity","BaseMod","Colored Map","Custom Start","DeckTracker","Keyboard Shortcuts","Minty Spire (QoL Compilation)","Permanent Neow","Quick Restart","Relic Stats","StSLib","SuperFastMode"],"gold_per_floor":[114,132,132,32,32,47,47,72,72,72,87,87,87,105,105,182,182,201,201,215,215,215,215,243,243,243,243,10,44,60,72,72,145,145,165,213,213,230,248,248,248],"floor_reached":40,"language":"KOR","playtime":1341,"items_purged":["Defend_B"],"score":998,"play_id":"facdff9b-ab14-4656-bafd-036df4c3f21a","local_time":"20210207001102","is_ascension_mode":true,"campfire_choices":[{"data":"Dualcast","floor":7.0,"key":"SMITH"},{"data":"Coolheaded","floor":12.0,"key":"SMITH"},{"data":"Blizzard","floor":15.0,"key":"SMITH"},{"data":"Echo Form","floor":23.0,"key":"SMITH"},{"floor":25.0,"key":"RECALL"},{"floor":27.0,"key":"REST"},{"data":"Defragment","floor":32.0,"key":"SMITH"}],"circlet_count":0,"master_deck":["AscendersBane","Defend_B","Defend_B","Defend_B","Zap+1","Dualcast+1","Gash","Gash","Skim","Compile Driver","Coolheaded+1","Conserve Battery","Turbo","Blizzard+1","Stack","Echo Form+1","Gash","Go for the Eyes+1","Force Field","Static Discharge","Cold Snap","Defragment+1","Leap","Rebound+1","Echo Form","Fission","Defragment","Chaos","Redo"],"relics":["Cracked Core","NeowsBlessing","FossilizedHelix","Mercury Hourglass","Runic Pyramid","Toy Ornithopter","Question Card","Bird Faced Urn","SacredBark","CaptainsWheel"],"acts_visited":["Exordium","TheCity","TheBeyond"],"potions_floor_usage":[],"damage_taken":[{"damage":0.0,"enemies":"Cultist","floor":1.0,"turns":1.0},{"damage":0.0,"enemies":"Jaw Worm","floor":2.0,"turns":1.0},{"damage":0.0,"enemies":"Small Slimes","floor":6.0,"turns":1.0},{"damage":32.0,"enemies":"Gremlin Nob","floor":8.0,"turns":4.0},{"damage":0.0,"enemies":"3 Louse","floor":11.0,"turns":2.0},{"damage":0.0,"enemies":"2 Fungi Beasts","floor":14.0,"turns":2.0},{"damage":7.0,"enemies":"Slime Boss","floor":16.0,"turns":9.0},{"damage":0.0,"enemies":"Shell Parasite","floor":18.0,"turns":4.0},{"damage":0.0,"enemies":"Spheric Guardian","floor":20.0,"turns":4.0},{"damage":25.0,"enemies":"Slavers","floor":24.0,"turns":4.0},{"damage":0.0,"enemies":"Book of Stabbing","floor":29.0,"turns":6.0},{"damage":0.0,"enemies":"Shelled Parasite and Fungi","floor":30.0,"turns":4.0},{"damage":23.0,"enemies":"Snake Plant","floor":31.0,"turns":5.0},{"damage":0.0,"enemies":"Champ","floor":33.0,"turns":11.0},{"damage":14.0,"enemies":"Orb Walker","floor":35.0,"turns":5.0},{"damage":30.0,"enemies":"2 Orb Walkers","floor":36.0,"turns":5.0},{"damage":26,"enemies":"3 Darklings","floor":38,"turns":5},{"damage":17,"enemies":"4 Shapes","floor":39,"turns":5},{"damage":111,"enemies":"Reptomancer","floor":40,"turns":3}],"seed_played":"7260016284824170753","potions_obtained":[{"floor":11.0,"key":"EntropicBrew"},{"floor":16.0,"key":"Block Potion"},{"floor":20.0,"key":"FearPotion"},{"floor":22.0,"key":"Fruit Juice"},{"floor":22.0,"key":"AttackPotion"},{"floor":29.0,"key":"Explosive Potion"},{"floor":31.0,"key":"Regen Potion"},{"floor":33.0,"key":"FairyPotion"},{"floor":39,"key":"FearPotion"}],"is_trial":false,"path_per_floor":["M","M","?","$","?","M","R","E","T","?","M","R","?","M","R","B",null,"M","?","M","?","?","R","E","R","T","R","$","E","M","M","R","B",null,"M","?","?","M","M","E"],"character_chosen":"DEFECT","items_purchased":["Skim","Compile Driver","Cold Snap","Defragment","Leap"],"campfire_rested":1,"item_purchase_floors":[4,4,28,28,28],"current_hp_per_floor":[64,64,57,57,57,57,57,25,25,25,25,25,25,25,25,18,58,58,58,58,58,63,63,38,38,38,60,60,60,75,60,60,74,76,68,76,76,56,45,0,0],"gold":248,"neow_bonus":"THREE_ENEMY_KILL","is_daily":false,"chose_seed":false,"campfire_upgraded":5,"win_rate":0.0,"timestamp":1612624262,"path_taken":["M","?","?","$","?","?","R","E","T","?","M","R","?","M","R","BOSS","M","?","M","?","?","R","E","R","T","R","$","E","?","M","R","BOSS","M","?","?","M","?","E"],"items_purchased_type":["Card","Card","Card","Card","Card"],"build_version":"2020-12-22","purchased_purges":1,"victory":false,"max_hp_per_floor":[71,71,71,71,71,71,71,71,71,71,71,71,71,71,71,71,71,71,71,71,71,76,76,76,76,76,76,76,76,76,76,76,76,76,76,76,76,76,76,76,76],"relic_stats":{"counters":[19,81],"Bird Faced Urn":[64],"Question Card":8,"obtain_stats":[{"CaptainsWheel":36,"NeowsBlessing":0,"Bird Faced Urn":29,"SacredBark":34,"Cracked Core":0,"Question Card":26,"FossilizedHelix":8,"Toy Ornithopter":24,"Mercury Hourglass":9,"Runic Pyramid":17},{"CaptainsWheel":16,"NeowsBlessing":0,"Bird Faced Urn":11,"SacredBark":14,"Cracked Core":0,"Question Card":10,"FossilizedHelix":4,"Toy Ornithopter":10,"Mercury Hourglass":4,"Runic Pyramid":7},{"CaptainsWheel":68,"NeowsBlessing":0,"Bird Faced Urn":38,"SacredBark":58,"Cracked Core":0,"Question Card":32,"FossilizedHelix":7,"Toy Ornithopter":32,"Mercury Hourglass":7,"Runic Pyramid":20}],"Toy Ornithopter":10,"Mercury Hourglass":[312]},"card_choices":[{"not_picked":["Hello World","Turbo"],"picked":"Gash","floor":1.0},{"not_picked":["Hello World","Barrage"],"picked":"Gash","floor":2.0},{"not_picked":["Redo","Reprogram"],"picked":"Coolheaded","floor":6.0},{"not_picked":["Melter","Consume"],"picked":"Conserve Battery","floor":8.0},{"not_picked":["Sweeping Beam","Leap"],"picked":"Turbo","floor":11.0},{"not_picked":["Streamline","Rip and Tear"],"picked":"Stack","floor":14.0},{"not_picked":["Multi-Cast","Hyperbeam"],"picked":"Echo Form","floor":16.0},{"not_picked":["Conserve Battery","Scrape"],"picked":"Gash","floor":18.0},{"not_picked":["Steam+1","Redo"],"picked":"Go for the Eyes+1","floor":20.0},{"not_picked":["Steam","Streamline","Aggregate+1"],"picked":"SKIP","floor":24.0},{"not_picked":["Undo+1","Compile Driver","Sunder"],"picked":"Rebound+1","floor":29.0},{"not_picked":["Darkness+1","BootSequence+1","Streamline","Sunder"],"picked":"SKIP","floor":30.0},{"not_picked":["Compile Driver","Lockon","Consume"],"picked":"Echo Form","floor":31.0},{"not_picked":["Seek","Hyperbeam","Biased Cognition"],"picked":"Fission","floor":33.0},{"not_picked":["FTL","Hologram","Barrage","Darkness+1"],"picked":"SKIP","floor":35.0},{"not_picked":["Redo","Hologram+1","Turbo"],"picked":"Defragment","floor":36.0},{"not_picked":["Streamline+1","Gash","Ball Lightning"],"picked":"Redo","floor":38},{"not_picked":["Ball Lightning+1","Steam Power","Barrage","Steam"],"picked":"SKIP","floor":39}],"player_experience":1679602,"relics_obtained":[{"floor":8.0,"key":"FossilizedHelix"},{"floor":9.0,"key":"Mercury Hourglass"},{"floor":24.0,"key":"Toy Ornithopter"},{"floor":26.0,"key":"Question Card"},{"floor":29.0,"key":"Bird Faced Urn"},{"floor":36.0,"key":"CaptainsWheel"}],"event_choices":[{"cards_removed":["Strike_B"],"damage_healed":0.0,"max_hp_gain":0.0,"max_hp_loss":0.0,"gold_gain":0.0,"event_name":"Golden Wing","player_choice":"Card Removal","floor":3.0,"gold_loss":0.0,"damage_taken":7.0},{"damage_healed":0.0,"max_hp_gain":0.0,"max_hp_loss":0.0,"gold_gain":0.0,"event_name":"Accursed Blacksmith","player_choice":"Forge","floor":5.0,"gold_loss":0.0,"damage_taken":0.0,"cards_upgraded":["Zap"]},{"damage_healed":0.0,"max_hp_gain":0.0,"max_hp_loss":0.0,"gold_gain":0.0,"event_name":"Dead Adventurer","player_choice":"Searched \u00270\u0027 times","floor":10.0,"gold_loss":0.0,"damage_taken":0.0},{"damage_healed":0.0,"max_hp_gain":0.0,"max_hp_loss":0.0,"gold_gain":0.0,"cards_transformed":["Strike_B"],"event_name":"Living Wall","player_choice":"Change","floor":13.0,"gold_loss":0.0,"damage_taken":0.0,"cards_obtained":["Blizzard"]},{"damage_healed":0.0,"max_hp_gain":0.0,"max_hp_loss":0.0,"gold_gain":0.0,"event_name":"Vampires","player_choice":"Ignored","floor":19.0,"gold_loss":0.0,"damage_taken":0.0},{"damage_healed":0.0,"max_hp_gain":0.0,"max_hp_loss":0.0,"gold_gain":0.0,"cards_transformed":["Strike_B","Strike_B"],"event_name":"Drug Dealer","player_choice":"Became Test Subject","floor":21.0,"gold_loss":0.0,"damage_taken":0.0,"cards_obtained":["Force Field","Static Discharge"]},{"damage_healed":0.0,"max_hp_gain":0.0,"max_hp_loss":0.0,"gold_gain":0.0,"event_name":"Lab","player_choice":"Got Potions","floor":22.0,"gold_loss":0.0,"damage_taken":0.0},{"damage_healed":0.0,"max_hp_gain":0.0,"max_hp_loss":0.0,"gold_gain":0.0,"event_name":"Mysterious Sphere","player_choice":"Fight","floor":36.0,"gold_loss":0.0,"damage_taken":0.0},{"damage_healed":0,"gold_gain":0,"player_choice":"1 cards matched","damage_taken":0,"max_hp_gain":0,"max_hp_loss":0,"event_name":"Match and Keep!","floor":37,"gold_loss":0,"cards_obtained":["Chaos"]}],"is_beta":false,"boss_relics":[{"not_picked":["Coffee Dripper","Ectoplasm"],"picked":"Runic Pyramid"},{"not_picked":["FrozenCore","Runic Dome"],"picked":"SacredBark"}],"items_purged_floors":[28],"is_endless":false,"potions_floor_spawned":[11,16,20,29,31,33,39],"killed_by":"Reptomancer","ascension_level":20}}