{"host":"6q94iy5iz6612v89","time":1612637583,"event":{"mods":["2.2 Compatiblity","AchievementEnabler","BaseMod","Colored Map","DeckTracker","Keyboard Shortcuts","Minty Spire (QoL Compilation)","Permanent Neow","StSLib","SuperFastMode"],"gold_per_floor":[113,125,50,67,87,116,116,134,134,152,172,172,196,207,207,207,207],"floor_reached":16,"language":"KOR","playtime":347,"items_purged":["Strike_R"],"score":212,"play_id":"6f19d390-b40e-44e2-a5a7-70b57a4be61e","local_time":"20210207035303","is_ascension_mode":true,"campfire_choices":[{"data":"Cleave","floor":12,"key":"SMITH"},{"data":"Cleave","floor":15,"key":"SMITH"}],"circlet_count":0,"master_deck":["AscendersBane","Strike_R","Strike_R","Defend_R","Defend_R","Defend_R","Bash","Evolve","Dropkick","Burning Pact","Headbutt","Cleave+1","Shrug It Off","Pommel Strike","Cleave+1"],"relics":["Burning Blood","Ancient Tea Set","White Beast Statue","Odd Mushroom"],"acts_visited":["Exordium"],"potions_floor_usage":[6,6,11,16],"damage_taken":[{"damage":1,"enemies":"Cultist","floor":1,"turns":3},{"damage":7,"enemies":"Small Slimes","floor":2,"turns":4},{"damage":14,"enemies":"Jaw Worm","floor":4,"turns":4},{"damage":22,"enemies":"3 Louse","floor":5,"turns":6},{"damage":15,"enemies":"3 Sentries","floor":6,"turns":5},{"damage":17,"enemies":"Blue Slaver","floor":8,"turns":6},{"damage":9,"enemies":"Lots of Slimes","floor":10,"turns":3},{"damage":6,"enemies":"Red Slaver","floor":11,"turns":3},{"damage":18,"enemies":"The Mushroom Lair","floor":13,"turns":3},{"damage":0,"enemies":"3 Louse","floor":14,"turns":3},{"damage":22,"enemies":"Slime Boss","floor":16,"turns":5}],"seed_played":"-1273379556061743567","potions_obtained":[{"floor":1,"key":"Regen Potion"},{"floor":2,"key":"LiquidMemories"},{"floor":4,"key":"AttackPotion"},{"floor":10,"key":"Explosive Potion"},{"floor":11,"key":"GamblersBrew"},{"floor":13,"key":"SpeedPotion"},{"floor":14,"key":"Fruit Juice"}],"is_trial":false,"path_per_floor":["M","M","$","M","M","E","?","M","T","M","M","R","?","M","R","B"],"character_chosen":"IRONCLAD","items_purchased":[],"campfire_rested":0,"item_purchase_floors":[],"current_hp_per_floor":[68,67,67,59,43,34,34,23,23,20,20,20,8,14,14,0,0],"gold":207,"neow_bonus":"REMOVE_TWO","is_daily":false,"chose_seed":false,"campfire_upgraded":2,"win_rate":0.0,"timestamp":1612637583,"path_taken":["M","M","$","M","M","E","?","M","T","M","M","R","?","M","R","BOSS"],"items_purchased_type":[],"build_version":"2020-12-22","purchased_purges":1,"victory":false,"max_hp_per_floor":[68,68,68,68,68,68,68,68,68,68,68,68,68,68,68,73,73],"card_choices":[{"not_picked":["Intimidate","Iron Wave"],"picked":"Evolve","floor":1},{"not_picked":["Spot Weakness","Warcry"],"picked":"Dropkick","floor":2},{"not_picked":["Shrug It Off","Body Slam"],"picked":"Burning Pact","floor":4},{"not_picked":["Perfected Strike","Heavy Blade"],"picked":"Headbutt","floor":5},{"not_picked":["Ghostly Armor","Flex"],"picked":"Cleave","floor":6},{"not_picked":["Warcry","Heavy Blade","Cleave"],"picked":"SKIP","floor":8},{"not_picked":["Thunderclap","Wild Strike"],"picked":"Shrug It Off","floor":10},{"not_picked":["Wild Strike","Disarm","Heavy Blade"],"picked":"SKIP","floor":11},{"not_picked":["Twin Strike","Armaments"],"picked":"Pommel Strike","floor":13},{"not_picked":["Rupture","Disarm"],"picked":"Cleave","floor":14}],"player_experience":1469580,"relics_obtained":[{"floor":6,"key":"Ancient Tea Set"},{"floor":9,"key":"White Beast Statue"},{"floor":13,"key":"Odd Mushroom"}],"event_choices":[{"cards_removed":["Defend_R"],"damage_healed":0,"gold_gain":0,"player_choice":"Forget","damage_taken":0,"max_hp_gain":0,"max_hp_loss":0,"event_name":"Living Wall","floor":7,"gold_loss":0},{"damage_healed":0,"gold_gain":0,"player_choice":"Fought Mushrooms","damage_taken":0,"max_hp_gain":0,"max_hp_loss":0,"event_name":"Mushrooms","floor":13,"gold_loss":0}],"is_beta":false,"boss_relics":[],"items_purged_floors":[3],"is_endless":false,"potions_floor_spawned":[1,2,4,10,11,13,14],"killed_by":"Slime Boss","ascension_level":20}}