{"host":"vgmhxp0kxvybuvcq","time":1612602163,"event":{"mods":["BaseMod","Minty Spire (QoL Compilation)","Replay The Spire","StSLib"],"gold_per_floor":[115,115,127,146,159,184,202,220,270,270,304,304,304,25,25,122,122,136,109,109,141,159,159,178,178,201,393,420,464,495,519,531,639,651,673,704,66,86,101,127,146,146,197,226,240,257,277,499,499,499],"floor_reached":51,"language":"ENG","playtime":3586,"items_purged":["Defend_P","Defend_P"],"score":1048,"play_id":"6033cb53-b792-41cf-ad2f-3df19f5611ed","local_time":"20210206010243","is_ascension_mode":true,"campfire_choices":[{"data":"Eruption","floor":10,"key":"SMITH"},{"data":"WindmillStrike","floor":12,"key":"SMITH"},{"data":"Perseverance","floor":15,"key":"SMITH"},{"data":"Scrawl","floor":23,"key":"SMITH"},{"data":"Prostrate","floor":25,"key":"SMITH"},{"floor":32,"key":"REST"},{"data":"Strike_P","floor":49,"key":"PURGE"}],"circlet_count":0,"master_deck":["Strike_P","Defend_P","Defend_P","Eruption+1","Vigilance","Pray","WindmillStrike+1","Devotion","Worship","Perseverance+1","Evaluate","FollowUp","Replay:BluntJabs","Evaluate","Scrawl+1","Consecrate+1","ThirdEye","Consecrate+1","Swivel","Prostrate+1","ReplayTheSpireMod:Uncanny Aura","Fasting2","Scrawl","BattleHymn+1","Replay:Vibes+1","Brilliance","Indignation","SashWhip+1","Replay:Battleflow+1","Halt","Prostrate+1","InnerPeace+1","WindmillStrike","Prostrate","Judgement","BowlingBash+1"],"relics":["Painkiller Herb","Thread and Needle","Bottled Flame","Toy Ornithopter","Oddly Smooth Stone","HandDrill","Honey Jar","Red Mask","MawBank","Ice Cream","Empty Cage","Replay:Bottled Flurry","Lizard Tail","Blue Doll","Lantern","Replay:Wax Seal","Bottled Tornado"],"acts_visited":["Exordium","TheCity","TheBeyond"],"potions_floor_usage":[6,21,28,29,29,40,45,46,47,50],"damage_taken":[{"damage":2,"enemies":"2 Louse","floor":1,"turns":4},{"damage":0,"enemies":"Jaw Worm","floor":3,"turns":3},{"damage":0,"enemies":"Small Slimes","floor":4,"turns":3},{"damage":7,"enemies":"Gremlin Gang","floor":5,"turns":4},{"damage":6,"enemies":"3 Sentries","floor":6,"turns":8},{"damage":0,"enemies":"Red Slaver","floor":7,"turns":4},{"damage":2,"enemies":"Exordium Wildlife","floor":8,"turns":4},{"damage":0,"enemies":"Lagavulin","floor":11,"turns":5},{"damage":0,"enemies":"Slime Boss","floor":16,"turns":7},{"damage":4,"enemies":"3 Byrds","floor":18,"turns":5},{"damage":4,"enemies":"Masked Bandits","floor":21,"turns":3},{"damage":0,"enemies":"Chosen","floor":22,"turns":3},{"damage":0,"enemies":"Snecko","floor":24,"turns":5},{"damage":0,"enemies":"Chosen and Byrds","floor":28,"turns":3},{"damage":11,"enemies":"Slavers","floor":29,"turns":5},{"damage":8,"enemies":"3 Cultists","floor":30,"turns":5},{"damage":4,"enemies":"Shelled Parasite and Fungi","floor":31,"turns":3},{"damage":21,"enemies":"Collector","floor":33,"turns":7},{"damage":0,"enemies":"Orb Walker","floor":35,"turns":5},{"damage":10,"enemies":"3 Shapes","floor":36,"turns":4},{"damage":10,"enemies":"Spire Growth","floor":38,"turns":3},{"damage":24,"enemies":"4 Shapes","floor":39,"turns":4},{"damage":0,"enemies":"Nemesis","floor":40,"turns":3},{"damage":12,"enemies":"Jaw Worm Horde","floor":41,"turns":3},{"damage":0,"enemies":"Giant Head","floor":44,"turns":4},{"damage":11,"enemies":"Maw","floor":45,"turns":4},{"damage":0,"enemies":"4 Shapes","floor":46,"turns":1},{"damage":4,"enemies":"Sphere and 2 Shapes","floor":47,"turns":2},{"damage":94,"enemies":"Replay:Hell Engine","floor":50,"turns":6}],"seed_played":"4113745433171819130","potions_obtained":[{"floor":1,"key":"GamblersBrew"},{"floor":3,"key":"PowerPotion"},{"floor":5,"key":"Reflective Coating"},{"floor":8,"key":"LiquidMemories"},{"floor":11,"key":"Weak Potion"},{"floor":18,"key":"FearPotion"},{"floor":22,"key":"Weak Potion"},{"floor":24,"key":"Regen Potion"},{"floor":28,"key":"Doom Potion"},{"floor":39,"key":"FearPotion"},{"floor":41,"key":"GamblersBrew"},{"floor":44,"key":"AttackPotion"},{"floor":45,"key":"Milkshake"},{"floor":47,"key":"BlessingOfTheForge"}],"is_trial":false,"path_per_floor":["?","?","?","?","?","E","?","?","T","T","E","T","T","T","T","B",null,"?","T","?","?","?","T","?","T","T","?","?","E","?","?","T","B",null,"?","?","T","?","?","E","?","T","T","E","?","?","?","?","T","B",null],"character_chosen":"WATCHER","items_purchased":["Evaluate","HandDrill","ThirdEye","Replay:Bottled Flurry","Lizard Tail"],"campfire_rested":1,"item_purchase_floors":[14,14,19,37,37],"current_hp_per_floor":[63,60,60,60,53,47,47,45,45,45,45,45,45,45,45,45,65,61,61,61,62,62,62,62,62,62,37,51,50,42,38,59,38,64,64,54,54,44,20,25,13,13,13,13,7,12,13,13,13,36],"gold":499,"neow_bonus":"BOSS_RELIC","is_daily":false,"chose_seed":false,"campfire_upgraded":5,"win_rate":0.0,"timestamp":1612602163,"path_taken":["?","?","?","?","?","E","?","?","T","T","E","T","?","T","T","BOSS","?","T","?","?","?","T","?","T","T","?","?","E","?","?","T","BOSS","?","?","T","?","?","E","?","?","T","E","?","?","?","?","T","BOSS"],"items_purchased_type":["Card","Relic","Card","Relic","Relic"],"build_version":"2020-12-22","purchased_purges":2,"victory":true,"max_hp_per_floor":[72,72,72,72,72,72,72,72,72,72,72,72,72,72,72,72,72,72,72,72,72,72,72,72,72,72,72,72,72,72,72,72,72,72,72,72,72,72,72,72,72,72,72,72,72,72,72,72,72,72],"card_choices":[{"not_picked":["Crescendo","WreathOfFlame"],"picked":"Pray","floor":1},{"not_picked":["CrushJoints","Replay:ManipulateFuture"],"picked":"WindmillStrike","floor":3},{"not_picked":["MentalFortress","Prostrate"],"picked":"Devotion","floor":4},{"not_picked":["Sanctity","BowlingBash"],"picked":"Worship","floor":5},{"not_picked":["CarveReality","WreathOfFlame"],"picked":"Perseverance","floor":6},{"not_picked":["ReachHeaven","CrushJoints"],"picked":"Evaluate","floor":7},{"not_picked":["Protect","SashWhip"],"picked":"FollowUp","floor":8},{"not_picked":["ClearTheMind","JustLucky"],"picked":"Replay:BluntJabs","floor":11},{"not_picked":["Replay:AllIn","SpiritShield"],"picked":"Scrawl","floor":16},{"not_picked":["BowlingBash+1","WheelKick+1","WreathOfFlame+1"],"picked":"Consecrate+1","floor":18},{"not_picked":["FollowUp","Replay:Vibes","FlyingSleeves"],"picked":"Consecrate+1","floor":21},{"not_picked":["FlyingSleeves","Crescendo","JustLucky"],"picked":"Swivel","floor":22},{"not_picked":["BattleHymn+1","Sanctity","CrushJoints"],"picked":"Prostrate","floor":24},{"not_picked":["SashWhip","ClearTheMind","Replay:ManipulateFuture"],"picked":"Fasting2","floor":28},{"not_picked":["Protect","Replay:AtTheReady","FlurryOfBlows"],"picked":"Scrawl","floor":29},{"not_picked":["WaveOfTheHand+1","FlyingSleeves","FollowUp"],"picked":"BattleHymn+1","floor":30},{"not_picked":["Replay:Anticipation","WreathOfFlame+1","Adaptation"],"picked":"Replay:Vibes+1","floor":31},{"not_picked":["DevaForm","Alpha","ConjureBlade"],"picked":"Brilliance","floor":33},{"not_picked":["JustLucky+1","CutThroughFate","Replay:ManipulateFuture"],"picked":"Indignation","floor":35},{"not_picked":["Replay:ManipulateFuture+1","Protect","Replay:AtTheReady"],"picked":"SashWhip+1","floor":36},{"not_picked":["WreathOfFlame","SashWhip","CrushJoints+1"],"picked":"Replay:Battleflow+1","floor":38},{"not_picked":["CarveReality+1","PathToVictory+1","Consecrate"],"picked":"Halt","floor":39},{"not_picked":["Fasting2+1","WindmillStrike+1","Halt"],"picked":"Prostrate+1","floor":40},{"not_picked":["Wireheading+1","CarveReality+1","FollowUp"],"picked":"InnerPeace+1","floor":41},{"not_picked":["Sanctity","Replay:Vibes","WaveOfTheHand"],"picked":"WindmillStrike","floor":44},{"not_picked":["EmptyBody+1","Swivel","CutThroughFate+1"],"picked":"Prostrate","floor":45},{"not_picked":["WaveOfTheHand","Replay:AtTheReady","SashWhip"],"picked":"Judgement","floor":46},{"not_picked":["LikeWater+1","EmptyFist","WindmillStrike"],"picked":"BowlingBash+1","floor":47}],"player_experience":296536,"relics_obtained":[{"floor":6,"key":"Bottled Flame"},{"floor":9,"key":"Toy Ornithopter"},{"floor":11,"key":"Oddly Smooth Stone"},{"floor":21,"key":"Red Mask"},{"floor":26,"key":"MawBank"},{"floor":29,"key":"Ice Cream"},{"floor":40,"key":"Blue Doll"},{"floor":42,"key":"Lantern"},{"floor":43,"key":"Replay:Wax Seal"},{"floor":44,"key":"Bottled Tornado"}],"event_choices":[{"damage_healed":0,"gold_gain":0,"player_choice":"Success","damage_taken":3,"relics_obtained":["Thread and Needle"],"max_hp_gain":0,"max_hp_loss":0,"event_name":"Scrap Ooze","floor":2,"gold_loss":0},{"damage_healed":0,"gold_gain":0,"player_choice":"Ignored","damage_taken":0,"max_hp_gain":0,"max_hp_loss":0,"event_name":"Vampires","floor":20,"gold_loss":0},{"damage_healed":0,"gold_gain":0,"player_choice":"Fought Bandits","damage_taken":0,"max_hp_gain":0,"max_hp_loss":0,"event_name":"Masked Bandits","floor":21,"gold_loss":0},{"damage_healed":0,"gold_gain":180,"player_choice":"CARD GOLD GOLD ","damage_taken":25,"max_hp_gain":0,"max_hp_loss":0,"event_name":"Knowing Skull","floor":27,"potions_obtained":[],"gold_loss":0,"cards_obtained":["ReplayTheSpireMod:Uncanny Aura"]},{"damage_healed":0,"gold_gain":222,"player_choice":"Wore Mask","damage_taken":0,"max_hp_gain":0,"max_hp_loss":0,"event_name":"Tomb of Lord Red Mask","floor":48,"gold_loss":0}],"is_beta":false,"boss_relics":[{"not_picked":["Ectoplasm","SlaversCollar"],"picked":"Honey Jar"},{"not_picked":["Ring of Chaos","Snecko Eye"],"picked":"Empty Cage"}],"items_purged_floors":[14,37],"is_endless":false,"potions_floor_spawned":[1,3,5,8,11,18,22,24,28,39,41,44,45,47],"ascension_level":8}}