{"host":"xp5rvh2jwe2ejyfm","time":1612643938,"event":{"mods":["2.2 Compatiblity","Aspiration","BaseMod","Better Altar","Better Match","Better Note","Better Sensory Stone","Better Skull","BetterRewards","Colored Powertips","Conspire","Downfall","GifTheSpireLib","Gremlin Mod","GungeonMod","Hermit","Hubris","Jorbs\u0027s Wanderer Trilogy","Minty Spire (QoL Compilation)","Potionbrewer","Quick Restart","Replay The Spire","Robot Space Explorer","Shade Mod","Somnambulant","StSLib","The Bug Knight","The Clintock","The Construct","The Cursed","The Disciple","The Forsaken","The Hierophant","The Necromancer","The Runesmith","The Servant 0.9.4","The Valiant","The Witch","TheFirefly","thorton"],"gold_per_floor":[118,118,177,177,10,37,37,37,37,51,5,17,17,37,37,141,141,152,168,180,180,192,192,209,209,209],"floor_reached":25,"language":"ENG","playtime":801,"items_purged":[],"score":228,"play_id":"70ac6633-e14a-435c-8e89-bc51c2365c39","local_time":"20210206153858","is_ascension_mode":false,"campfire_choices":[{"floor":8,"key":"REST"},{"floor":15,"key":"RECALL"},{"floor":23,"key":"REST"}],"circlet_count":0,"master_deck":["Shade:AnimateDead","Shade:CarefulCut","Shade:CommandSoldier","Regret","Shade:ClawBack","Shade:Haruspicy","Shade:SensePrey","Shade:SkeletonHug","Shade:Carnophage","Shade:WallOfFlesh","Shade:Bonestorm","Shade:FreshBones","Shade:CoffinDance","ReplayTheSpireMod:Trickstab","Shade:GraveStillness","Shade:Coordination","Shade:DarkOfNight","Shade:SensePrey","Shade:FuneraryJewels","Shade:SoulPierce","Shade:FreshBones","Shade:LyeBath","Shade:Coordination","Shade:RavenousHorde","Shade:Bonestorm","Shade:Trample+1","Shade:ExtraLimbs+1","Shade:Bonestorm","Shade:AblativeArmor"],"relics":["Shade:YorickSkull","NeowsBlessing","Slimebound:StickyStick","hubris:MysteriousPyramids","Replay:Mystery Machine","Pandora\u0027s Box"],"acts_visited":["Exordium","TheCity"],"potions_floor_usage":[16,16,25,25,25],"damage_taken":[{"damage":0,"enemies":"Small Slimes","floor":1,"turns":1},{"damage":0,"enemies":"3 Sentries","floor":6,"turns":1},{"damage":0,"enemies":"2 Louse","floor":10,"turns":1},{"damage":4,"enemies":"Jaw Worm","floor":12,"turns":3},{"damage":3,"enemies":"Large Slime","floor":14,"turns":4},{"damage":50,"enemies":"The Guardian","floor":16,"turns":12},{"damage":5,"enemies":"Chosen","floor":18,"turns":5},{"damage":0,"enemies":"3 Byrds","floor":19,"turns":2},{"damage":6,"enemies":"Centurion and Healer","floor":20,"turns":5},{"damage":18,"enemies":"Snake Plant","floor":22,"turns":6},{"damage":19,"enemies":"Sentry and Sphere","floor":24,"turns":5},{"damage":36,"enemies":"Book of Stabbing","floor":25,"turns":7}],"seed_played":"6356746369510121196","potions_obtained":[{"floor":6,"key":"potionbrewer:AcidPotion"},{"floor":12,"key":"Regen Potion"},{"floor":19,"key":"SpeedPotion"},{"floor":20,"key":"Weak Potion"},{"floor":22,"key":"potionbrewer:BarricadePotion"}],"is_trial":false,"path_per_floor":["M","?","?","?","$","E","$","R","T","M","$","M","?","M","R","B",null,"M","M","M","$","M","R","M","E"],"character_chosen":"SHADE","items_purchased":["Shade:SensePrey","Shade:SkeletonHug","Shade:Carnophage","Shade:FreshBones"],"campfire_rested":2,"item_purchase_floors":[5,5,5,11],"current_hp_per_floor":[65,65,39,39,39,39,39,58,58,58,58,54,54,51,51,1,65,60,60,54,54,36,55,36,0,0],"gold":209,"neow_bonus":"THREE_ENEMY_KILL","is_daily":false,"chose_seed":false,"campfire_upgraded":0,"win_rate":0.0,"timestamp":1612643938,"path_taken":["M","?","?","?","$","E","?","R","T","M","$","?","?","M","R","BOSS","M","M","M","$","M","R","M","E"],"items_purchased_type":["Card","Card","Card","Card"],"build_version":"2020-12-22","purchased_purges":0,"victory":false,"max_hp_per_floor":[65,65,65,65,65,65,65,65,65,65,65,65,65,65,65,65,65,65,65,65,65,65,65,65,65,65],"card_choices":[{"not_picked":["Shade:ExtraLimbs","Shade:CloudOfShrapnel"],"picked":"Shade:CommandSoldier","floor":1},{"not_picked":["Shade:BoneShards","Shade:FleshOffering"],"picked":"Shade:ClawBack","floor":3},{"not_picked":["Shade:Premonition","Shade:GreyBargain"],"picked":"Shade:Haruspicy","floor":3},{"not_picked":["Shade:FeralStrike","Shade:Doomsay"],"picked":"Shade:WallOfFlesh","floor":6},{"not_picked":["Shade:CoffinDance","Shade:AncientSpear"],"picked":"Shade:Bonestorm","floor":10},{"not_picked":["Shade:SoulToxin","Shade:Consume"],"picked":"Shade:CoffinDance","floor":12},{"not_picked":["Replay:Parry","Good Instincts"],"picked":"ReplayTheSpireMod:Trickstab","floor":13},{"not_picked":["Shade:PotionOfRestlessness","Shade:AncientSpear"],"picked":"Shade:GraveStillness","floor":14},{"not_picked":["Shade:OneIsEnough","Shade:OfferingToTheBeyond"],"picked":"Shade:Coordination","floor":16},{"not_picked":["Shade:RavenousHorde","Shade:Haruspicy"],"picked":"Shade:Bonestorm","floor":18},{"not_picked":["Shade:BoneShards","Shade:GreyBargain"],"picked":"Shade:Trample+1","floor":19},{"not_picked":["Shade:AncientSpear+1","Shade:ClawBack"],"picked":"Shade:ExtraLimbs+1","floor":20},{"not_picked":["Shade:BoneShards","Shade:FreshBones"],"picked":"Shade:Bonestorm","floor":22},{"not_picked":["Shade:SoulPierce","Shade:FuneraryArmor"],"picked":"Shade:AblativeArmor","floor":24}],"player_experience":447828,"relics_obtained":[{"floor":3,"key":"hubris:MysteriousPyramids"},{"floor":6,"key":"Replay:Mystery Machine"}],"event_choices":[{"damage_healed":0,"gold_gain":0,"player_choice":"Box","damage_taken":0,"relics_obtained":["Slimebound:StickyStick"],"max_hp_gain":0,"max_hp_loss":0,"event_name":"Big Fish","floor":2,"gold_loss":0,"cards_obtained":["Regret"]},{"damage_healed":0,"gold_gain":0,"player_choice":"Disagree","damage_taken":0,"max_hp_gain":0,"max_hp_loss":0,"event_name":"conspire:LoneGhost","floor":4,"gold_loss":0},{"damage_healed":0,"gold_gain":1,"player_choice":"1","damage_taken":0,"max_hp_gain":0,"max_hp_loss":0,"event_name":"betterStone:BetterStone","floor":13,"gold_loss":0}],"is_beta":false,"boss_relics":[{"not_picked":["Black Star","Cursed Key"],"picked":"Pandora\u0027s Box"}],"items_purged_floors":[],"is_endless":false,"potions_floor_spawned":[6,12,19,20,22],"killed_by":"Book of Stabbing","ascension_level":0}}