{"host":"xx5zt3jtdyh8iun7","time":1612628467,"event":{"mods":["100% Spire Juice","AchievementEnabler","Act Like it!","BaseMod","Downfall","Hallownest","Minty Spire (QoL Compilation)","StSLib","The Bug Knight","The Marked"],"gold_per_floor":[116,131,144,159,159,159,159],"floor_reached":6,"language":"ENG","playtime":413,"items_purged":[],"score":38,"play_id":"31dea259-8e13-40cb-a2d5-69ea3fe451d7","local_time":"20210206172107","is_ascension_mode":false,"campfire_choices":[],"circlet_count":0,"master_deck":["Moonworks:Strike","Moonworks:Strike","Moonworks:Strike","Moonworks:Strike","Moonworks:Defend","Moonworks:Defend","Moonworks:Defend","Moonworks:Defend","Moonworks:Ambush","Moonworks:LongDistanceShot","Moonworks:CloudOfSeagulls","Moonworks:JonathanRush","Moonworks:EvilSpyWorkPreparation","Moonworks:BeyondHell"],"relics":["Moonworks:BrokenBomb","Moonworks:Homemark","NeowsBlessing","Hallownest:DreamNailRelic"],"acts_visited":["Hallownest:Greenpath"],"potions_floor_usage":[],"damage_taken":[{"damage":0,"enemies":"Hallownest:monsterHuskWarrior","floor":1,"turns":1},{"damage":2,"enemies":"Hallownest:monsterHuskGuard","floor":2,"turns":1},{"damage":2,"enemies":"2_ Uuma","floor":3,"turns":1},{"damage":30,"enemies":"Hallownest:1_Ooma_and_2_Uuma","floor":4,"turns":7},{"damage":27,"enemies":"Hallownest:eliteCrystalGuardian","floor":6,"turns":5}],"seed_played":"8837778864737188579","potions_obtained":[{"floor":4,"key":"SmokeBomb"}],"is_trial":false,"path_per_floor":["M","M","M","M","?","E"],"character_chosen":"THE_STARBREAKER","items_purchased":[],"campfire_rested":0,"item_purchase_floors":[],"current_hp_per_floor":[60,58,56,26,26,0,0],"gold":159,"neow_bonus":"THREE_ENEMY_KILL","is_daily":false,"chose_seed":false,"campfire_upgraded":0,"win_rate":0.0,"timestamp":1612628467,"path_taken":["M","M","M","M","?","E"],"items_purchased_type":[],"build_version":"2020-12-22","purchased_purges":0,"victory":false,"max_hp_per_floor":[60,60,60,60,60,60,60],"card_choices":[{"not_picked":["Moonworks:ImOnFire","Moonworks:BigMagnum"],"picked":"Moonworks:CloudOfSeagulls","floor":1},{"not_picked":["Moonworks:BigMagnum","Moonworks:SakisCookie"],"picked":"Moonworks:JonathanRush","floor":2},{"not_picked":["Moonworks:DeployBits","Moonworks:LulusLuckyEgg"],"picked":"Moonworks:EvilSpyWorkPreparation","floor":3},{"not_picked":["Moonworks:CloudOfSeagulls","Moonworks:ImOnFire"],"picked":"Moonworks:BeyondHell","floor":4}],"player_experience":913033,"relics_obtained":[],"event_choices":[],"is_beta":false,"boss_relics":[],"items_purged_floors":[],"is_endless":false,"potions_floor_spawned":[4],"killed_by":"Hallownest:eliteCrystalGuardian","ascension_level":0}}