{"host":"z9x5nldzhmx4jdfi","time":1612650999,"event":{"mods":["2.2 Compatiblity","BaseMod","Better Altar","Better Match","Better Note","Better Sensory Stone","Better Skull","Better Third Choice","BetterRewards","Block Reminder","Card Filter","Colored Powertips","Infinite Spire","Minty Spire (QoL Compilation)","Relic Filter","StSLib","Td1madao Mod","The Animator","The Servant 0.9.4","Wandering Minibosses"],"gold_per_floor":[123,123,123,27,27,52,70,70,139,139,157,157,107,117,117,223,223,283,283,233,243,243,294,294,294,294,312,312,312],"floor_reached":28,"language":"ENG","playtime":1451,"items_purged":[],"score":464,"play_id":"ea391c00-f30c-4ed6-a81f-fc79c544d236","local_time":"20210206163639","is_ascension_mode":true,"campfire_choices":[{"data":"infinitespire:SevenWalls","floor":10.0,"key":"SMITH"},{"data":"animator:EmiyaShirou","floor":12.0,"key":"SMITH"},{"data":"animator:Strike_Overlord","floor":15.0,"key":"SMITH"},{"data":"animator:Priestess","floor":24.0,"key":"SMITH"}],"circlet_count":0,"master_deck":["AscendersBane","animator:Strike_Fate","animator:Alexander","animator:Rider","animator:Caster","animator:Strike_Overlord+1","animator:Defend_Kancolle","infinitespire:SevenWalls+1","animator:Priestess+1","animator:EmiyaShirou+1","animator:Albedo","animator:Alexander","animator:RinTohsaka","animator:Caster","animator:Albedo","animator:Archer","infinitespire:NeuralNetwork"],"relics":["PureWater","animator:TheMissingPiece","NeowsBlessing","infinitespire:Cubic Diamond","CloakClasp","Bag of Marbles","Sundial","animator:RacePiece","Art of War","animator:BattleDrones"],"acts_visited":["Exordium","TheCity"],"potions_floor_usage":[28],"damage_taken":[{"damage":0.0,"enemies":"Small Slimes","floor":1.0,"turns":1.0},{"damage":0.0,"enemies":"3 Sentries","floor":6.0,"turns":1.0},{"damage":0.0,"enemies":"2 Louse","floor":7.0,"turns":1.0},{"damage":0.0,"enemies":"Cultist","floor":11.0,"turns":3.0},{"damage":0.0,"enemies":"2 Fungi Beasts","floor":14.0,"turns":3.0},{"damage":0.0,"enemies":"The Guardian","floor":16.0,"turns":10.0},{"damage":17.0,"enemies":"3 Byrds","floor":18.0,"turns":5.0},{"damage":0.0,"enemies":"Chosen","floor":21.0,"turns":6.0},{"damage":53.0,"enemies":"animator:HornedBat","floor":23.0,"turns":14.0},{"damage":0.0,"enemies":"Centurion and Healer","floor":27.0,"turns":6.0},{"damage":24,"enemies":"Slavers","floor":28,"turns":2}],"seed_played":"-3507624637073517443","potions_obtained":[{"floor":1.0,"key":"Swift Potion"},{"floor":11.0,"key":"LiquidBronze"},{"floor":14.0,"key":"FairyPotion"},{"floor":18.0,"key":"Explosive Potion"},{"floor":23.0,"key":"ColorlessPotion"}],"is_trial":false,"path_per_floor":["M","?","?","?","?","E","M","?","T","R","M","R","?","M","R","B",null,"M","?","?","M","?","E","R","AVR","T","M","E"],"character_chosen":"THE_ANIMATOR","items_purchased":[],"campfire_rested":0,"item_purchase_floors":[],"current_hp_per_floor":[59,59,59,59,43,43,43,43,43,43,44,44,44,44,44,44,61,44,44,44,44,44,20,20,20,20,20,0,0],"gold":312,"neow_bonus":"THREE_ENEMY_KILL","is_daily":false,"chose_seed":false,"campfire_upgraded":4,"win_rate":0.0,"timestamp":1612650999,"path_taken":["M","?","?","?","?","E","M","?","T","R","?","R","?","M","R","BOSS","M","?","?","M","?","E","R","AVR","T","M","E"],"items_purchased_type":[],"build_version":"2020-12-22","purchased_purges":0,"victory":false,"max_hp_per_floor":[66,66,66,66,66,66,66,66,66,66,67,67,67,67,67,67,67,67,67,67,67,67,67,67,67,67,67,67,67],"card_choices":[{"not_picked":["animator:TukaLunaMarceau","animator:ShinjiMatou"],"picked":"animator:Caster","floor":1.0},{"not_picked":["infinitespire:SealOfDarkness+","infinitespire:FutureSight"],"picked":"infinitespire:SevenWalls","floor":5.0},{"not_picked":["animator:LeleiLaLalena","animator:Laby"],"picked":"animator:DwarfShaman","floor":6.0},{"not_picked":["animator:Spearman","animator:Chung"],"picked":"animator:Priestess","floor":7.0},{"not_picked":["animator:Illya","animator:SakuraMatou"],"picked":"animator:EmiyaShirou","floor":11.0},{"not_picked":["animator:Lu","animator:Spearman","animator:HiiragiShinya"],"picked":"SKIP","floor":14.0},{"not_picked":["animator:ItamiYouji","animator:SwordMaiden"],"picked":"animator:Albedo","floor":16.0},{"not_picked":["animator:Demiurge","animator:Lu","animator:Shigure"],"picked":"SKIP","floor":18.0},{"not_picked":["animator:Bozes","animator:Layla","animator:Priestess"],"picked":"SKIP","floor":21.0},{"not_picked":["animator:ShinjiMatou","animator:Illya"],"picked":"animator:Archer","floor":23.0},{"not_picked":["animator:Tyuule+1","animator:DwarfShaman","animator:Cocytus+1"],"picked":"SKIP","floor":27.0}],"player_experience":1519561,"relics_obtained":[{"floor":6.0,"key":"CloakClasp"},{"floor":9.0,"key":"Sundial"},{"floor":23.0,"key":"Art of War"}],"event_choices":[{"cards_removed":["animator:Defend"],"damage_healed":0.0,"max_hp_gain":0.0,"max_hp_loss":0.0,"gold_gain":0.0,"event_name":"Living Wall","player_choice":"Forget","floor":2.0,"gold_loss":0.0,"damage_taken":0.0},{"damage_healed":0.0,"max_hp_gain":0.0,"max_hp_loss":0.0,"gold_gain":0.0,"event_name":"WeMeetAgain","player_choice":"Gave Potion","floor":8.0,"gold_loss":0.0,"damage_taken":0.0,"relics_obtained":["Bag of Marbles"]},{"cards_removed":["animator:Strike_Konosuba"],"damage_healed":0.0,"max_hp_gain":0.0,"max_hp_loss":0.0,"gold_gain":0.0,"event_name":"The Cleric","player_choice":"Card Removal","floor":13.0,"gold_loss":50.0,"damage_taken":0.0},{"cards_removed":["animator:Defend_Fate"],"damage_healed":0.0,"max_hp_gain":0.0,"max_hp_loss":0.0,"gold_gain":0.0,"event_name":"Bonfire Elementals","player_choice":"Offered Basic","floor":19.0,"gold_loss":0.0,"damage_taken":0.0},{"damage_healed":0.0,"max_hp_gain":0.0,"max_hp_loss":0.0,"gold_gain":0.0,"event_name":"The Joust","player_choice":"Bet on Murderer","floor":20.0,"gold_loss":50.0,"damage_taken":0.0},{"cards_removed":["animator:EmiyaShirou"],"damage_healed":0.0,"max_hp_gain":0.0,"max_hp_loss":0.0,"gold_gain":0.0,"event_name":"betterNote:BetterNote","player_choice":"Take \u0026 Give","floor":22.0,"gold_loss":0.0,"damage_taken":0.0,"cards_obtained":["animator:Albedo"]}],"is_beta":false,"boss_relics":[{"not_picked":["animator:CursedBlade","SacredBark"],"picked":"animator:RacePiece"}],"items_purged_floors":[],"is_endless":false,"potions_floor_spawned":[1,11,14,18,23],"killed_by":"Slavers","ascension_level":10}}