{"host":"skr63qsdfgeey3it","time":1612649917,"event":{"mods":["BaseMod","Colored Map","Hubris","Minty Spire (QoL Compilation)","Monster B Gone","Reliquary","Replay The Spire","Spicy Shops","StSLib"],"gold_per_floor":[119,269,194,194,27,27,43,68,119,163,175,175,202,224,233,317,317,337,346,355,20,49,49,49,49],"floor_reached":24,"language":"ENG","playtime":760,"items_purged":[],"score":357,"play_id":"8ded3c22-8556-4d21-b653-93b3bc1f1ded","local_time":"20210206161837","is_ascension_mode":true,"campfire_choices":[{"data":"Discovery","floor":6,"key":"SMITH"},{"floor":12,"key":"REST"},{"floor":23,"key":"REST"}],"circlet_count":0,"master_deck":["AscendersBane","Strike_R","Strike_R","Strike_R","Strike_R","Strike_R","Defend_R","Defend_R","Defend_R","Defend_R","Bash","Neutralize","ReplayTheSpireMod:Strike From Hell","Flame Barrier","Discovery+1","Inflame","True Grit","Ghostly Armor","Fiend Fire","ReplayTheSpireMod:Strike From Hell","ReplayReversal","Immolate","Flex+1","Delirium","Shame","Panache","Fiend Fire"],"relics":["Burning Blood","Another Sword","hubris:MysteriousPyramids","CeramicFish","reliquary:RoseTintedGlasses","Replay:Grab Bag","Electric Blood","reliquary:Ember","SlaversCollar","Ring of Peace","ReplayTheSpireMod:Ring of Collecting","Blue Doll"],"acts_visited":["Exordium","TheCity"],"potions_floor_usage":[16,16],"damage_taken":[{"damage":0,"enemies":"Small Slimes","floor":1,"turns":3},{"damage":0,"enemies":"2 Louse","floor":7,"turns":3},{"damage":55,"enemies":"Lagavulin","floor":8,"turns":7},{"damage":20,"enemies":"Gremlin Nob","floor":10,"turns":4},{"damage":2,"enemies":"Jaw Worm","floor":11,"turns":3},{"damage":5,"enemies":"Large Slime","floor":13,"turns":4},{"damage":8,"enemies":"Looter","floor":14,"turns":3},{"damage":25,"enemies":"Slime Boss","floor":16,"turns":9},{"damage":28,"enemies":"Chosen","floor":18,"turns":5},{"damage":31,"enemies":"Spheric Guardian","floor":22,"turns":5},{"damage":37,"enemies":"Replay:Snechameleon","floor":24,"turns":2}],"seed_played":"-901702486321880326","potions_obtained":[{"floor":10,"key":"Doom Potion"},{"floor":11,"key":"Weak Potion"},{"floor":14,"key":"Explosive Potion"},{"floor":22,"key":"GamblersBrew"}],"is_trial":false,"path_per_floor":["M","?","?","?","$","R","M","E","T","E","M","R","M","M","R_BF","B",null,"M","?","?","$","M","R","E"],"character_chosen":"IRONCLAD","items_purchased":["Discovery","Inflame","Panache"],"campfire_rested":2,"item_purchase_floors":[5,5,21],"current_hp_per_floor":[74,74,74,74,74,74,75,26,26,12,16,38,39,37,37,18,61,39,39,39,39,14,36,0,0],"gold":49,"neow_bonus":"ONE_RARE_RELIC","is_daily":false,"chose_seed":false,"campfire_upgraded":1,"win_rate":0.0,"timestamp":1612649917,"path_taken":["M","?","?","?","$","R","M","E","T","E","M","R","M","M","R_BF","BOSS","M","?","?","$","M","R","E"],"items_purchased_type":["Card","Card","Card"],"build_version":"2020-12-22","purchased_purges":0,"victory":false,"max_hp_per_floor":[75,75,75,75,75,75,75,75,75,75,75,75,75,75,75,75,75,75,75,75,75,75,75,75,75],"card_choices":[{"not_picked":["Warcry","hubris:CleavingFinish"],"picked":"ReplayTheSpireMod:Strike From Hell","floor":1},{"not_picked":["Life Link","Evolve"],"picked":"True Grit","floor":7},{"not_picked":["ReplayTheSpireMod:LeadingStrike","Reckless Charge","Clash"],"picked":"SKIP","floor":8},{"not_picked":["Bloodletting","Sword Boomerang"],"picked":"Ghostly Armor","floor":10},{"not_picked":["Twin Strike","Thunderclap","Searing Blow"],"picked":"SKIP","floor":11},{"not_picked":["Cleave","Heavy Blade"],"picked":"Fiend Fire","floor":13},{"not_picked":["Clothesline","Cleave"],"picked":"ReplayTheSpireMod:Strike From Hell","floor":14},{"not_picked":["Hemogenesis","Demonic Infusion"],"picked":"Immolate","floor":16},{"not_picked":["Heavy Blade","Anger"],"picked":"Flex+1","floor":18},{"not_picked":["Run Through","Twin Strike"],"picked":"Fiend Fire","floor":22}],"player_experience":896562,"relics_obtained":[{"floor":8,"key":"hubris:MysteriousPyramids"},{"floor":9,"key":"CeramicFish"},{"floor":10,"key":"reliquary:RoseTintedGlasses"},{"floor":19,"key":"Ring of Peace"},{"floor":19,"key":"ReplayTheSpireMod:Ring of Collecting"}],"event_choices":[{"damage_healed":0,"gold_gain":150,"player_choice":"AGREE","damage_taken":0,"max_hp_gain":0,"max_hp_loss":0,"event_name":"Liars Game","floor":2,"gold_loss":0,"cards_obtained":["Doubt"]},{"cards_removed":["Doubt"],"damage_healed":0,"gold_gain":0,"player_choice":"Card Removal","damage_taken":0,"max_hp_gain":0,"max_hp_loss":0,"event_name":"The Cleric","floor":3,"gold_loss":75},{"damage_healed":0,"gold_gain":0,"player_choice":"Stole Relic","damage_taken":0,"relics_obtained":["Blue Doll"],"max_hp_gain":0,"max_hp_loss":0,"event_name":"Addict","floor":20,"gold_loss":0,"cards_obtained":["Shame"]}],"is_beta":false,"boss_relics":[{"not_picked":["Snecko Heart","Sozu"],"picked":"Replay:Grab Bag"},{"not_picked":["ReplayTheSpireMod:Onyx Gauntlets","hubris:GrandSneckoEye"],"picked":"Electric Blood"},{"not_picked":["Replay:Bronze Core","Abe\u0027s Treasure"],"picked":"reliquary:Ember"},{"not_picked":["hubris:ScarierMask","hubris:HollowSoul"],"picked":"SlaversCollar"}],"items_purged_floors":[],"is_endless":false,"potions_floor_spawned":[10,11,14,22],"killed_by":"Replay:Snechameleon","ascension_level":15}}