{"host":"jqkewjmybebgw3gd","time":1612619038,"event":{"mods":["AchievementEnabler","BaseMod","Colored Map","DeckTracker","Minty Spire (QoL Compilation)","StSLib","SuperFastMode"],"gold_per_floor":[116,116,116,127,144,144,171,171,197,213,225,254,272,291,291,388,388,400,106,120,120,139,169,169,194,194,194,38,138,138,171,171,275,275,292,250,250,270,288,318,318,337,337,353,353,353,387,211,211,211,211,211,48,92,92],"floor_reached":56,"language":"KOR","playtime":3183,"items_purged":[],"score":1480,"play_id":"0bbf5aa5-5070-4f1b-802c-f57f596cf9ba","local_time":"20210206224358","is_ascension_mode":false,"campfire_choices":[{"floor":6.0,"key":"RECALL"},{"data":"Vigilance","floor":8.0,"key":"SMITH"},{"data":"FlurryOfBlows","floor":15.0,"key":"SMITH"},{"data":"Vault","floor":24.0,"key":"SMITH"},{"data":"Vault","floor":32.0,"key":"SMITH"},{"data":"MentalFortress","floor":46,"key":"SMITH"},{"data":"Adaptation","floor":49,"key":"SMITH"},{"data":"Ragnarok","floor":52,"key":"SMITH"}],"circlet_count":0,"master_deck":["Eruption+1","Vigilance+1","FlurryOfBlows+1","Halt+1","Indignation+1","MentalFortress+1","TalkToTheHand+1","TalkToTheHand+1","Tantrum+1","Tantrum+1","Ragnarok+1","InnerPeace+1","FearNoEvil+1","EmptyFist","Tantrum","DeusExMachina+1","CurseOfTheBell","EmptyBody+1","Vault+1","ClearTheMind+1","Vault+1","Ragnarok+1","InnerPeace+1","Halt+1","MentalFortress+1","Brilliance","Adaptation+1","FlurryOfBlows+1"],"relics":["PureWater","Ancient Tea Set","Gremlin Horn","Calling Bell","Bronze Scales","Shuriken","WingedGreaves","Orichalcum","Damaru","MutagenicStrength","Mercury Hourglass","Red Mask","Singing Bowl","Sling","CloakClasp","The Courier","Nunchaku","Runic Pyramid","Toxic Egg 2","Meat on the Bone","Pocketwatch","CeramicFish","War Paint","Vajra","Blue Candle"],"acts_visited":["Exordium","TheCity","TheBeyond","TheEnding"],"potions_floor_usage":[33,39,44,50,54,55,55],"damage_taken":[{"damage":0.0,"enemies":"Small Slimes","floor":1.0,"turns":1.0},{"damage":0.0,"enemies":"2 Louse","floor":4.0,"turns":1.0},{"damage":0.0,"enemies":"Cultist","floor":5.0,"turns":1.0},{"damage":0.0,"enemies":"Lagavulin","floor":7.0,"turns":4.0},{"damage":0.0,"enemies":"Gremlin Gang","floor":10.0,"turns":3.0},{"damage":0.0,"enemies":"Exordium Wildlife","floor":11.0,"turns":2.0},{"damage":0.0,"enemies":"3 Sentries","floor":12.0,"turns":3.0},{"damage":0.0,"enemies":"Blue Slaver","floor":13.0,"turns":2.0},{"damage":0.0,"enemies":"Looter","floor":14.0,"turns":2.0},{"damage":0.0,"enemies":"Slime Boss","floor":16.0,"turns":4.0},{"damage":2.0,"enemies":"Chosen","floor":18.0,"turns":2.0},{"damage":0.0,"enemies":"3 Byrds","floor":20.0,"turns":2.0},{"damage":0.0,"enemies":"Snake Plant","floor":22.0,"turns":2.0},{"damage":0.0,"enemies":"Slavers","floor":23.0,"turns":3.0},{"damage":0.0,"enemies":"Masked Bandits","floor":25.0,"turns":1.0},{"damage":0.0,"enemies":"Colosseum Slavers","floor":29.0,"turns":2.0},{"damage":0.0,"enemies":"Colosseum Nobs","floor":29.0,"turns":2.0},{"damage":0.0,"enemies":"Gremlin Leader","floor":31.0,"turns":2.0},{"damage":12,"enemies":"Automaton","floor":33,"turns":4},{"damage":2,"enemies":"3 Darklings","floor":35,"turns":3},{"damage":0,"enemies":"Orb Walker","floor":38,"turns":1},{"damage":0,"enemies":"Sphere and 2 Shapes","floor":39,"turns":2},{"damage":0,"enemies":"Reptomancer","floor":40,"turns":3},{"damage":0,"enemies":"Transient","floor":42,"turns":5},{"damage":0,"enemies":"Writhing Mass","floor":44,"turns":2},{"damage":0,"enemies":"Giant Head","floor":47,"turns":3},{"damage":29,"enemies":"Time Eater","floor":50,"turns":6},{"damage":0,"enemies":"Shield and Spear","floor":54,"turns":3},{"damage":24,"enemies":"The Heart","floor":55,"turns":5}],"seed_played":"-5572506935886716877","potions_obtained":[{"floor":4.0,"key":"SkillPotion"},{"floor":5.0,"key":"SteroidPotion"},{"floor":12.0,"key":"Dexterity Potion"},{"floor":13.0,"key":"Ancient Potion"},{"floor":23.0,"key":"AttackPotion"},{"floor":31.0,"key":"SteroidPotion"},{"floor":37,"key":"Fire Potion"},{"floor":40,"key":"Energy Potion"},{"floor":44,"key":"Fire Potion"}],"is_trial":false,"path_per_floor":["M","?","?","M","M","R","E","R","T","M","M","E","M","M","R","B",null,"M","$","M","?","M","E","R","?","T","?","$","?","?","E","R","B",null,"M","$","?","M","M","E","T","M","T","M","?","R","E","$","R","B",null,"R","$","E","B",null],"character_chosen":"WATCHER","items_purchased":["Orichalcum","Damaru","Sling","SteroidPotion","Adaptation","War Paint","Vajra","PowerPotion"],"campfire_rested":0,"item_purchase_floors":[19,19,28,36,48,48,53,53],"current_hp_per_floor":[72,72,72,72,72,72,72,72,72,72,72,72,72,72,72,72,72,70,70,70,70,70,70,70,70,70,70,70,72,72,74,74,62,76,76,76,76,78,78,78,78,78,78,80,80,80,80,80,80,51,82,82,82,82,58],"gold":92,"neow_bonus":"UPGRADE_CARD","is_daily":false,"chose_seed":false,"campfire_upgraded":7,"win_rate":0.0,"timestamp":1612619038,"path_taken":["M","?","?","?","M","R","E","R","T","M","M","E","M","M","R","BOSS","M","$","?","?","M","E","R","?","T","?","$","?","?","E","R","BOSS","M","$","?","?","M","E","?","M","T","M","?","R","E","$","R","BOSS","R","$","E","BOSS"],"items_purchased_type":["Relic","Relic","Relic","Potion","Card","Relic","Relic","Potion"],"build_version":"2020-12-22","purchased_purges":0,"victory":true,"max_hp_per_floor":[72,72,72,72,72,72,72,72,72,72,72,72,72,72,72,72,72,72,72,72,72,72,72,72,72,72,72,72,74,74,76,76,76,76,78,78,78,80,80,80,80,80,80,82,82,82,82,82,82,82,82,82,82,82,82],"card_choices":[{"not_picked":["Conclude","FlurryOfBlows"],"picked":"EmptyFist","floor":1.0},{"not_picked":["Perseverance","Worship"],"picked":"Tantrum","floor":4.0},{"not_picked":["Evaluate","Halt","Prostrate"],"picked":"SKIP","floor":5.0},{"not_picked":["EmptyFist","FlurryOfBlows","CutThroughFate"],"picked":"SKIP","floor":7.0},{"not_picked":["Protect","Tantrum","FlyingSleeves"],"picked":"SKIP","floor":10.0},{"not_picked":["Collect","CarveReality","Prostrate"],"picked":"SKIP","floor":11.0},{"not_picked":["Crescendo","SpiritShield","Consecrate"],"picked":"SKIP","floor":12.0},{"not_picked":["CutThroughFate","ClearTheMind","Swivel"],"picked":"SKIP","floor":13.0},{"not_picked":["Study","Collect","Meditate"],"picked":"SKIP","floor":14.0},{"not_picked":["Omniscience","Establishment"],"picked":"DeusExMachina","floor":16.0},{"not_picked":["ThirdEye","CutThroughFate","EmptyBody"],"picked":"SKIP","floor":18.0},{"not_picked":["Halt","EmptyFist+1"],"picked":"EmptyBody+1","floor":20.0},{"not_picked":["BowlingBash","Evaluate+1"],"picked":"Vault","floor":22.0},{"not_picked":["Halt+1","EmptyBody","Tantrum"],"picked":"SKIP","floor":23.0},{"not_picked":["Weave","FollowUp"],"picked":"ClearTheMind+1","floor":25.0},{"not_picked":["Worship+1","EmptyBody","Consecrate"],"picked":"Singing Bowl","floor":29.0},{"not_picked":["Collect","CarveReality+1","Wireheading"],"picked":"Singing Bowl","floor":31.0},{"not_picked":["Judgement","MasterReality"],"picked":"Ragnarok","floor":33},{"not_picked":["Halt","PathToVictory+1","CutThroughFate+1"],"picked":"Singing Bowl","floor":35},{"not_picked":["EmptyFist","EmptyBody","BowlingBash+1"],"picked":"Singing Bowl","floor":38},{"not_picked":["CrushJoints","ThirdEye"],"picked":"InnerPeace+1","floor":39},{"not_picked":["ForeignInfluence+1","Prostrate+1"],"picked":"Halt+1","floor":40},{"not_picked":["ReachHeaven","FollowUp+1"],"picked":"MentalFortress","floor":42},{"not_picked":["WreathOfFlame+1","ThirdEye+1","PathToVictory+1"],"picked":"Singing Bowl","floor":44},{"not_picked":["Protect+1","Wireheading"],"picked":"Brilliance","floor":47},{"not_picked":["Meditate+1","CarveReality+1"],"picked":"FlurryOfBlows+1","floor":54}],"player_experience":478078,"relics_obtained":[{"floor":7.0,"key":"Ancient Tea Set"},{"floor":12.0,"key":"Gremlin Horn"},{"floor":17.0,"key":"Bronze Scales"},{"floor":17.0,"key":"Shuriken"},{"floor":17.0,"key":"WingedGreaves"},{"floor":23.0,"key":"Mercury Hourglass"},{"floor":25.0,"key":"Red Mask"},{"floor":26.0,"key":"Singing Bowl"},{"floor":29.0,"key":"CloakClasp"},{"floor":29.0,"key":"The Courier"},{"floor":31.0,"key":"Nunchaku"},{"floor":40,"key":"Toxic Egg 2"},{"floor":41,"key":"Meat on the Bone"},{"floor":43,"key":"Pocketwatch"},{"floor":47,"key":"CeramicFish"},{"floor":54,"key":"Blue Candle"}],"event_choices":[{"damage_healed":0.0,"max_hp_gain":0.0,"max_hp_loss":0.0,"gold_gain":0.0,"event_name":"Liars Game","player_choice":"Ignored","floor":2.0,"gold_loss":0.0,"damage_taken":0.0},{"damage_healed":0.0,"max_hp_gain":0.0,"max_hp_loss":0.0,"gold_gain":0.0,"event_name":"Transmorgrifier","player_choice":"Ignored","floor":3.0,"gold_loss":0.0,"damage_taken":0.0},{"damage_healed":0.0,"max_hp_gain":0.0,"max_hp_loss":0.0,"gold_gain":0.0,"event_name":"Drug Dealer","player_choice":"Inject Mutagens","floor":21.0,"gold_loss":0.0,"damage_taken":0.0,"relics_obtained":["MutagenicStrength"]},{"damage_healed":0.0,"max_hp_gain":0.0,"max_hp_loss":0.0,"gold_gain":0.0,"event_name":"Masked Bandits","player_choice":"Fought Bandits","floor":25.0,"gold_loss":0.0,"damage_taken":0.0},{"damage_healed":0.0,"max_hp_gain":0.0,"max_hp_loss":0.0,"gold_gain":0.0,"event_name":"Beggar","player_choice":"Ignored","floor":27.0,"gold_loss":0.0,"damage_taken":0.0},{"damage_healed":0.0,"max_hp_gain":0.0,"max_hp_loss":0.0,"gold_gain":0.0,"event_name":"Colosseum","player_choice":"Fight","floor":29.0,"gold_loss":0.0,"damage_taken":0.0},{"damage_healed":0.0,"max_hp_gain":0.0,"max_hp_loss":0.0,"gold_gain":0.0,"event_name":"Colosseum","player_choice":"Fought Nobs","floor":29.0,"gold_loss":0.0,"damage_taken":0.0},{"damage_healed":0.0,"max_hp_gain":0.0,"max_hp_loss":0.0,"gold_gain":0.0,"event_name":"The Library","player_choice":"Read","floor":30.0,"gold_loss":0.0,"damage_taken":0.0,"cards_obtained":["Vault"]},{"damage_healed":0,"gold_gain":0,"player_choice":"Got Potions","damage_taken":0,"max_hp_gain":0,"max_hp_loss":0,"event_name":"Lab","floor":37,"gold_loss":0},{"cards_removed":["MentalFortress"],"damage_healed":0,"gold_gain":0,"player_choice":"Removed Power","damage_taken":0,"max_hp_gain":0,"max_hp_loss":0,"event_name":"Falling","floor":45,"gold_loss":0}],"is_beta":false,"boss_relics":[{"not_picked":["SlaversCollar","Coffee Dripper"],"picked":"Calling Bell"},{"not_picked":["Cursed Key","Tiny House"],"picked":"Runic Pyramid"}],"items_purged_floors":[],"is_endless":false,"potions_floor_spawned":[4,5,12,13,23,29,31,40,42,44],"ascension_level":0}}