{"host":"wuernuywc9gl215o","time":1612625253,"event":{"mods":["AchievementEnabler","BaseMod","Block Reminder","Highlight Path","Key Reminder","Minty Spire (QoL Compilation)","Permanent Neow","Potion Indicator Mod","Quick Restart","Relic Stats"],"gold_per_floor":[115,125,125,125,144,144,177,193,244,244,319,32,75,75,75,171,171,186,186,200,221,221,221,221,221],"floor_reached":24,"language":"ENG","playtime":991,"items_purged":[],"score":408,"play_id":"8dd51b2a-53e6-4f0a-aaa5-03b55da1c906","local_time":"20210206152733","is_ascension_mode":true,"campfire_choices":[{"data":"Perfected Strike","floor":6.0,"key":"SMITH"},{"data":"Barricade","floor":10.0,"key":"SMITH"},{"floor":15.0,"key":"REST"},{"floor":23.0,"key":"REST"}],"circlet_count":0,"master_deck":["AscendersBane","Strike_R","Strike_R","Strike_R","Strike_R","Strike_R","Defend_R","Defend_R","Defend_R","Defend_R","Bash","Perfected Strike+1","Shrug It Off","Feel No Pain","Barricade+1","Fire Breathing","Shockwave","Twin Strike","Feed","CurseOfTheBell","Carnage","Pommel Strike","Whirlwind","Writhe"],"relics":["Mark of Pain","Golden Idol","Pear","Dream Catcher","Kunai","Blood Vial","Calling Bell","Toy Ornithopter","Sundial","TungstenRod","InkBottle"],"acts_visited":["Exordium","TheCity"],"potions_floor_usage":[24,24],"damage_taken":[{"damage":1.0,"enemies":"Cultist","floor":1.0,"turns":4.0},{"damage":1.0,"enemies":"2 Louse","floor":2.0,"turns":3.0},{"damage":7.0,"enemies":"Jaw Worm","floor":5.0,"turns":2.0},{"damage":16.0,"enemies":"3 Sentries","floor":7.0,"turns":9.0},{"damage":12.0,"enemies":"Large Slime","floor":8.0,"turns":5.0},{"damage":17.0,"enemies":"Gremlin Nob","floor":13.0,"turns":4.0},{"damage":38.0,"enemies":"The Guardian","floor":16.0,"turns":12.0},{"damage":27.0,"enemies":"2 Thieves","floor":18.0,"turns":4.0},{"damage":8.0,"enemies":"Chosen","floor":20.0,"turns":4.0},{"damage":22.0,"enemies":"Snake Plant","floor":21.0,"turns":4.0},{"damage":63,"enemies":"Gremlin Leader","floor":24,"turns":4}],"seed_played":"-3747833704196478844","potions_obtained":[{"floor":2.0,"key":"HeartOfIron"},{"floor":5.0,"key":"Strength Potion"},{"floor":8.0,"key":"Explosive Potion"},{"floor":16.0,"key":"Ancient Potion"},{"floor":21.0,"key":"Energy Potion"}],"is_trial":false,"path_per_floor":["M","M","?","?","M","R","E","M","T","R","?","$","E","?","R","B",null,"M","?","M","M","?","R","E"],"character_chosen":"IRONCLAD","items_purchased":["Kunai"],"campfire_rested":2,"item_purchase_floors":[12],"current_hp_per_floor":[67,66,66,66,59,59,53,41,41,41,30,30,13,13,38,2,64,44,44,38,18,18,43,0,0],"gold":221,"neow_bonus":"BOSS_RELIC","is_daily":false,"chose_seed":false,"campfire_upgraded":2,"win_rate":0.0,"timestamp":1612625253,"path_taken":["M","M","?","?","M","R","E","?","T","R","?","$","E","?","R","BOSS","M","?","M","M","?","R","E"],"items_purchased_type":["Relic"],"build_version":"2020-12-22","purchased_purges":0,"victory":false,"max_hp_per_floor":[75,75,75,75,75,75,85,85,85,85,85,85,85,85,85,85,85,85,85,85,85,85,85,85,85],"relic_stats":{"Blood Vial":10,"Dream Catcher":2,"counters":[11,55],"Golden Idol":52,"Sundial":[0],"Kunai":[3],"obtain_stats":[{"Blood Vial":13,"Calling Bell":17,"Dream Catcher":9,"Pear":7,"Golden Idol":3,"Sundial":17,"Mark of Pain":0,"Kunai":12,"Burning Blood":0,"Toy Ornithopter":17,"TungstenRod":17,"InkBottle":22},{"Blood Vial":6,"Calling Bell":7,"Dream Catcher":5,"Pear":4,"Golden Idol":2,"Sundial":7,"Mark of Pain":0,"Kunai":5,"Burning Blood":0,"Toy Ornithopter":7,"TungstenRod":7,"InkBottle":10},{"Blood Vial":27,"Calling Bell":39,"Dream Catcher":23,"Pear":18,"Golden Idol":7,"Sundial":39,"Mark of Pain":0,"Kunai":23,"Burning Blood":0,"Toy Ornithopter":39,"TungstenRod":39,"InkBottle":51}],"Toy Ornithopter":15,"TungstenRod":16,"InkBottle":[1]},"card_choices":[{"not_picked":["Anger","Thunderclap"],"picked":"Perfected Strike","floor":1.0},{"not_picked":["Flex","Perfected Strike"],"picked":"Shrug It Off","floor":2.0},{"not_picked":["Uppercut","Inflame"],"picked":"Feel No Pain","floor":5.0},{"not_picked":["Flex","Iron Wave"],"picked":"Barricade","floor":7.0},{"not_picked":["Wild Strike","Dropkick"],"picked":"Fire Breathing","floor":8.0},{"not_picked":["Wild Strike","Pommel Strike"],"picked":"Shockwave","floor":13.0},{"not_picked":["Seeing Red","Headbutt"],"picked":"Twin Strike","floor":15.0},{"not_picked":["Exhume","Demon Form"],"picked":"Feed","floor":16.0},{"not_picked":["Shrug It Off","Pommel Strike"],"picked":"Carnage","floor":18.0},{"not_picked":["Uppercut","Sever Soul"],"picked":"Pommel Strike","floor":20.0},{"not_picked":["Anger","Shrug It Off"],"picked":"Whirlwind","floor":21.0}],"player_experience":837500,"relics_obtained":[{"floor":7.0,"key":"Pear"},{"floor":9.0,"key":"Dream Catcher"},{"floor":13.0,"key":"Blood Vial"},{"floor":17.0,"key":"Toy Ornithopter"},{"floor":17.0,"key":"Sundial"},{"floor":17.0,"key":"TungstenRod"}],"event_choices":[{"damage_healed":0.0,"max_hp_gain":0.0,"max_hp_loss":0.0,"gold_gain":0.0,"event_name":"Golden Idol","player_choice":"Take Wound","floor":3.0,"gold_loss":0.0,"damage_taken":0.0,"relics_obtained":["Golden Idol"],"cards_obtained":["Injury"]},{"cards_removed":["Injury"],"damage_healed":0.0,"max_hp_gain":0.0,"max_hp_loss":0.0,"gold_gain":0.0,"event_name":"Living Wall","player_choice":"Forget","floor":4.0,"gold_loss":0.0,"damage_taken":0.0},{"damage_healed":0.0,"max_hp_gain":0.0,"max_hp_loss":0.0,"gold_gain":75.0,"event_name":"World of Goop","player_choice":"Gather Gold","floor":11.0,"gold_loss":0.0,"damage_taken":11.0},{"damage_healed":0.0,"max_hp_gain":0.0,"max_hp_loss":0.0,"gold_gain":0.0,"event_name":"Shining Light","player_choice":"Ignored","floor":14.0,"gold_loss":0.0,"damage_taken":0.0},{"damage_healed":0.0,"max_hp_gain":0.0,"max_hp_loss":0.0,"gold_gain":0.0,"event_name":"Ghosts","player_choice":"Ignored","floor":19.0,"gold_loss":0.0,"damage_taken":0.0},{"damage_healed":0.0,"max_hp_gain":0.0,"max_hp_loss":0.0,"gold_gain":0.0,"event_name":"The Mausoleum","player_choice":"Opened","floor":22.0,"gold_loss":0.0,"damage_taken":0.0,"relics_obtained":["InkBottle"],"cards_obtained":["Writhe"]}],"is_beta":false,"boss_relics":[{"not_picked":["Runic Cube","Pandora\u0027s Box"],"picked":"Calling Bell"}],"items_purged_floors":[],"is_endless":false,"potions_floor_spawned":[2,5,8,16,21],"killed_by":"Gremlin Leader","ascension_level":20}}