{"host":"bcpyscfajg8dk59p","time":1612654875,"event":{"mods":["Act Like it!","BaseMod","BetterRewards","Colored Map","Colored Powertips","Conspire","Downfall","Friendly Minions","Hubris","Infinite Spire","Ironclad Rager","Minty Spire (QoL Compilation)","Permanent Neow","Quarter Circle Forward PUNCH!","Replay The Spire","StSLib","SuperFastMode","The Jungle","Trackpad"],"gold_per_floor":[115,115,135,152,152,152,167,167,167,167,179,179,197,122,122,122,122],"floor_reached":16,"language":"ENG","playtime":464,"items_purged":["Strike_P"],"score":92,"play_id":"6c932d7f-9694-4d8c-92a6-1880c9b08798","local_time":"20210206154115","is_ascension_mode":false,"campfire_choices":[{"floor":6.0,"key":"RECALL"},{"data":"Eruption","floor":8.0,"key":"SMITH"},{"floor":12,"key":"REST"}],"circlet_count":0,"master_deck":["Strike_P","Strike_P","Strike_P","Defend_P","Defend_P","Defend_P","Eruption+1","Vigilance","Adaptation","Wallop","Protect+1","Swivel","Tantrum"],"relics":["conspire:RunicOctahedron"],"acts_visited":["Exordium"],"potions_floor_usage":[],"damage_taken":[{"damage":1.0,"enemies":"2 Louse","floor":1.0,"turns":4.0},{"damage":0.0,"enemies":"Cultist","floor":3.0,"turns":3.0},{"damage":5.0,"enemies":"Small Slimes","floor":4.0,"turns":5.0},{"damage":35.0,"enemies":"Gremlin Gang","floor":7.0,"turns":8.0},{"damage":12,"enemies":"3 Louse","floor":11,"turns":4},{"damage":8,"enemies":"Red Slaver","floor":13,"turns":5},{"damage":70,"enemies":"Fading Forest","floor":16,"turns":7}],"seed_played":"1976411359963100105","potions_obtained":[{"floor":1.0,"key":"Swift Potion"},{"floor":13,"key":"BottledMiracle"}],"is_trial":false,"path_per_floor":["M","?","M","M","?","R","M","R","T","?","M","R","M","$","R_BF","B"],"character_chosen":"WATCHER","items_purchased":[],"campfire_rested":1,"item_purchase_floors":[],"current_hp_per_floor":[71,71,71,66,59,59,24,24,24,24,12,33,25,25,46,0,0],"gold":122,"neow_bonus":"BOSS_RELIC","is_daily":false,"chose_seed":false,"campfire_upgraded":1,"win_rate":0.0,"timestamp":1612654875,"path_taken":["M","?","?","M","?","R","?","R","T","?","?","R","M","?","R_BF","BOSS"],"items_purchased_type":[],"build_version":"2020-12-22","purchased_purges":1,"victory":false,"max_hp_per_floor":[72,72,72,72,72,72,72,72,72,72,72,72,72,72,72,72,72],"card_choices":[{"not_picked":["Replay:ManipulateFuture","Vengeance"],"picked":"Adaptation","floor":1.0},{"not_picked":["CrushJoints","FollowUp"],"picked":"Wallop","floor":3.0},{"not_picked":["ThirdEye","Replay:ManipulateFuture"],"picked":"Protect","floor":4.0},{"not_picked":["CrushJoints","SashWhip","Replay:BluntJabs"],"picked":"SKIP","floor":7.0},{"not_picked":["CrushJoints","SashWhip","Replay:BluntJabs"],"picked":"SKIP","floor":7.0},{"not_picked":["WheelKick","CarveReality"],"picked":"Swivel","floor":11},{"not_picked":["Replay:DivineShield","Prostrate"],"picked":"Tantrum","floor":13}],"player_experience":450908,"relics_obtained":[],"event_choices":[{"cards_removed":["Defend_P"],"damage_healed":0.0,"max_hp_gain":0.0,"max_hp_loss":0.0,"gold_gain":0.0,"event_name":"Purifier","player_choice":"Purged","floor":2.0,"gold_loss":0.0,"damage_taken":0.0},{"damage_healed":0.0,"max_hp_gain":0.0,"max_hp_loss":0.0,"gold_gain":0.0,"event_name":"Wheel of Change","player_choice":"Damaged","floor":5.0,"gold_loss":0.0,"damage_taken":7.0},{"damage_healed":0,"gold_gain":0,"player_choice":"Ignored","damage_taken":0,"max_hp_gain":0,"max_hp_loss":0,"event_name":"NoteForYourself","floor":10,"gold_loss":0}],"is_beta":false,"boss_relics":[],"items_purged_floors":[14],"is_endless":false,"potions_floor_spawned":[1,13],"killed_by":"Fading Forest","ascension_level":0}}