{"host":"rmt60uil2jppa14k","time":1612633968,"event":{"mods":["AchievementEnabler","BaseMod","Colored Powertips","Highlight Path","Minty Spire (QoL Compilation)","Quick Restart","Shop Mod","StSLib"],"gold_per_floor":[118,118,64,81,96,96,116,116,116,128,4,23,23,36,36,166,166,180,205,205,223,223,223,223,72,72,91,111,131,131,156,156,156,156],"floor_reached":33,"language":"ENG","playtime":1170,"items_purged":["Injury"],"score":243,"play_id":"0ce781cd-3984-494c-b091-a1645bd5a121","local_time":"20210206175248","is_ascension_mode":false,"campfire_choices":[{"floor":6,"key":"REST"},{"data":"Tempest","floor":8,"key":"SMITH"},{"data":"Aggregate","floor":15,"key":"SMITH"},{"floor":23,"key":"REST"},{"floor":30,"key":"REST"},{"floor":32,"key":"REST"}],"circlet_count":0,"master_deck":["Strike_B","Strike_B","Strike_B","Strike_B","Defend_B","Zap+1","Dualcast","Conserve Battery","Gash","Stack","Auto Shields","Tempest+1","Turbo","FTL","Turbo","Aggregate+1","Cold Snap","Multi-Cast","Sunder+1","Storm+1","Multi-Cast+1","Sweeping Beam+1","Gash+1","Stack","Genetic Algorithm","Static Discharge","Beam Cell+1","Lockon","Ball Lightning+1","Turbo"],"relics":["Cracked Core","MealTicket","Golden Idol","Astrolabe","Gremlin Horn"],"acts_visited":["Exordium","TheCity"],"potions_floor_usage":[14,16,21,27,31,31],"damage_taken":[{"damage":5,"enemies":"Small Slimes","floor":1,"turns":3},{"damage":0,"enemies":"Cultist","floor":4,"turns":4},{"damage":1,"enemies":"Jaw Worm","floor":5,"turns":4},{"damage":2,"enemies":"Blue Slaver","floor":7,"turns":4},{"damage":10,"enemies":"3 Louse","floor":10,"turns":4},{"damage":5,"enemies":"Looter","floor":12,"turns":2},{"damage":1,"enemies":"Red Slaver","floor":14,"turns":3},{"damage":44,"enemies":"Hexaghost","floor":16,"turns":11},{"damage":27,"enemies":"Shell Parasite","floor":18,"turns":5},{"damage":0,"enemies":"Spheric Guardian","floor":19,"turns":1},{"damage":27,"enemies":"Chosen and Byrds","floor":21,"turns":5},{"damage":18,"enemies":"Centurion and Healer","floor":27,"turns":6},{"damage":25,"enemies":"Snake Plant","floor":28,"turns":3},{"damage":26,"enemies":"3 Cultists","floor":29,"turns":5},{"damage":18,"enemies":"Snecko","floor":31,"turns":5},{"damage":30,"enemies":"Champ","floor":33,"turns":3}],"seed_played":"-1693809818918539765","potions_obtained":[{"floor":0,"key":"Ancient Potion"},{"floor":0,"key":"SneckoOil"},{"floor":0,"key":"CultistPotion"},{"floor":1,"key":"SpeedPotion"},{"floor":12,"key":"Swift Potion"},{"floor":16,"key":"Explosive Potion"},{"floor":21,"key":"Regen Potion"},{"floor":29,"key":"EssenceOfSteel"}],"is_trial":false,"path_per_floor":["M","?","$","M","M","R","M","R","T","M","$","M","?","M","R","B",null,"M","M","?","M","?","R","?","$","T","M","M","M","R","M","R","B"],"character_chosen":"DEFECT","items_purchased":["Gash","FTL","Turbo","Static Discharge"],"campfire_rested":4,"item_purchase_floors":[3,11,11,25],"current_hp_per_floor":[70,70,70,70,69,75,73,73,73,63,75,70,70,69,69,25,75,48,48,48,21,21,43,43,58,58,54,29,3,25,7,29,0,0],"gold":156,"neow_bonus":"THREE_SMALL_POTIONS","is_daily":false,"chose_seed":false,"campfire_upgraded":2,"win_rate":0.0,"timestamp":1612633968,"path_taken":["M","?","$","M","M","R","M","R","T","M","?","?","?","M","R","BOSS","M","M","?","M","?","R","?","?","T","?","?","M","R","M","R","BOSS"],"items_purchased_type":["Card","Card","Card","Card"],"build_version":"2020-12-22","purchased_purges":1,"victory":false,"max_hp_per_floor":[75,75,75,75,75,75,75,75,75,75,75,75,75,75,75,75,75,75,75,75,75,75,75,75,75,75,75,75,75,75,75,75,75,75],"card_choices":[{"not_picked":["Capacitor","Leap"],"picked":"Conserve Battery","floor":1},{"not_picked":["Conserve Battery","Glacier"],"picked":"Stack","floor":4},{"not_picked":["BootSequence","Coolheaded"],"picked":"Auto Shields","floor":5},{"not_picked":["Steam","Self Repair"],"picked":"Tempest","floor":7},{"not_picked":["Steam","Sweeping Beam"],"picked":"Turbo","floor":10},{"not_picked":["Barrage","Cold Snap"],"picked":"Aggregate","floor":12},{"not_picked":["Darkness","Rebound"],"picked":"Cold Snap","floor":14},{"not_picked":["All For One","Meteor Strike"],"picked":"Multi-Cast","floor":16},{"not_picked":["Darkness","Steam"],"picked":"Sweeping Beam+1","floor":18},{"not_picked":["Rebound","Recycle"],"picked":"Gash+1","floor":19},{"not_picked":["Compile Driver+1","Blizzard"],"picked":"Stack","floor":21},{"not_picked":["Hyperbeam","Leap"],"picked":"Beam Cell+1","floor":27},{"not_picked":["Gash","Streamline+1"],"picked":"Lockon","floor":28},{"not_picked":["Core Surge","Hello World"],"picked":"Ball Lightning+1","floor":29},{"not_picked":["Streamline","Lockon"],"picked":"Turbo","floor":31}],"player_experience":141376,"relics_obtained":[{"floor":9,"key":"MealTicket"},{"floor":26,"key":"Gremlin Horn"}],"event_choices":[{"damage_healed":0,"gold_gain":0,"player_choice":"Upgraded","damage_taken":0,"max_hp_gain":0,"max_hp_loss":0,"event_name":"Upgrade Shrine","floor":2,"gold_loss":0,"cards_upgraded":["Zap"]},{"damage_healed":0,"gold_gain":0,"player_choice":"Take Wound","damage_taken":0,"relics_obtained":["Golden Idol"],"max_hp_gain":0,"max_hp_loss":0,"event_name":"Golden Idol","floor":13,"gold_loss":0,"cards_obtained":["Injury"]},{"damage_healed":0,"gold_gain":0,"player_choice":"Ignored","damage_taken":0,"max_hp_gain":0,"max_hp_loss":0,"event_name":"Vampires","floor":20,"gold_loss":0},{"damage_healed":0,"gold_gain":0,"player_choice":"Read","damage_taken":0,"max_hp_gain":0,"max_hp_loss":0,"event_name":"The Library","floor":22,"gold_loss":0,"cards_obtained":["Genetic Algorithm"]},{"damage_healed":0,"gold_gain":0,"player_choice":"Ignored","damage_taken":0,"max_hp_gain":0,"max_hp_loss":0,"event_name":"Ghosts","floor":24,"gold_loss":0}],"is_beta":false,"boss_relics":[{"not_picked":["Runic Dome","Sozu"],"picked":"Astrolabe"}],"items_purged_floors":[25],"is_endless":false,"potions_floor_spawned":[1,12,16,21,29],"killed_by":"Champ","ascension_level":0}}