{"host":"bcpyscfajg8dk59p","time":1612631430,"event":{"mods":["Act Like it!","BaseMod","BetterRewards","Colored Map","Colored Powertips","Conspire","Downfall","Friendly Minions","Hubris","Infinite Spire","Ironclad Rager","Minty Spire (QoL Compilation)","Permanent Neow","Quarter Circle Forward PUNCH!","Replay The Spire","StSLib","SuperFastMode","The Jungle","Trackpad"],"gold_per_floor":[113,113,188,207,221,221,249,249,297,297,313,313,330,330,330,330,330],"floor_reached":16,"language":"ENG","playtime":389,"items_purged":[],"score":100,"play_id":"16625601-398a-4738-b270-3e69ec70eeee","local_time":"20210206091030","is_ascension_mode":false,"campfire_choices":[{"data":"Dualcast","floor":6,"key":"SMITH"},{"data":"Hyperbeam","floor":8,"key":"SMITH"},{"data":"Tempest","floor":10,"key":"SMITH"},{"data":"Zap","floor":12,"key":"SMITH"},{"data":"Leap","floor":15,"key":"SMITH"}],"circlet_count":0,"master_deck":["Strike_B","Strike_B","Strike_B","Strike_B","Defend_B","Defend_B","Defend_B","Defend_B","Zap+1","Dualcast+1","Reboot","Tempest+1","Beam Cell","Ball Lightning","Hyperbeam+1","Rebound","Leap+1"],"relics":["Cracked Core","trackpad:Mousetrap","Blue Doll","hubris:Towel"],"acts_visited":["Exordium"],"potions_floor_usage":[16],"damage_taken":[{"damage":1,"enemies":"2 Louse","floor":1,"turns":3},{"damage":0,"enemies":"Small Slimes","floor":4,"turns":2},{"damage":0,"enemies":"Cultist","floor":5,"turns":3},{"damage":16,"enemies":"3 Sentries","floor":7,"turns":6},{"damage":6,"enemies":"Large Slime","floor":11,"turns":3},{"damage":0,"enemies":"Looter","floor":13,"turns":2},{"damage":48,"enemies":"The Guardian","floor":16,"turns":7}],"seed_played":"9029988094110537596","potions_obtained":[{"floor":4,"key":"FocusPotion"},{"floor":5,"key":"FearPotion"},{"floor":13,"key":"Elixir"}],"is_trial":false,"path_per_floor":["M","?","?","M","M","R","E","R","T","R","M","R","M","?","R","B"],"character_chosen":"DEFECT","items_purchased":[],"campfire_rested":0,"item_purchase_floors":[],"current_hp_per_floor":[74,74,67,67,67,67,51,51,51,51,45,45,45,45,45,0,0],"gold":330,"neow_bonus":"ONE_RANDOM_RARE_CARD","is_daily":false,"chose_seed":false,"campfire_upgraded":5,"win_rate":0.0,"timestamp":1612631430,"path_taken":["M","?","?","M","?","R","E","R","T","R","M","R","M","?","R","BOSS"],"items_purchased_type":[],"build_version":"2020-12-22","purchased_purges":0,"victory":false,"max_hp_per_floor":[75,75,75,75,75,75,75,75,75,75,75,75,75,75,75,75,75],"card_choices":[{"not_picked":["Coolheaded","BasicCrystalCard"],"picked":"Tempest","floor":1},{"not_picked":["conspire:SharedLibrary","Cold Snap"],"picked":"Beam Cell","floor":4},{"not_picked":["Cold Snap","Doom and Gloom"],"picked":"Ball Lightning","floor":5},{"not_picked":["Coolheaded","Undo"],"picked":"Hyperbeam","floor":7},{"not_picked":["Chill","Streamline"],"picked":"Rebound","floor":11},{"not_picked":["Steam","ReplayTheSpireMod:Reroute Power"],"picked":"Leap","floor":13}],"player_experience":444022,"relics_obtained":[{"floor":7,"key":"trackpad:Mousetrap"},{"floor":9,"key":"Blue Doll"}],"event_choices":[{"damage_healed":0,"gold_gain":75,"player_choice":"Touch","damage_taken":7,"max_hp_gain":0,"max_hp_loss":0,"event_name":"FaceTrader","floor":3,"gold_loss":0}],"is_beta":false,"boss_relics":[],"items_purged_floors":[],"is_endless":false,"potions_floor_spawned":[4,5,13],"killed_by":"The Guardian","ascension_level":0}}