{"host":"f5gffvlv6a66yqkd","time":1612632045,"event":{"mods":["2.2 Compatiblity","BaseMod","Colored Map","Custom Start","DeckTracker","Keyboard Shortcuts","Minty Spire (QoL Compilation)","Permanent Neow","Quick Restart","Relic Stats","StSLib","SuperFastMode"],"gold_per_floor":[113,131,141,155,80,80,110,124,124,124,134,145,159,170,170,245,245,220,310,321,341,341,341,355,365,392,152,152,152,152],"floor_reached":29,"language":"KOR","playtime":736,"items_purged":["Strike_B"],"score":566,"play_id":"b630efdd-a0d7-4edb-9392-5162374af960","local_time":"20210207022045","is_ascension_mode":true,"campfire_choices":[{"data":"Defragment","floor":6.0,"key":"SMITH"},{"floor":10.0,"key":"REST"},{"data":"Zap","floor":15.0,"key":"SMITH"},{"floor":23.0,"key":"REST"},{"floor":28,"key":"REST"}],"circlet_count":0,"master_deck":["AscendersBane","Strike_B","Defend_B","Defend_B","Defend_B","Zap+1","Dualcast","Defragment+1","Ball Lightning","Leap","Conserve Battery","Self Repair","Cold Snap","Double Energy","Gash","Glacier","Buffer","Compile Driver","White Noise","Ball Lightning+1","Streamline"],"relics":["Cracked Core","Inserter","Bronze Scales","ClockworkSouvenir"],"acts_visited":["Exordium","TheCity"],"potions_floor_usage":[25],"damage_taken":[{"damage":14.0,"enemies":"Jaw Worm","floor":1.0,"turns":4.0},{"damage":5.0,"enemies":"Small Slimes","floor":2.0,"turns":3.0},{"damage":1.0,"enemies":"Cultist","floor":3.0,"turns":3.0},{"damage":3.0,"enemies":"Blue Slaver","floor":4.0,"turns":4.0},{"damage":33.0,"enemies":"3 Sentries","floor":7.0,"turns":6.0},{"damage":7.0,"enemies":"Lots of Slimes","floor":8.0,"turns":6.0},{"damage":2.0,"enemies":"2 Fungi Beasts","floor":11.0,"turns":4.0},{"damage":6.0,"enemies":"Blue Slaver","floor":12.0,"turns":4.0},{"damage":10.0,"enemies":"Large Slime","floor":13.0,"turns":4.0},{"damage":2.0,"enemies":"Looter","floor":14.0,"turns":2.0},{"damage":0.0,"enemies":"The Guardian","floor":16.0,"turns":14.0},{"damage":17.0,"enemies":"2 Thieves","floor":18.0,"turns":5.0},{"damage":34.0,"enemies":"3 Byrds","floor":20.0,"turns":6.0},{"damage":2.0,"enemies":"Cultist and Chosen","floor":21.0,"turns":8.0},{"damage":29.0,"enemies":"Snake Plant","floor":24.0,"turns":4.0},{"damage":6,"enemies":"Chosen and Byrds","floor":25,"turns":8},{"damage":35,"enemies":"Cultist and Chosen","floor":29,"turns":3}],"seed_played":"2947408926797703440","potions_obtained":[{"floor":2.0,"key":"Energy Potion"},{"floor":3.0,"key":"FearPotion"},{"floor":8.0,"key":"EntropicBrew"},{"floor":11.0,"key":"SpeedPotion"},{"floor":12.0,"key":"Dexterity Potion"},{"floor":20.0,"key":"Dexterity Potion"},{"floor":24.0,"key":"LiquidMemories"}],"is_trial":false,"path_per_floor":["M","M","M","M","?","R","E","M","T","R","M","M","M","M","R","B",null,"M","?","M","M","?","R","M","M","T","$","R","M"],"character_chosen":"DEFECT","items_purchased":["ClockworkSouvenir"],"campfire_rested":3,"item_purchase_floors":[27],"current_hp_per_floor":[50,45,44,41,41,41,8,8,8,29,34,35,32,30,30,37,63,53,35,8,13,13,34,12,13,13,13,34,0,0],"gold":152,"neow_bonus":"TRANSFORM_CARD","is_daily":false,"chose_seed":false,"campfire_upgraded":2,"win_rate":0.0,"timestamp":1612632045,"path_taken":["M","M","M","M","?","R","E","M","T","R","M","M","M","M","R","BOSS","M","?","?","M","?","R","M","M","T","$","R","M"],"items_purchased_type":["Relic"],"build_version":"2020-12-22","purchased_purges":1,"victory":false,"max_hp_per_floor":[71,71,71,71,71,71,71,71,71,71,71,71,71,71,71,71,71,71,71,71,71,71,71,71,71,71,71,71,71,71],"relic_stats":{"Inserter":[17],"counters":[17,88],"Bronze Scales":[9],"obtain_stats":[{"Inserter":17,"Bronze Scales":26,"Cracked Core":0,"ClockworkSouvenir":27},{"Inserter":11,"Bronze Scales":16,"Cracked Core":0,"ClockworkSouvenir":16},{"Inserter":54,"Bronze Scales":85,"Cracked Core":0,"ClockworkSouvenir":85}]},"card_choices":[{"not_picked":["Sweeping Beam","Aggregate"],"picked":"Ball Lightning","floor":1.0},{"not_picked":["Sweeping Beam","Melter"],"picked":"Leap","floor":2.0},{"not_picked":["Melter","Stack","Auto Shields"],"picked":"SKIP","floor":3.0},{"not_picked":["Sweeping Beam","Thunder Strike"],"picked":"Conserve Battery","floor":4.0},{"not_picked":["Coolheaded","Gash"],"picked":"Self Repair","floor":7.0},{"not_picked":["Steam","Conserve Battery","Barrage"],"picked":"SKIP","floor":8.0},{"not_picked":["Conserve Battery","Go for the Eyes"],"picked":"Cold Snap","floor":11.0},{"not_picked":["All For One","Hologram"],"picked":"Double Energy","floor":12.0},{"not_picked":["Leap","Recycle"],"picked":"Gash","floor":13.0},{"not_picked":["Leap","Conserve Battery"],"picked":"Glacier","floor":14.0},{"not_picked":["Creative AI","Fission"],"picked":"Buffer","floor":16.0},{"not_picked":["Turbo","Conserve Battery"],"picked":"Compile Driver","floor":18.0},{"not_picked":["Force Field","Skim"],"picked":"White Noise","floor":20.0},{"not_picked":["Coolheaded","Undo+1"],"picked":"Ball Lightning+1","floor":21.0},{"not_picked":["Leap","Chaos","Rip and Tear"],"picked":"SKIP","floor":24.0},{"not_picked":["Cold Snap","Conserve Battery","Reprogram"],"picked":"SKIP","floor":25}],"player_experience":1686219,"relics_obtained":[{"floor":26,"key":"Bronze Scales"}],"event_choices":[{"cards_removed":["Defend_B"],"damage_healed":0.0,"max_hp_gain":0.0,"max_hp_loss":0.0,"gold_gain":0.0,"event_name":"The Cleric","player_choice":"Card Removal","floor":5.0,"gold_loss":75.0,"damage_taken":0.0},{"damage_healed":0.0,"max_hp_gain":0.0,"max_hp_loss":0.0,"gold_gain":90.0,"event_name":"Knowing Skull","player_choice":"GOLD POTION ","floor":19.0,"potions_obtained":["SpeedPotion"],"gold_loss":0.0,"damage_taken":18.0,"cards_obtained":[]},{"damage_healed":0.0,"max_hp_gain":0.0,"max_hp_loss":0.0,"gold_gain":0.0,"cards_transformed":["Strike_B"],"event_name":"Transmorgrifier","player_choice":"Transformed","floor":22.0,"gold_loss":0.0,"damage_taken":0.0,"cards_obtained":["Streamline"]}],"is_beta":false,"boss_relics":[{"not_picked":["Philosopher\u0027s Stone","Fusion Hammer"],"picked":"Inserter"}],"items_purged_floors":[27],"is_endless":false,"potions_floor_spawned":[2,3,8,11,12,20,24],"killed_by":"Cultist and Chosen","ascension_level":20}}