{"host":"19r1ww88x2tc73i0","time":1612646498,"event":{"mods":["BaseMod","BetterRewards","Colored Map","Minty Spire (QoL Compilation)","Relic Stats","StSLib","SuperFastMode","slay the spire mod where everything is the same but ironclad has a cowboy hat"],"gold_per_floor":[115,125,137,137,150,183,195,215,515,515,542,556,586,586,586,660,660,670,199,213,138,154,154,154,154],"floor_reached":24,"language":"ENG","playtime":1122,"items_purged":["Defend_P"],"score":363,"play_id":"f0c506d9-68e6-4080-9b74-18d60ddfd3a8","local_time":"25640207042138","is_ascension_mode":true,"campfire_choices":[{"floor":15.0,"key":"RECALL"},{"floor":23,"key":"REST"}],"circlet_count":0,"master_deck":["AscendersBane","Strike_P","Strike_P","Strike_P","Strike_P","Defend_P","Eruption","Vigilance","CrushJoints+1","ForeignInfluence","Prostrate","Protect","Blasphemy","Wallop","ThirdEye","Pray","FlyingSleeves","Alpha","Worship","Wallop","Prostrate"],"relics":["Fusion Hammer","Toy Ornithopter","Old Coin","Bag of Marbles","StoneCalendar","Strawberry","Runic Dome","Medical Kit","Gremlin Horn"],"acts_visited":["Exordium","TheCity"],"potions_floor_usage":[20,24],"damage_taken":[{"damage":0.0,"enemies":"Cultist","floor":1.0,"turns":2.0},{"damage":0.0,"enemies":"2 Louse","floor":2.0,"turns":3.0},{"damage":0.0,"enemies":"Jaw Worm","floor":3.0,"turns":3.0},{"damage":1.0,"enemies":"Blue Slaver","floor":5.0,"turns":3.0},{"damage":11.0,"enemies":"3 Sentries","floor":6.0,"turns":10.0},{"damage":7.0,"enemies":"Gremlin Gang","floor":7.0,"turns":2.0},{"damage":0.0,"enemies":"Looter","floor":8.0,"turns":2.0},{"damage":5.0,"enemies":"Lagavulin","floor":11.0,"turns":6.0},{"damage":0.0,"enemies":"3 Louse","floor":12.0,"turns":1.0},{"damage":2.0,"enemies":"Gremlin Nob","floor":13.0,"turns":3.0},{"damage":41.0,"enemies":"The Guardian","floor":16.0,"turns":12.0},{"damage":0,"enemies":"Chosen","floor":18,"turns":3},{"damage":12,"enemies":"Shell Parasite","floor":20,"turns":4},{"damage":0,"enemies":"3 Cultists","floor":22,"turns":4},{"damage":100007,"enemies":"Gremlin Leader","floor":24,"turns":3}],"seed_played":"4977005530784132414","potions_obtained":[{"floor":1.0,"key":"Block Potion"},{"floor":3.0,"key":"Strength Potion"},{"floor":6.0,"key":"Regen Potion"},{"floor":16.0,"key":"Block Potion"},{"floor":22,"key":"GamblersBrew"}],"is_trial":false,"path_per_floor":["M","M","M","?","M","E","M","M","T","?","E","M","E","T","R","B",null,"M","$","M","?","M","R","E"],"character_chosen":"WATCHER","items_purchased":["Medical Kit","Gremlin Horn"],"campfire_rested":1,"item_purchase_floors":[19,19],"current_hp_per_floor":[65,65,65,65,64,53,46,46,46,39,59,59,57,64,64,23,65,65,65,58,58,58,79,0,0],"gold":154,"neow_bonus":"BOSS_RELIC","is_daily":false,"chose_seed":false,"campfire_upgraded":0,"win_rate":0.0,"timestamp":1612646498,"path_taken":["M","?","M","?","M","E","M","M","T","?","E","M","E","?","R","BOSS","M","$","?","?","M","R","E"],"items_purchased_type":["Relic","Relic"],"build_version":"2020-12-22","purchased_purges":1,"victory":false,"max_hp_per_floor":[72,72,72,72,72,72,72,72,72,72,72,72,72,79,79,79,79,79,79,79,79,79,79,79,79],"relic_stats":{"Gremlin Horn":[4,4],"counters":[15,60],"StoneCalendar":[52],"Medical Kit":[0],"obtain_stats":[{"Runic Dome":17,"Gremlin Horn":19,"Strawberry":14,"StoneCalendar":13,"Fusion Hammer":0,"Bag of Marbles":11,"PureWater":0,"Medical Kit":19,"Toy Ornithopter":6,"Old Coin":9},{"Runic Dome":11,"Gremlin Horn":12,"Strawberry":10,"StoneCalendar":10,"Fusion Hammer":0,"Bag of Marbles":8,"PureWater":0,"Medical Kit":12,"Toy Ornithopter":5,"Old Coin":7},{"Runic Dome":47,"Gremlin Horn":50,"Strawberry":35,"StoneCalendar":35,"Fusion Hammer":0,"Bag of Marbles":31,"PureWater":0,"Medical Kit":50,"Toy Ornithopter":21,"Old Coin":25}],"Toy Ornithopter":20},"card_choices":[{"not_picked":["DeceiveReality","Conclude"],"picked":"CrushJoints","floor":1.0},{"not_picked":["Crescendo","FlurryOfBlows"],"picked":"ForeignInfluence","floor":2.0},{"not_picked":["Consecrate","EmptyBody"],"picked":"Prostrate","floor":3.0},{"not_picked":["WindmillStrike","EmptyBody"],"picked":"Protect","floor":5.0},{"not_picked":["BowlingBash","EmptyBody"],"picked":"Blasphemy","floor":6.0},{"not_picked":["FlurryOfBlows","Wireheading"],"picked":"Wallop","floor":7.0},{"not_picked":["BowlingBash","Protect","PathToVictory"],"picked":"SKIP","floor":8.0},{"not_picked":["PathToVictory","EmptyFist"],"picked":"ThirdEye","floor":11.0},{"not_picked":["BattleHymn","Protect"],"picked":"Pray","floor":12.0},{"not_picked":["MasterReality","Sanctity"],"picked":"FlyingSleeves","floor":13.0},{"not_picked":["Judgement","DevaForm"],"picked":"Alpha","floor":16.0},{"not_picked":["ThirdEye","Evaluate"],"picked":"Worship","floor":18},{"not_picked":["Tantrum","JustLucky"],"picked":"Wallop","floor":20},{"not_picked":["FollowUp","Conclude"],"picked":"Prostrate","floor":22}],"player_experience":1019002,"relics_obtained":[{"floor":6.0,"key":"Toy Ornithopter"},{"floor":9.0,"key":"Old Coin"},{"floor":11.0,"key":"Bag of Marbles"},{"floor":13.0,"key":"StoneCalendar"},{"floor":14.0,"key":"Strawberry"}],"event_choices":[{"damage_healed":0.0,"max_hp_gain":0.0,"max_hp_loss":0.0,"gold_gain":0.0,"event_name":"Living Wall","player_choice":"Grow","floor":4.0,"gold_loss":0.0,"damage_taken":0.0,"cards_upgraded":["CrushJoints"]},{"cards_removed":["Defend_P"],"damage_healed":0.0,"max_hp_gain":0.0,"max_hp_loss":0.0,"gold_gain":0.0,"event_name":"Golden Wing","player_choice":"Card Removal","floor":10.0,"gold_loss":0.0,"damage_taken":7.0},{"cards_removed":["Defend_P"],"damage_healed":0,"gold_gain":0,"player_choice":"Gave Gold","damage_taken":0,"max_hp_gain":0,"max_hp_loss":0,"event_name":"Beggar","floor":21,"gold_loss":75}],"is_beta":false,"boss_relics":[{"not_picked":["Pandora\u0027s Box","Cursed Key"],"picked":"Runic Dome"}],"items_purged_floors":[19],"is_endless":false,"potions_floor_spawned":[1,3,6,16,22],"killed_by":"Gremlin Leader","ascension_level":13}}