{"host":"6p0attdrtjqaih7v","time":1612646134,"event":{"mods":["2.2 Compatiblity","AchievementEnabler","Bard","BaseMod","Better Skull","Better Third Choice","Colored Powertips","Hermit","Highlight Path","Key Reminder","Minty Spire (QoL Compilation)","Permanent Neow","Quick Restart","Random Character Button","Relic Stats","Reliquary","Replay The Spire","Robot Space Explorer","StSLib","The Hayseed","The Witch"],"gold_per_floor":[111,111,111,111,126,152,168,195,195,78,92,107,121,121,121,219,219,230,230,305,66,85,85,111,111,180,209,55,55,75,403,403,501,501,511,530,549,563,57,84,95,95,95,109,109,0,0,16,16,16],"floor_reached":51,"language":"ENG","playtime":2794,"items_purged":["Strike_Witch","Strike_Witch","Demonfyre","Defend_Witch"],"score":1403,"play_id":"897175ba-1766-46db-aae0-8374625da11d","local_time":"20210206161534","is_ascension_mode":true,"campfire_choices":[{"data":"GrimVengeance","floor":15,"key":"SMITH"},{"data":"MortusClaw","floor":23,"key":"SMITH"},{"data":"BloodSabbath","floor":25,"key":"SMITH"},{"data":"Intelligence","floor":29,"key":"SMITH"},{"data":"GrimVengeance","floor":32,"key":"SMITH"},{"data":"RoilingBarrier","floor":42,"key":"SMITH"},{"data":"RoilingBarrier","floor":45,"key":"SMITH"},{"data":"MagicFang","floor":49,"key":"SMITH"}],"circlet_count":0,"master_deck":["Strike_Witch","Strike_Witch","Defend_Witch","Defend_Witch","Hexguard","ZombieSpit","Bewitch+1","BloodSabbath+1","RoilingBarrier+1","SummonRatFamiliar+1","Puncture","GrimVengeance+1","GrimVengeance+1","Bewitch+1","Intelligence+1","CurseOfTheBell","Ghostly","Ghostly","Ghostly","Ghostly","Ghostly","MagicFang+1","MortusClaw+1","SkullFlask+1","Mayhem+1","VileEgg","NighInvulnerability","Athame","SoulBarrier+1","UnnaturalEnergy","RoilingBarrier+1","UnnaturalEnergy","Harmlessness","GhoulTouch"],"relics":["BlackCat","The Courier","reliquary:TatteredRug","Akabeko","Gambling Chip","Meat on the Bone","Calling Bell","Tiny Chest","Onion Ring","Dead Branch","StrikeDummy","reliquary:Buckler","Frozen Egg 2","Replay:Ringing Soul","Anchor","Frozen Eye","HornCleat","Pocketwatch","Divine Protection","Old Coin","ChewingGum","Happy Flower","Turnip","Singing Bowl","Bottled Tornado","Red Mask","reliquary:PrincelyHelmet"],"acts_visited":["Exordium","TheCity","TheBeyond"],"potions_floor_usage":[6,6,6,11,24,28,50,50],"damage_taken":[{"damage":0,"enemies":"Small Slimes","floor":1,"turns":5},{"damage":2,"enemies":"Jaw Worm","floor":5,"turns":4},{"damage":18,"enemies":"Lagavulin","floor":6,"turns":7},{"damage":0,"enemies":"2 Louse","floor":7,"turns":2},{"damage":29,"enemies":"Gremlin Nob","floor":8,"turns":5},{"damage":0,"enemies":"Red Slaver","floor":11,"turns":3},{"damage":0,"enemies":"Exordium Wildlife","floor":12,"turns":1},{"damage":2,"enemies":"Exordium Thugs","floor":13,"turns":5},{"damage":17,"enemies":"Hexaghost","floor":16,"turns":6},{"damage":16,"enemies":"2 Thieves","floor":18,"turns":2},{"damage":1,"enemies":"3 Byrds","floor":22,"turns":5},{"damage":4,"enemies":"Gremlin Leader","floor":24,"turns":6},{"damage":5,"enemies":"Book of Stabbing","floor":27,"turns":5},{"damage":0,"enemies":"Cultist and Chosen","floor":30,"turns":5},{"damage":0,"enemies":"Gremlin Leader","floor":31,"turns":6},{"damage":0,"enemies":"Automaton","floor":33,"turns":7},{"damage":0,"enemies":"3 Darklings","floor":35,"turns":3},{"damage":0,"enemies":"3 Shapes","floor":36,"turns":5},{"damage":0,"enemies":"Transient","floor":37,"turns":5},{"damage":0,"enemies":"Sphere and 2 Shapes","floor":38,"turns":5},{"damage":0,"enemies":"R_Hoarder","floor":40,"turns":7},{"damage":0,"enemies":"Spire Growth","floor":41,"turns":4},{"damage":0,"enemies":"Writhing Mass","floor":44,"turns":5},{"damage":0,"enemies":"Maw","floor":48,"turns":5},{"damage":0,"enemies":"Time Eater","floor":50,"turns":6}],"seed_played":"4329203169269650537","potions_obtained":[{"floor":0,"key":"EntropicBrew"},{"floor":0,"key":"CultistPotion"},{"floor":0,"key":"Languid Potion"},{"floor":7,"key":"SpeedPotion"},{"floor":13,"key":"Death Potion"},{"floor":27,"key":"Adrenaline Potion"},{"floor":48,"key":"DuplicationPotion"}],"is_trial":false,"path_per_floor":["M","?","T","?","M","E","M","E","T","$","M","M","M","?","R","B",null,"M","?","T","$","M","R","E","R","T","E","$","R","M","E","R","B",null,"M","M","M","M","$","E","M","R","T","M","R","?","T","M","R","B",null],"character_chosen":"WITCH","items_purchased":["Puncture","reliquary:Buckler","MagicFang","Mayhem+1","Frozen Eye","SteroidPotion","SteroidPotion","Reflective Coating","Death Potion","Languid Potion","FearPotion","Fire Potion","Fire Potion","LiquidBronze","Venom Potion","BlessingOfTheForge","Venom Potion","Ancient Potion","SpeedPotion","Venom Potion","Elixir","PowerPotion","Adrenaline Potion","Swift Potion","FearPotion","Reflective Coating","Regen Potion","SmokeBomb","PowerPotion","LiquidBronze","HornCleat","LifebloodPotion","Elixir","Swift Potion","Energy Potion","PowerPotion","Fire Potion","SneckoOil","Flashbang","SteroidPotion","Block Potion","Dexterity Potion","DistilledChaos","CultistPotion","SpeedPotion","SteroidPotion","EntropicBrew","Swift Potion","PowerPotion","GamblersBrew","Pocketwatch","Weak Potion","Regen Potion","Flashbang","Explosive Potion","DistilledChaos","LiquidMemories","SmokeBomb","Ancient Potion","Reflective Coating","DuplicationPotion","SpeedPotion","Adrenaline Potion","SmokeBomb","FearPotion","Languid Potion","PowerPotion","Elixir","Energy Potion","Venom Potion","SkillPotion","GamblersBrew","Weak Potion","Block Potion","Divine Protection","Block Potion","Block Potion","ColorlessPotion","Weak Potion","Toxic Potion","Languid Potion","Block Potion","Elixir","Swift Potion","Ancient Potion","Block Potion","Death Potion","Strength Potion","SneckoOil","Reflective Coating","Weak Potion","Dexterity Potion","SteroidPotion","LifebloodPotion","PowerPotion","LiquidBronze","LiquidBronze","Doom Potion","FearPotion","Weak Potion","SpeedPotion","Happy Flower","Turnip","RoilingBarrier"],"campfire_rested":0,"item_purchase_floors":[10,21,21,28,28,28,28,28,28,28,28,28,28,28,28,28,28,28,28,28,28,28,28,28,28,28,28,28,28,28,28,28,28,28,28,28,28,28,28,28,28,28,28,28,28,28,28,28,28,28,28,28,28,28,28,28,28,28,28,28,28,28,28,28,28,28,28,28,28,28,28,28,28,28,28,28,28,28,28,28,28,28,28,28,28,28,28,28,28,28,28,28,28,28,28,28,28,28,28,28,28,39,39,39],"current_hp_per_floor":[60,52,52,52,50,32,32,3,3,3,15,27,37,47,47,42,61,45,33,33,33,32,32,28,28,28,26,29,29,32,38,38,44,45,48,48,51,54,57,60,63,63,63,65,65,65,65,68,68,68],"gold":16,"neow_bonus":"THREE_SMALL_POTIONS","is_daily":false,"chose_seed":false,"campfire_upgraded":8,"win_rate":0.0,"timestamp":1612646134,"path_taken":["M","?","?","?","M","E","M","E","T","$","?","M","M","?","R","BOSS","M","?","?","$","M","R","E","R","T","E","$","R","M","E","R","BOSS","M","M","M","M","$","E","M","R","T","M","R","?","?","M","R","BOSS"],"items_purchased_type":["Card","Relic","Card","Card","Relic","Potion","Potion","Potion","Potion","Potion","Potion","Potion","Potion","Potion","Potion","Potion","Potion","Potion","Potion","Potion","Potion","Potion","Potion","Potion","Potion","Potion","Potion","Potion","Potion","Potion","Relic","Potion","Potion","Potion","Potion","Potion","Potion","Potion","Potion","Potion","Potion","Potion","Potion","Potion","Potion","Potion","Potion","Potion","Potion","Potion","Relic","Potion","Potion","Potion","Potion","Potion","Potion","Potion","Potion","Potion","Potion","Potion","Potion","Potion","Potion","Potion","Potion","Potion","Potion","Potion","Potion","Potion","Potion","Potion","Relic","Potion","Potion","Potion","Potion","Potion","Potion","Potion","Potion","Potion","Potion","Potion","Potion","Potion","Potion","Potion","Potion","Potion","Potion","Potion","Potion","Potion","Potion","Potion","Potion","Potion","Potion","Relic","Relic","Card"],"build_version":"2020-12-22","purchased_purges":4,"victory":true,"max_hp_per_floor":[67,67,67,67,67,67,67,67,67,67,67,67,67,67,67,67,67,67,33,33,33,33,33,33,33,33,36,39,39,42,45,45,45,45,48,48,51,54,57,60,63,63,63,65,65,65,65,68,68,68],"relic_stats":{"Happy Flower":[9],"Singing Bowl":2,"counters":[25,119],"Gambling Chip":[61],"Dead Branch":[143],"Tiny Chest":1,"Turnip":[3],"obtain_stats":[{"Divine Protection":28,"Singing Bowl":40,"reliquary:PrincelyHelmet":47,"Bottled Tornado":43,"Old Coin":31,"Replay:Ringing Soul":26,"Frozen Eye":28,"HornCleat":28,"Gambling Chip":8,"Tiny Chest":17,"reliquary:Buckler":21,"Red Mask":46,"Happy Flower":39,"Dead Branch":17,"The Courier":3,"reliquary:TatteredRug":4,"Frozen Egg 2":24,"BlackCat":0,"Akabeko":6,"Calling Bell":17,"Anchor":27,"Onion Ring":17,"ChewingGum":34,"Turnip":39,"StrikeDummy":20,"Meat on the Bone":9,"Pocketwatch":28},{"Divine Protection":13,"Singing Bowl":21,"reliquary:PrincelyHelmet":23,"Bottled Tornado":22,"Old Coin":15,"Replay:Ringing Soul":12,"Frozen Eye":13,"HornCleat":13,"Gambling Chip":5,"Tiny Chest":9,"reliquary:Buckler":10,"Red Mask":23,"Happy Flower":20,"Dead Branch":9,"The Courier":1,"reliquary:TatteredRug":1,"Frozen Egg 2":12,"BlackCat":0,"Akabeko":3,"Calling Bell":9,"Anchor":13,"Onion Ring":9,"ChewingGum":16,"Turnip":20,"StrikeDummy":10,"Meat on the Bone":5,"Pocketwatch":13},{"Divine Protection":56,"Singing Bowl":99,"reliquary:PrincelyHelmet":108,"Bottled Tornado":103,"Old Coin":67,"Replay:Ringing Soul":51,"Frozen Eye":56,"HornCleat":56,"Gambling Chip":23,"Tiny Chest":38,"reliquary:Buckler":40,"Red Mask":108,"Happy Flower":92,"Dead Branch":38,"The Courier":5,"reliquary:TatteredRug":5,"Frozen Egg 2":51,"BlackCat":0,"Akabeko":16,"Calling Bell":38,"Anchor":56,"Onion Ring":38,"ChewingGum":74,"Turnip":92,"StrikeDummy":40,"Meat on the Bone":23,"Pocketwatch":56}],"Meat on the Bone":48,"Pocketwatch":[15]},"card_choices":[{"not_picked":["BlackBolt","MercuryWand"],"picked":"Bewitch","floor":1},{"not_picked":["LivingBomb","WretchedNails","BleedOut"],"picked":"SKIP","floor":5},{"not_picked":["DeliriumForm","BlackBolt"],"picked":"RoilingBarrier","floor":6},{"not_picked":["GnarledBody","SoulBarrier"],"picked":"Demonfyre","floor":7},{"not_picked":["SummonBatFamiliar","SkullFlask"],"picked":"SummonRatFamiliar","floor":8},{"not_picked":["PainBolt","WickedThoughts"],"picked":"GrimVengeance","floor":11},{"not_picked":["MercuryWand","WickedThoughts"],"picked":"GrimVengeance","floor":12},{"not_picked":["TwistedMind","NighInvulnerability"],"picked":"Bewitch","floor":13},{"not_picked":["DeliriumForm","SummonRavenFamiliar"],"picked":"Intelligence","floor":16},{"not_picked":["Bewitch+1","Thundercloud+1","Broomstick"],"picked":"SKIP","floor":18},{"not_picked":["SkullFlask+1","VileEgg"],"picked":"MortusClaw","floor":22},{"not_picked":["CursedBlade","CrystalResonance","BlackShield"],"picked":"SKIP","floor":24},{"not_picked":["SummonCatFamiliar+1","BoneCarving"],"picked":"SkullFlask+1","floor":27},{"not_picked":["PlagueSpreader+1","BoneCarving+1"],"picked":"VileEgg","floor":30},{"not_picked":["BlackBolt","BoneCarving"],"picked":"NighInvulnerability","floor":31},{"not_picked":["KarmaDrain+1","RiteOfWinter+1"],"picked":"Athame","floor":35},{"not_picked":["MementoMori","Broomstick","BlackBolt"],"picked":"SKIP","floor":36},{"not_picked":["Demonfyre","SkullFlask"],"picked":"SoulBarrier+1","floor":37},{"not_picked":["TwistedMind+1","BlackShield"],"picked":"UnnaturalEnergy","floor":38},{"not_picked":["Bewitch+1","RiteOfWinter+1"],"picked":"UnnaturalEnergy","floor":40},{"not_picked":["MercuryWand","BleedOut+1"],"picked":"Harmlessness","floor":41},{"not_picked":["Decrepify+1","BoneCarving","CursedBlade"],"picked":"Singing Bowl","floor":44},{"not_picked":["SummonCatFamiliar+1","SummonOwlFamiliar+1"],"picked":"GhoulTouch","floor":48}],"player_experience":1052328,"relics_obtained":[{"floor":3,"key":"The Courier"},{"floor":6,"key":"Akabeko"},{"floor":8,"key":"Gambling Chip"},{"floor":9,"key":"Meat on the Bone"},{"floor":17,"key":"Tiny Chest"},{"floor":17,"key":"Onion Ring"},{"floor":17,"key":"Dead Branch"},{"floor":20,"key":"StrikeDummy"},{"floor":24,"key":"Frozen Egg 2"},{"floor":26,"key":"Replay:Ringing Soul"},{"floor":27,"key":"Anchor"},{"floor":31,"key":"Old Coin"},{"floor":40,"key":"Singing Bowl"},{"floor":43,"key":"Bottled Tornado"},{"floor":47,"key":"reliquary:PrincelyHelmet"}],"event_choices":[{"damage_healed":0,"gold_gain":0,"player_choice":"Gave Potion","damage_taken":0,"relics_obtained":["reliquary:TatteredRug"],"max_hp_gain":0,"max_hp_loss":0,"event_name":"WeMeetAgain","floor":4,"gold_loss":0},{"damage_healed":0,"gold_gain":0,"player_choice":"Became a Ghost","damage_taken":0,"max_hp_gain":0,"max_hp_loss":34,"event_name":"Ghosts","floor":19,"gold_loss":0,"cards_obtained":["Ghostly","Ghostly","Ghostly","Ghostly","Ghostly"]},{"damage_healed":0,"gold_gain":0,"player_choice":"Paid","damage_taken":0,"relics_obtained":["Red Mask"],"max_hp_gain":0,"max_hp_loss":0,"event_name":"Tomb of Lord Red Mask","floor":46,"gold_loss":109}],"is_beta":false,"boss_relics":[{"not_picked":["Sozu","reliquary:Craggleroot"],"picked":"Calling Bell"},{"not_picked":["Painkiller Herb","reliquary:RedPaperclip"],"picked":"ChewingGum"}],"items_purged_floors":[10,21,28,39],"is_endless":false,"potions_floor_spawned":[1,7,13,22,27,31,33,36,37,38,48],"ascension_level":9}}