{"host":"8g198xe1n7br41jb","time":1612624136,"event":{"mods":["BaseMod","Downfall","Minty Spire (QoL Compilation)","StSLib","SuperFastMode"],"gold_per_floor":[99,113,127,127,127,302,327,344,59,88,88,121,136,69,85,85,85,85],"floor_reached":16,"language":"ENG","playtime":979,"items_purged":["Doubt"],"score":121,"play_id":"bea30a1d-741c-4df0-9581-61b89d1bd02a","local_time":"20210206160856","is_ascension_mode":true,"campfire_choices":[{"floor":1.0,"key":"RECALL"},{"data":"hexamod:GhostOfSpireFuture","floor":11,"key":"SMITH"}],"circlet_count":0,"master_deck":["hexamod:Strike","hexamod:Strike","hexamod:Strike","hexamod:Strike","hexamod:Defend","hexamod:Defend","hexamod:Defend","hexamod:Sear","hexamod:Float","hexamod:GhostOfSpireFuture","hexamod:AdvancingGuard","Panache","hexamod:GhostOfSpireFuture+1","hexamod:FlamesFromBeyond","hexamod:HeatMetal","hexamod:WildfireWeapon","hexamod:FastForward"],"relics":["hexamod:SpiritBrand","Shuriken","Gremlin Horn","Bag of Preparation"],"acts_visited":["Exordium"],"potions_floor_usage":[10,10,16],"damage_taken":[{"damage":0.0,"enemies":"2 Louse","floor":2.0,"turns":4.0},{"damage":3.0,"enemies":"Small Slimes","floor":3.0,"turns":2.0},{"damage":2.0,"enemies":"Jaw Worm","floor":8.0,"turns":3.0},{"damage":0.0,"enemies":"downfall:FleeingMerchant","floor":9.0,"turns":4.0},{"damage":7,"enemies":"Gremlin Nob","floor":10,"turns":4},{"damage":8,"enemies":"Lagavulin","floor":12,"turns":9},{"damage":14,"enemies":"3 Louse","floor":13,"turns":3},{"damage":0,"enemies":"downfall:FleeingMerchant","floor":14,"turns":4},{"damage":0,"enemies":"Exordium Wildlife","floor":15,"turns":3},{"damage":27,"enemies":"WA_ARCHETYPE_RETAIN","floor":16,"turns":6}],"seed_played":"-5262905784991148764","potions_obtained":[{"floor":2.0,"key":"Explosive Potion"},{"floor":3.0,"key":"Strength Potion"},{"floor":8.0,"key":"FearPotion"},{"floor":12,"key":"hexamod:DoubleChargePotion"}],"is_trial":false,"path_per_floor":["R","M","M","?","?","?","T","M","$","E","R","E","M","$","M","B"],"character_chosen":"THE_SPIRIT","items_purchased":["Panache","hexamod:FastForward"],"campfire_rested":0,"item_purchase_floors":[9,14],"current_hp_per_floor":[63,63,60,53,53,53,53,51,51,44,44,36,22,22,22,0,0,0],"gold":85,"neow_bonus":"TWENTY_PERCENT_HP_BONUS","is_daily":false,"chose_seed":false,"campfire_upgraded":1,"win_rate":0.0,"timestamp":1612624136,"path_taken":["R","M","M","?","?","?","T","M","$","E","R","E","M","?","M","BOSS"],"items_purchased_type":["Card","Card"],"build_version":"2020-12-22","purchased_purges":1,"victory":false,"max_hp_per_floor":[84,84,84,84,84,84,84,84,84,84,84,84,84,84,84,84,84,84],"card_choices":[{"not_picked":["hexamod:DynamicBlow","hexamod:HauntingEcho"],"picked":"hexamod:GhostOfSpireFuture","floor":2.0},{"not_picked":["hexamod:HeatCrush","hexamod:ExtraCrispy","hexamod:Firestarter"],"picked":"SKIP","floor":3.0},{"not_picked":["hexamod:EtherealExpedition","hexamod:ExtraCrispy"],"picked":"hexamod:AdvancingGuard","floor":8.0},{"not_picked":["hexamod:ShieldOfDarkness","hexamod:NightmareStrike","hexamod:BacktrackSmack"],"picked":"SKIP","floor":9.0},{"not_picked":["hexamod:Rewind","hexamod:Haunt"],"picked":"hexamod:GhostOfSpireFuture","floor":10},{"not_picked":["hexamod:ThermalTransfer","hexamod:BurningTouch"],"picked":"hexamod:FlamesFromBeyond","floor":12},{"not_picked":["hexamod:GhostOfSpirePast","hexamod:SpectralSpark"],"picked":"hexamod:HeatMetal","floor":13},{"not_picked":["hexamod:Haunt","hexamod:Hexaguard"],"picked":"hexamod:WildfireWeapon","floor":14},{"not_picked":["hexamod:SwordOfDarkness","hexamod:GhostShield","hexamod:SuperheatedStrike"],"picked":"SKIP","floor":15}],"player_experience":1251300,"relics_obtained":[{"floor":10,"key":"Gremlin Horn"},{"floor":12,"key":"Bag of Preparation"}],"event_choices":[{"damage_healed":0.0,"max_hp_gain":0.0,"max_hp_loss":0.0,"gold_gain":0.0,"event_name":"Scrap Ooze","player_choice":"Success","floor":4.0,"gold_loss":0.0,"damage_taken":7.0,"relics_obtained":["Shuriken"]},{"cards_removed":["hexamod:Defend"],"damage_healed":0.0,"max_hp_gain":0.0,"max_hp_loss":0.0,"gold_gain":0.0,"event_name":"The Cleric","player_choice":"Card Removal","floor":5.0,"gold_loss":0.0,"damage_taken":0.0}],"is_beta":false,"boss_relics":[],"items_purged_floors":[9],"is_endless":false,"potions_floor_spawned":[2,3,8,12],"killed_by":"WA_ARCHETYPE_RETAIN","ascension_level":2}}