{"host":"ig3ferjl2vi2q99g","time":1612632169,"event":{"mods":["AchievementEnabler","BaseMod","Colored Map","Colored Powertips","Hermit","Minty Spire (QoL Compilation)","Permanent Neow","Quick Restart","SacredBarkPlus","StSLib"],"gold_per_floor":[12,12,23,38,1,1,336,361,361,377,377,377,377,408,408,508,508,518,518,538,553,565,565,565],"floor_reached":23,"language":"ENG","playtime":2423,"items_purged":[],"score":211,"play_id":"a061f2de-1891-43d0-a532-2a6778d38f8b","local_time":"20210206182249","is_ascension_mode":true,"campfire_choices":[{"data":"True Grit","floor":6.0,"key":"SMITH"},{"data":"Shockwave","floor":11.0,"key":"SMITH"},{"floor":13.0,"key":"REST"},{"data":"Twin Strike","floor":15.0,"key":"SMITH"}],"circlet_count":0,"master_deck":["Strike_R","Strike_R","Strike_R","Strike_R","Defend_R","Defend_R","Defend_R","Defend_R","Bash","Barricade+1","True Grit+1","Twin Strike+1","Shrug It Off","Hemokinesis","Carnage","Shockwave+1","Evolve","Impervious","Searing Blow+1","Shrug It Off","Feel No Pain+1","Armaments"],"relics":["Burning Blood","Old Coin","Odd Mushroom","Turnip","Regal Pillow","Ancient Tea Set","Runic Pyramid"],"acts_visited":["Exordium","TheCity"],"potions_floor_usage":[23,23],"damage_taken":[{"damage":5.0,"enemies":"2 Louse","floor":1.0,"turns":3.0},{"damage":6.0,"enemies":"Jaw Worm","floor":3.0,"turns":7.0},{"damage":0.0,"enemies":"Cultist","floor":4.0,"turns":4.0},{"damage":29.0,"enemies":"3 Sentries","floor":7.0,"turns":88.0},{"damage":25.0,"enemies":"The Mushroom Lair","floor":8.0,"turns":5.0},{"damage":1.0,"enemies":"Exordium Wildlife","floor":10.0,"turns":3.0},{"damage":21.0,"enemies":"Gremlin Nob","floor":14.0,"turns":4.0},{"damage":41.0,"enemies":"Hexaghost","floor":16.0,"turns":10.0},{"damage":2.0,"enemies":"Chosen","floor":18.0,"turns":8.0},{"damage":7.0,"enemies":"Shell Parasite","floor":20.0,"turns":6.0},{"damage":9.0,"enemies":"Centurion and Healer","floor":21.0,"turns":10.0},{"damage":35.0,"enemies":"3 Cultists","floor":22.0,"turns":8.0},{"damage":29,"enemies":"Book of Stabbing","floor":23,"turns":11}],"seed_played":"7161417396120702002","potions_obtained":[{"floor":3.0,"key":"SkillPotion"},{"floor":4.0,"key":"BloodPotion"},{"floor":14.0,"key":"BloodPotion"},{"floor":21.0,"key":"Weak Potion"},{"floor":22.0,"key":"FearPotion"}],"is_trial":false,"path_per_floor":["M","?","M","M","$","R","E","?","T","M","R","?","R","E","R","B",null,"M","?","M","M","M","E"],"character_chosen":"IRONCLAD","items_purchased":["Hemokinesis"],"campfire_rested":1,"item_purchase_floors":[5],"current_hp_per_floor":[80,80,80,80,80,80,57,38,38,43,43,40,79,64,64,29,80,80,80,79,80,67,38,38],"gold":565,"neow_bonus":"THREE_RARE_CARDS","is_daily":false,"chose_seed":false,"campfire_upgraded":3,"win_rate":0.0,"timestamp":1612632169,"path_taken":["M","?","M","M","$","R","E","?","T","M","R","?","R","E","R","BOSS","M","?","?","M","M","E"],"items_purchased_type":["Card"],"build_version":"2020-12-22","purchased_purges":0,"victory":false,"max_hp_per_floor":[80,80,80,80,80,80,80,80,80,80,80,80,80,80,80,80,80,80,80,80,80,80,80,80],"card_choices":[{"not_picked":["Double Tap","Corruption"],"picked":"Barricade","floor":0.0},{"not_picked":["Heavy Blade","Havoc"],"picked":"True Grit","floor":1.0},{"not_picked":["Hemokinesis","Perfected Strike"],"picked":"Twin Strike","floor":3.0},{"not_picked":["Headbutt","Rage"],"picked":"Shrug It Off","floor":4.0},{"not_picked":["Combust","Pommel Strike"],"picked":"Carnage","floor":7.0},{"not_picked":["Clothesline","Headbutt"],"picked":"Shockwave","floor":10.0},{"not_picked":["Body Slam","Warcry"],"picked":"Evolve","floor":14.0},{"not_picked":["Offering","Berserk"],"picked":"Impervious","floor":16.0},{"not_picked":["Iron Wave+1","Combust"],"picked":"Searing Blow+1","floor":18.0},{"not_picked":["Carnage","Thunderclap+1"],"picked":"Shrug It Off","floor":20.0},{"not_picked":["Warcry","Thunderclap"],"picked":"Feel No Pain+1","floor":21.0},{"not_picked":["Burning Pact","Body Slam"],"picked":"Armaments","floor":22.0}],"player_experience":321487,"relics_obtained":[{"floor":7.0,"key":"Old Coin"},{"floor":8.0,"key":"Odd Mushroom"},{"floor":9.0,"key":"Turnip"},{"floor":14.0,"key":"Ancient Tea Set"}],"event_choices":[{"damage_healed":0.0,"max_hp_gain":0.0,"max_hp_loss":0.0,"gold_gain":0.0,"event_name":"Living Wall","player_choice":"Grow","floor":2.0,"gold_loss":0.0,"damage_taken":0.0,"cards_upgraded":["Barricade"]},{"damage_healed":0.0,"max_hp_gain":0.0,"max_hp_loss":0.0,"gold_gain":0.0,"event_name":"Mushrooms","player_choice":"Fought Mushrooms","floor":8.0,"gold_loss":0.0,"damage_taken":0.0},{"damage_healed":0.0,"max_hp_gain":0.0,"max_hp_loss":0.0,"gold_gain":0.0,"event_name":"Scrap Ooze","player_choice":"Success","floor":12.0,"gold_loss":0.0,"damage_taken":3.0,"relics_obtained":["Regal Pillow"]},{"cards_removed":["Strike_R"],"damage_healed":0.0,"max_hp_gain":0.0,"max_hp_loss":0.0,"gold_gain":0.0,"event_name":"Bonfire Elementals","player_choice":"Offered Basic","floor":19.0,"gold_loss":0.0,"damage_taken":0.0}],"is_beta":false,"boss_relics":[{"not_picked":["Philosopher\u0027s Stone","Astrolabe"],"picked":"Runic Pyramid"}],"items_purged_floors":[],"is_endless":false,"potions_floor_spawned":[3,4,14,16,18,21,22],"killed_by":"Book of Stabbing","ascension_level":1}}