{"host":"1c17lcvl7acx821p","time":1612609449,"event":{"mods":["AchievementEnabler","BaseMod","Bestiary","Colored Map","Minty Spire (QoL Compilation)","Quick Restart","Relic Sorter","StSLib","ojb\u0027s Better Paths Mod","ojb\u0027s Info Mod"],"gold_per_floor":[109,126,138,149,167,178,178,209,209,241,206,236,47,47,47,121,121,136,149,99,99,99,131,141,141,141,154,180,206,220,254,254,327,327,339,352,352,369,369,404,404,432,432,432,38,69,69,89,89,89,89,89,89,8,33,33],"floor_reached":57,"language":"ENG","playtime":3767,"items_purged":["Strike_B"],"score":3090,"play_id":"0d08d6b9-38ff-4049-a991-16bb116d4e75","local_time":"20210206130409","is_ascension_mode":true,"campfire_choices":[{"floor":7.0,"key":"REST"},{"data":"Consume","floor":15.0,"key":"SMITH"},{"data":"Hologram","floor":25.0,"key":"SMITH"},{"data":"Meteor Strike","floor":32.0,"key":"SMITH"},{"data":"Sunder","floor":41.0,"key":"SMITH"},{"data":"Hologram","floor":47.0,"key":"SMITH"},{"floor":49.0,"key":"RECALL"},{"data":"Skim","floor":53.0,"key":"SMITH"}],"circlet_count":0,"master_deck":["AscendersBane","Strike_B+1","Strike_B+1","Strike_B+1","Defend_B+1","Defend_B+1","Defend_B+1","Defend_B+1","Zap","Dualcast","Consume+1","Compile Driver+1","Glacier","Hologram+1","Conserve Battery","Cold Snap","Seek","Hologram+1","Skim+1","Sunder+1","Self Repair","Meteor Strike+1","Sweeping Beam+1","Glacier+1","Reinforced Body+1","Core Surge+1","Echo Form","Recycle+1","Machine Learning","Seek","Defragment","Skim+1"],"relics":["Snecko Eye","Bronze Scales","Matryoshka","Blood Vial","Juzu Bracelet","Coffee Dripper","Question Card","Toy Ornithopter","Cables","InkBottle","Red Mask","Blue Candle","SlaversCollar","Dream Catcher","Whetstone","White Beast Statue","Medical Kit","Bag of Preparation","Gremlin Horn"],"acts_visited":["Exordium","TheCity","TheBeyond","TheEnding"],"potions_floor_usage":[56,56],"damage_taken":[{"damage":12.0,"enemies":"Cultist","floor":1.0,"turns":5.0},{"damage":16.0,"enemies":"Jaw Worm","floor":2.0,"turns":7.0},{"damage":0.0,"enemies":"Small Slimes","floor":3.0,"turns":2.0},{"damage":7.0,"enemies":"Exordium Wildlife","floor":4.0,"turns":3.0},{"damage":4.0,"enemies":"Exordium Thugs","floor":5.0,"turns":3.0},{"damage":6.0,"enemies":"2 Fungi Beasts","floor":6.0,"turns":4.0},{"damage":10.0,"enemies":"3 Sentries","floor":8.0,"turns":11.0},{"damage":8.0,"enemies":"Lagavulin","floor":10.0,"turns":9.0},{"damage":9.0,"enemies":"3 Sentries","floor":12.0,"turns":10.0},{"damage":1.0,"enemies":"The Guardian","floor":16.0,"turns":9.0},{"damage":0.0,"enemies":"Spheric Guardian","floor":18.0,"turns":2.0},{"damage":0.0,"enemies":"2 Thieves","floor":19.0,"turns":4.0},{"damage":23.0,"enemies":"Slavers","floor":23.0,"turns":6.0},{"damage":13.0,"enemies":"Shelled Parasite and Fungi","floor":24.0,"turns":4.0},{"damage":0.0,"enemies":"Snake Plant","floor":27.0,"turns":2.0},{"damage":11.0,"enemies":"Gremlin Leader","floor":28.0,"turns":7.0},{"damage":0.0,"enemies":"Masked Bandits","floor":29.0,"turns":3.0},{"damage":1.0,"enemies":"Cultist and Chosen","floor":30.0,"turns":4.0},{"damage":0.0,"enemies":"Slavers","floor":31.0,"turns":3.0},{"damage":0.0,"enemies":"Collector","floor":33.0,"turns":7.0},{"damage":4.0,"enemies":"Orb Walker","floor":35.0,"turns":4.0},{"damage":4.0,"enemies":"3 Darklings","floor":36.0,"turns":6.0},{"damage":1.0,"enemies":"4 Shapes","floor":38.0,"turns":6.0},{"damage":0.0,"enemies":"Giant Head","floor":40.0,"turns":5.0},{"damage":14.0,"enemies":"Reptomancer","floor":42.0,"turns":5.0},{"damage":12.0,"enemies":"Nemesis","floor":46.0,"turns":7.0},{"damage":9.0,"enemies":"Writhing Mass","floor":48.0,"turns":4.0},{"damage":0.0,"enemies":"Donu and Deca","floor":50.0,"turns":7.0},{"damage":23.0,"enemies":"Awakened One","floor":51.0,"turns":9.0},{"damage":25,"enemies":"Shield and Spear","floor":55,"turns":8},{"damage":44,"enemies":"The Heart","floor":56,"turns":9}],"seed_played":"-3026649083128411109","potions_obtained":[{"floor":1.0,"key":"AttackPotion"},{"floor":2.0,"key":"Weak Potion"},{"floor":6.0,"key":"SteroidPotion"},{"floor":10.0,"key":"Dexterity Potion"},{"floor":12.0,"key":"DistilledChaos"},{"floor":27.0,"key":"SteroidPotion"},{"floor":33.0,"key":"LiquidMemories"},{"floor":36.0,"key":"SkillPotion"},{"floor":39.0,"key":"PotionOfCapacity"}],"is_trial":false,"path_per_floor":["M","M","M","M","M","M","R","E","T","E","?","E","$","?","R","B",null,"M","M","?","$","?","E","M","R","T","M","E","?","M","E","R","B",null,"M","M","?","M","?","E","R","E","T","?","$","E","R","M","R","B","B",null,"R","$","E","B",null],"character_chosen":"DEFECT","items_purchased":["Sunder","Self Repair","Medical Kit","Machine Learning","PotionOfCapacity","Defragment"],"campfire_rested":1,"item_purchase_floors":[13,13,45,45,45,54],"current_hp_per_floor":[52,36,36,29,25,19,40,30,30,22,39,32,32,55,55,63,69,71,71,71,71,71,55,51,51,51,53,51,60,68,71,71,71,71,71,71,67,67,67,67,67,60,60,60,60,57,57,57,57,66,51,63,63,63,40,8],"gold":33,"neow_bonus":"BOSS_RELIC","is_daily":false,"chose_seed":false,"campfire_upgraded":6,"win_rate":0.0,"timestamp":1612609449,"path_taken":["M","M","?","M","M","M","R","E","T","E","?","E","$","?","R","BOSS","M","M","?","?","?","E","M","R","T","M","E","?","M","E","R","BOSS","M","M","?","M","?","E","R","E","T","?","$","E","R","M","R","BOSS","BOSS","R","$","E","BOSS"],"items_purchased_type":["Card","Card","Relic","Card","Potion","Card"],"build_version":"2020-12-22","purchased_purges":1,"victory":true,"max_hp_per_floor":[71,71,71,71,71,71,71,71,71,71,71,71,71,71,71,71,71,71,71,71,71,71,71,71,71,71,71,71,71,71,71,71,71,71,71,71,67,67,67,67,67,67,67,67,67,67,67,67,67,67,67,67,67,67,67,67],"card_choices":[{"not_picked":["BootSequence","Sweeping Beam"],"picked":"Consume","floor":1.0},{"not_picked":["Go for the Eyes","Lockon"],"picked":"Compile Driver","floor":2.0},{"not_picked":["Lockon","White Noise"],"picked":"Glacier","floor":3.0},{"not_picked":["Beam Cell","Streamline"],"picked":"Hologram","floor":4.0},{"not_picked":["Darkness","Sweeping Beam"],"picked":"Conserve Battery","floor":5.0},{"not_picked":["Go for the Eyes","Redo"],"picked":"Cold Snap","floor":6.0},{"not_picked":["Auto Shields","Streamline"],"picked":"Seek","floor":8.0},{"not_picked":["Ball Lightning","Beam Cell"],"picked":"Hologram","floor":10.0},{"not_picked":["Hologram","Redo"],"picked":"Skim","floor":12.0},{"not_picked":["Core Surge","Seek"],"picked":"Meteor Strike","floor":16.0},{"not_picked":["Barrage","Rebound","Chill"],"picked":"SKIP","floor":18.0},{"not_picked":["Compile Driver","Conserve Battery"],"picked":"Sweeping Beam+1","floor":19.0},{"not_picked":["Sunder","Scrape","Multi-Cast"],"picked":"SKIP","floor":23.0},{"not_picked":["Rebound","Go for the Eyes","Ball Lightning","Reprogram"],"picked":"SKIP","floor":24.0},{"not_picked":["Steam Power+1","Aggregate","Turbo"],"picked":"Glacier+1","floor":27.0},{"not_picked":["Beam Cell","Double Energy","Hologram"],"picked":"Reinforced Body+1","floor":28.0},{"not_picked":["Steam","Beam Cell","Ball Lightning"],"picked":"Core Surge","floor":30.0},{"not_picked":["Redo","Steam Power+1","Leap","Skim"],"picked":"SKIP","floor":31.0},{"not_picked":["Rainbow","Reboot","Electrodynamics"],"picked":"Echo Form","floor":33.0},{"not_picked":["Gash","Ball Lightning","Turbo","Static Discharge"],"picked":"SKIP","floor":35.0},{"not_picked":["Stack","Steam Power","BootSequence+1","Consume"],"picked":"SKIP","floor":36.0},{"not_picked":["Compile Driver+1","Ball Lightning","Beam Cell+1","Barrage"],"picked":"SKIP","floor":38.0},{"not_picked":["Genetic Algorithm","Ball Lightning","Beam Cell"],"picked":"Reboot","floor":40.0},{"not_picked":["Force Field+1","Streamline","Sweeping Beam"],"picked":"Recycle+1","floor":42.0},{"not_picked":["Genetic Algorithm","Hello World","Turbo"],"picked":"Seek","floor":46.0},{"not_picked":["Cold Snap+1","Chaos","Redo","Darkness"],"picked":"SKIP","floor":48.0},{"not_picked":["Darkness","Conserve Battery","Coolheaded"],"picked":"Skim+1","floor":55}],"player_experience":292997,"relics_obtained":[{"floor":8.0,"key":"Bronze Scales"},{"floor":9.0,"key":"Matryoshka"},{"floor":10.0,"key":"Blood Vial"},{"floor":12.0,"key":"Juzu Bracelet"},{"floor":23.0,"key":"Question Card"},{"floor":26.0,"key":"Toy Ornithopter"},{"floor":26.0,"key":"Cables"},{"floor":28.0,"key":"InkBottle"},{"floor":29.0,"key":"Red Mask"},{"floor":31.0,"key":"Blue Candle"},{"floor":40.0,"key":"Dream Catcher"},{"floor":42.0,"key":"Whetstone"},{"floor":43.0,"key":"White Beast Statue"},{"floor":46.0,"key":"Bag of Preparation"},{"floor":55,"key":"Gremlin Horn"}],"event_choices":[{"damage_healed":17.0,"max_hp_gain":0.0,"max_hp_loss":0.0,"gold_gain":0.0,"event_name":"The Cleric","player_choice":"Healed","floor":11.0,"gold_loss":35.0,"damage_taken":0.0},{"damage_healed":23.0,"max_hp_gain":0.0,"max_hp_loss":0.0,"gold_gain":0.0,"event_name":"Big Fish","player_choice":"Banana","floor":14.0,"gold_loss":0.0,"damage_taken":0.0},{"damage_healed":0.0,"max_hp_gain":0.0,"max_hp_loss":0.0,"gold_gain":0.0,"event_name":"The Joust","player_choice":"Bet on Murderer","floor":20.0,"gold_loss":50.0,"damage_taken":0.0},{"damage_healed":0.0,"max_hp_gain":0.0,"max_hp_loss":0.0,"gold_gain":0.0,"event_name":"Back to Basics","player_choice":"Simplicity","floor":22.0,"gold_loss":0.0,"damage_taken":0.0,"cards_upgraded":["Strike_B","Strike_B","Strike_B","Defend_B","Defend_B","Defend_B","Defend_B"]},{"damage_healed":0.0,"max_hp_gain":0.0,"max_hp_loss":0.0,"gold_gain":0.0,"event_name":"Masked Bandits","player_choice":"Fought Bandits","floor":29.0,"gold_loss":0.0,"damage_taken":0.0},{"damage_healed":0.0,"max_hp_gain":0.0,"max_hp_loss":4.0,"gold_gain":0.0,"event_name":"Winding Halls","player_choice":"Max HP","floor":37.0,"gold_loss":0.0,"damage_taken":0.0},{"damage_healed":0.0,"max_hp_gain":0.0,"max_hp_loss":0.0,"gold_gain":0.0,"event_name":"Lab","player_choice":"Got Potions","floor":39.0,"gold_loss":0.0,"damage_taken":0.0},{"cards_removed":["Reboot"],"damage_healed":0.0,"max_hp_gain":0.0,"max_hp_loss":0.0,"gold_gain":0.0,"event_name":"Falling","player_choice":"Removed Skill","floor":44.0,"gold_loss":0.0,"damage_taken":0.0}],"is_beta":false,"boss_relics":[{"not_picked":["Runic Pyramid","Tiny House"],"picked":"Coffee Dripper"},{"not_picked":["Cursed Key","Runic Dome"],"picked":"SlaversCollar"}],"items_purged_floors":[13],"is_endless":false,"potions_floor_spawned":[1,2,6,10,12,27,28,30,33,36,46,48,55],"ascension_level":20}}