{"host":"8so2ajx8h59tj2mr","time":1612574758,"event":{"mods":["Act Like it!","BaseMod","Better Match","Better Note","Better Sensory Stone","Colored Map","Hubris","Minty Spire (QoL Compilation)","Relic Stats","Robot Space Explorer","Shop Mod","Spire Arcade","StSLib","The Blue Laboratory","The Dragon Tamer","The Marked"],"gold_per_floor":[117,131,141,141,60,85,85,111,137,137,150,150,166,194,194,297,297,315,328,328,253,82,82,152,152,175,175,275,290,321,334,334,434,434,445,361,380,398,408,435,435,461,511,525,538,538,538,552,552,552,552,552,552,579,579,579],"floor_reached":55,"language":"ENG","playtime":4569,"items_purged":["RobotSpaceExplorer:Strike","RobotSpaceExplorer:Strike+1"],"score":917,"play_id":"44ef05dc-6c5a-4553-aeeb-0d11fd1260f7","local_time":"20210206032558","is_ascension_mode":false,"campfire_choices":[{"data":"RobotSpaceExplorer:ToxicBomb","floor":7,"key":"SMITH"},{"data":"RobotSpaceExplorer:Electropulse","floor":12,"key":"SMITH"},{"data":"RobotSpaceExplorer:Asteroid","floor":15,"key":"SMITH"},{"floor":23,"key":"DIG"},{"floor":25,"key":"DIG"},{"floor":32,"key":"DIG"},{"floor":41,"key":"DIG"},{"floor":47,"key":"RECALL"},{"floor":49,"key":"DIG"},{"floor":52,"key":"DIG"}],"circlet_count":0,"master_deck":["RobotSpaceExplorer:Defend","RobotSpaceExplorer:Defend","RobotSpaceExplorer:Defend","RobotSpaceExplorer:Defend","RobotSpaceExplorer:Scan","RobotSpaceExplorer:MiniLasers","RobotSpaceExplorer:ToxicBomb+1","RobotSpaceExplorer:Blitz","RobotSpaceExplorer:PowerGlove+1","RobotSpaceExplorer:StarLightning+1","RobotSpaceExplorer:MiniDrones","RobotSpaceExplorer:Electropulse+1","RobotSpaceExplorer:Asteroid+1","RobotSpaceExplorer:PowerCollector","RobotSpaceExplorer:BlastShield","CurseOfTheBell","RobotSpaceExplorer:FreezeRay","RobotSpaceExplorer:Discharger","RobotSpaceExplorer:MiniBoosters","RobotSpaceExplorer:ShockKick","RobotSpaceExplorer:Asteroid+1","RobotSpaceExplorer:MiniDrones+1","RobotSpaceExplorer:SelfCleaning","RobotSpaceExplorer:ShovelStrike+1","RobotSpaceExplorer:IronShell+1","RobotSpaceExplorer:Accelerator+1","RobotSpaceExplorer:FreezeRay+1","RobotSpaceExplorer:MetalStrike","RobotSpaceExplorer:Ammunition+1","RobotSpaceExplorer:ChargingLaser","RobotSpaceExplorer:Fix+1","TalkToTheHand","RobotSpaceExplorer:Autoloader+1","RobotSpaceExplorer:MiniBoosters+1"],"relics":["RobotSpaceExplorer:RoboCore","Lantern","Whetstone","Smiling Mask","StoneCalendar","Calling Bell","Toy Ornithopter","Eternal Feather","Shovel","Frozen Egg 2","RobotSpaceExplorer:PlasmaHourglass","Art of War","hubris:GlazedTorus","RobotSpaceExplorer:BottledGravity","Question Card","FossilizedHelix","hubris:GrandSneckoEye","hubris:DisguiseKit","hubris:NiceRug","Letter Opener","TheAbacus","hubris:BottledRain","Torii","hubris:TenFootPole","Centennial Puzzle","hubris:Metronome","War Paint"],"acts_visited":["Exordium","TheCity","TheBeyond","TheEnding"],"potions_floor_usage":[8,14,19,28,31,33,42,45,50,50],"damage_taken":[{"damage":0,"enemies":"2 Louse","floor":1,"turns":3},{"damage":3,"enemies":"Jaw Worm","floor":2,"turns":3},{"damage":0,"enemies":"Cultist","floor":3,"turns":4},{"damage":12,"enemies":"Lagavulin","floor":6,"turns":8},{"damage":9,"enemies":"Gremlin Nob","floor":8,"turns":4},{"damage":0,"enemies":"Exordium Wildlife","floor":11,"turns":3},{"damage":0,"enemies":"2 Fungi Beasts","floor":13,"turns":2},{"damage":0,"enemies":"3 Sentries","floor":14,"turns":2},{"damage":12,"enemies":"The Guardian","floor":16,"turns":8},{"damage":7,"enemies":"Shell Parasite","floor":18,"turns":5},{"damage":0,"enemies":"2 Thieves","floor":19,"turns":3},{"damage":13,"enemies":"Colosseum Slavers","floor":28,"turns":3},{"damage":29,"enemies":"Colosseum Nobs","floor":28,"turns":4},{"damage":5,"enemies":"Centurion and Healer","floor":29,"turns":4},{"damage":31,"enemies":"Slavers","floor":30,"turns":5},{"damage":0,"enemies":"Chosen and Byrds","floor":31,"turns":4},{"damage":29,"enemies":"Collector","floor":33,"turns":7},{"damage":24,"enemies":"3 Darklings","floor":35,"turns":5},{"damage":27,"enemies":"hubris:Merchant","floor":36,"turns":5},{"damage":0,"enemies":"Orb Walker","floor":37,"turns":3},{"damage":0,"enemies":"Jaw Worm Horde","floor":38,"turns":3},{"damage":0,"enemies":"4 Shapes","floor":39,"turns":4},{"damage":0,"enemies":"Nemesis","floor":40,"turns":5},{"damage":0,"enemies":"Reptomancer","floor":42,"turns":7},{"damage":0,"enemies":"Maw","floor":44,"turns":7},{"damage":0,"enemies":"3 Darklings","floor":45,"turns":6},{"damage":0,"enemies":"Sphere and 2 Shapes","floor":48,"turns":2},{"damage":0,"enemies":"hubris:GrandSnecko","floor":50,"turns":6},{"damage":54,"enemies":"Shield and Spear","floor":54,"turns":6},{"damage":52,"enemies":"The Heart","floor":55,"turns":3}],"seed_played":"-1548002669536437694","potions_obtained":[{"floor":6,"key":"RobotSpaceExplorer:RecyclePotion"},{"floor":8,"key":"SteroidPotion"},{"floor":11,"key":"Energy Potion"},{"floor":13,"key":"Strength Potion"},{"floor":16,"key":"blueLaboratory:BottledHope"},{"floor":19,"key":"blueLaboratory:TrueEctoplasm"},{"floor":30,"key":"blueLaboratory:FruitPunch"},{"floor":33,"key":"blueLaboratory:RememoryPotion"},{"floor":36,"key":"blueLaboratory:FrostheartPotion"},{"floor":36,"key":"FearPotion"},{"floor":36,"key":"DistilledChaos"},{"floor":39,"key":"blueLaboratory:HummingbirdPotion"},{"floor":42,"key":"blueLaboratory:PhilterOfMotion"}],"is_trial":false,"path_per_floor":["M","M","M","?","$","E","R","E","T","?","M","R","M","E","R","B",null,"M","M","?","?","$","R","T","R","T","?","?","M","E","M","R","B",null,"M","$","M","M","M","E","R","E","T","M","M","?","R","M","R","B",null,"R","$","E","B"],"character_chosen":"RobotSpaceExplorer","items_purchased":["RobotSpaceExplorer:PowerGlove","RobotSpaceExplorer:MiniBoosters","RobotSpaceExplorer:ShockKick","RobotSpaceExplorer:FreezeRay+1","RobotSpaceExplorer:MetalStrike","hubris:DisguiseKit"],"campfire_rested":0,"item_purchase_floors":[5,22,22,36,36,36],"current_hp_per_floor":[82,79,79,72,72,60,60,51,51,51,51,51,51,51,51,39,82,75,80,80,80,80,82,82,82,82,82,45,40,9,16,31,7,84,60,33,33,37,37,37,55,60,60,64,73,73,84,84,84,84,84,84,84,30,0,0],"gold":579,"neow_bonus":"TEN_PERCENT_HP_BONUS","is_daily":false,"chose_seed":false,"campfire_upgraded":3,"win_rate":0.0,"timestamp":1612574758,"path_taken":["M","M","M","?","$","E","R","E","T","?","M","R","M","E","R","BOSS","M","M","?","?","$","R","?","R","T","?","?","M","E","?","R","BOSS","M","$","M","M","M","E","R","E","T","M","M","?","R","M","R","BOSS","R","$","E","BOSS"],"items_purchased_type":["Card","Card","Card","Card","Card","Relic"],"build_version":"2020-12-22","purchased_purges":2,"victory":false,"max_hp_per_floor":[82,82,82,82,82,82,82,82,82,82,82,82,82,82,82,82,82,82,82,82,82,82,82,82,82,82,82,82,82,82,84,84,84,84,84,84,84,84,84,84,84,84,84,84,84,84,84,84,84,84,84,84,84,84,84,84],"relic_stats":{"Torii":4,"counters":[30,134],"StoneCalendar":[110],"Eternal Feather":46,"Whetstone":["RobotSpaceExplorer:StarLightning","RobotSpaceExplorer:Strike"],"Letter Opener":[50],"War Paint":["RobotSpaceExplorer:Fix","RobotSpaceExplorer:IronShell"],"Smiling Mask":75,"Question Card":17,"Centennial Puzzle":[6],"Shovel":6,"TheAbacus":[30],"Art of War":[6],"obtain_stats":[{"Lantern":6,"hubris:Metronome":52,"Torii":41,"RobotSpaceExplorer:PlasmaHourglass":24,"StoneCalendar":14,"Whetstone":8,"Smiling Mask":9,"Centennial Puzzle":49,"Shovel":17,"TheAbacus":36,"RobotSpaceExplorer:BottledGravity":28,"hubris:GlazedTorus":28,"hubris:DisguiseKit":36,"RobotSpaceExplorer:RoboCore":0,"Eternal Feather":17,"Letter Opener":36,"Frozen Egg 2":23,"War Paint":54,"Question Card":30,"Calling Bell":17,"Art of War":25,"hubris:GrandSneckoEye":34,"hubris:TenFootPole":42,"Toy Ornithopter":17,"FossilizedHelix":32,"hubris:NiceRug":36,"hubris:BottledRain":40},{"Lantern":4,"hubris:Metronome":28,"Torii":23,"RobotSpaceExplorer:PlasmaHourglass":11,"StoneCalendar":8,"Whetstone":5,"Smiling Mask":5,"Centennial Puzzle":27,"Shovel":9,"TheAbacus":19,"RobotSpaceExplorer:BottledGravity":13,"hubris:GlazedTorus":13,"hubris:DisguiseKit":18,"RobotSpaceExplorer:RoboCore":0,"Eternal Feather":9,"Letter Opener":19,"Frozen Egg 2":11,"War Paint":29,"Question Card":15,"Calling Bell":9,"Art of War":11,"hubris:GrandSneckoEye":17,"hubris:TenFootPole":24,"Toy Ornithopter":9,"FossilizedHelix":16,"hubris:NiceRug":19,"hubris:BottledRain":23},{"Lantern":18,"hubris:Metronome":125,"Torii":97,"RobotSpaceExplorer:PlasmaHourglass":45,"StoneCalendar":29,"Whetstone":22,"Smiling Mask":22,"Centennial Puzzle":119,"Shovel":37,"TheAbacus":82,"RobotSpaceExplorer:BottledGravity":52,"hubris:GlazedTorus":52,"hubris:DisguiseKit":77,"RobotSpaceExplorer:RoboCore":0,"Eternal Feather":37,"Letter Opener":82,"Frozen Egg 2":45,"War Paint":131,"Question Card":61,"Calling Bell":37,"Art of War":45,"hubris:GrandSneckoEye":72,"hubris:TenFootPole":104,"Toy Ornithopter":37,"FossilizedHelix":65,"hubris:NiceRug":82,"hubris:BottledRain":97}],"Toy Ornithopter":30},"card_choices":[{"not_picked":["RobotSpaceExplorer:Pulsar","RobotSpaceExplorer:FranticSearch"],"picked":"RobotSpaceExplorer:ToxicBomb","floor":1},{"not_picked":["RobotSpaceExplorer:Electroshield","RobotSpaceExplorer:MiniDrones"],"picked":"RobotSpaceExplorer:Blitz","floor":2},{"not_picked":["RobotSpaceExplorer:ToxicBomb","RobotSpaceExplorer:GlueSpray","RobotSpaceExplorer:Blitz"],"picked":"SKIP","floor":3},{"not_picked":["RobotSpaceExplorer:SurgingShield","RobotSpaceExplorer:FrostMissile"],"picked":"RobotSpaceExplorer:StarLightning","floor":6},{"not_picked":["RobotSpaceExplorer:GlueSpray","RobotSpaceExplorer:Ammunition"],"picked":"RobotSpaceExplorer:MiniDrones","floor":8},{"not_picked":["RobotSpaceExplorer:ShockKick","RobotSpaceExplorer:SurgingStrike"],"picked":"RobotSpaceExplorer:Electropulse","floor":11},{"not_picked":["RobotSpaceExplorer:ImprovisedAttack","RobotSpaceExplorer:MakeshiftVolley"],"picked":"RobotSpaceExplorer:Asteroid","floor":13},{"not_picked":["RobotSpaceExplorer:DoubleBlock","RobotSpaceExplorer:StunGrenade"],"picked":"RobotSpaceExplorer:PowerCollector","floor":14},{"not_picked":["RobotSpaceExplorer:Explosion","RobotSpaceExplorer:HighVoltage"],"picked":"RobotSpaceExplorer:BlastShield","floor":16},{"not_picked":["RobotSpaceExplorer:MetalStrike+1","RobotSpaceExplorer:GearShield"],"picked":"RobotSpaceExplorer:FreezeRay","floor":18},{"not_picked":["RobotSpaceExplorer:FrostMissile","RobotSpaceExplorer:TurboDodge"],"picked":"RobotSpaceExplorer:Discharger","floor":19},{"not_picked":["RobotSpaceExplorer:SwiftStep","RobotSpaceExplorer:SlimeMissile"],"picked":"RobotSpaceExplorer:MiniDrones+1","floor":28},{"not_picked":["RobotSpaceExplorer:MetalStrike","RobotSpaceExplorer:FreezingShield"],"picked":"RobotSpaceExplorer:SelfCleaning","floor":29},{"not_picked":["RobotSpaceExplorer:MetalStrike+1","RobotSpaceExplorer:FranticSearch"],"picked":"RobotSpaceExplorer:ShovelStrike+1","floor":30},{"not_picked":["RobotSpaceExplorer:ScrapMissile","RobotSpaceExplorer:SurgingStrike","RobotSpaceExplorer:FrostMissile"],"picked":"RobotSpaceExplorer:IronShell","floor":31},{"not_picked":["RobotSpaceExplorer:ChargingLaser","RobotSpaceExplorer:Blaster","RobotSpaceExplorer:Comet"],"picked":"RobotSpaceExplorer:Accelerator+1","floor":33},{"not_picked":["RobotSpaceExplorer:FrostMissile","RobotSpaceExplorer:ScrapMissile","RobotSpaceExplorer:MetalStrike","RobotSpaceExplorer:Pulsar"],"picked":"SKIP","floor":35},{"not_picked":["RobotSpaceExplorer:SurgingStrike"],"picked":"SKIP","floor":36},{"not_picked":["RobotSpaceExplorer:Calculate"],"picked":"SKIP","floor":36},{"not_picked":["RobotSpaceExplorer:GlueShot"],"picked":"SKIP","floor":36},{"not_picked":["hubris:Ssssneak"],"picked":"SKIP","floor":36},{"not_picked":["The Bomb"],"picked":"SKIP","floor":36},{"not_picked":["RobotSpaceExplorer:StarDust+1","RobotSpaceExplorer:JunkDive","RobotSpaceExplorer:Counterblock","RobotSpaceExplorer:SelfCleaning","FlyingSleeves"],"picked":"SKIP","floor":37},{"not_picked":["RobotSpaceExplorer:Counterblock+1","RobotSpaceExplorer:ShovelStrike","RobotSpaceExplorer:GlueSpray+1","ThirdEye"],"picked":"RobotSpaceExplorer:Ammunition+1","floor":38},{"not_picked":["RobotSpaceExplorer:MiniDrones","RobotSpaceExplorer:DualCore+1","RobotSpaceExplorer:DoubleBlock","Halt"],"picked":"RobotSpaceExplorer:ChargingLaser","floor":39},{"not_picked":["RobotSpaceExplorer:SurgingStrike+1","RobotSpaceExplorer:ShockKick","RobotSpaceExplorer:ImprovisedAttack","RobotSpaceExplorer:SurgingShield","Consecrate"],"picked":"SKIP","floor":40},{"not_picked":["RobotSpaceExplorer:FrostMissile+1","RobotSpaceExplorer:SurgingStrike","RobotSpaceExplorer:Asteroid","ClearTheMind"],"picked":"RobotSpaceExplorer:Fix","floor":42},{"not_picked":["RobotSpaceExplorer:FrostMissile+1","RobotSpaceExplorer:Calculate","RobotSpaceExplorer:Counterblock","RobotSpaceExplorer:SwiftStep+1","CutThroughFate"],"picked":"SKIP","floor":44},{"not_picked":["RobotSpaceExplorer:JunkDive","RobotSpaceExplorer:SurgingStrike+1","RobotSpaceExplorer:StarDust+1","RobotSpaceExplorer:ShockKick+1"],"picked":"TalkToTheHand","floor":45},{"not_picked":["RobotSpaceExplorer:MiniDrones+1","RobotSpaceExplorer:ShockKick","RobotSpaceExplorer:SurgingStrike","Conclude"],"picked":"RobotSpaceExplorer:Autoloader+1","floor":48},{"not_picked":["RobotSpaceExplorer:Pulsar","RobotSpaceExplorer:ToxicBomb+1","RobotSpaceExplorer:DoubleBlock","Consecrate"],"picked":"RobotSpaceExplorer:MiniBoosters+1","floor":54}],"player_experience":73504,"relics_obtained":[{"floor":6,"key":"Lantern"},{"floor":8,"key":"Whetstone"},{"floor":9,"key":"Smiling Mask"},{"floor":14,"key":"StoneCalendar"},{"floor":17,"key":"Toy Ornithopter"},{"floor":17,"key":"Eternal Feather"},{"floor":17,"key":"Shovel"},{"floor":23,"key":"Frozen Egg 2"},{"floor":24,"key":"RobotSpaceExplorer:PlasmaHourglass"},{"floor":25,"key":"Art of War"},{"floor":28,"key":"hubris:GlazedTorus"},{"floor":28,"key":"RobotSpaceExplorer:BottledGravity"},{"floor":30,"key":"Question Card"},{"floor":32,"key":"FossilizedHelix"},{"floor":36,"key":"Letter Opener"},{"floor":36,"key":"TheAbacus"},{"floor":40,"key":"hubris:BottledRain"},{"floor":41,"key":"Torii"},{"floor":42,"key":"hubris:TenFootPole"},{"floor":49,"key":"Centennial Puzzle"},{"floor":52,"key":"hubris:Metronome"},{"floor":54,"key":"War Paint"}],"event_choices":[{"cards_removed":["RobotSpaceExplorer:Strike"],"damage_healed":0,"gold_gain":0,"player_choice":"Card Removal","damage_taken":7,"max_hp_gain":0,"max_hp_loss":0,"event_name":"Golden Wing","floor":4,"gold_loss":0},{"damage_healed":0,"gold_gain":0,"player_choice":"Upgraded","damage_taken":0,"max_hp_gain":0,"max_hp_loss":0,"event_name":"Upgrade Shrine","floor":10,"gold_loss":0,"cards_upgraded":["RobotSpaceExplorer:PowerGlove"]},{"cards_removed":["RobotSpaceExplorer:Asteroid"],"damage_healed":0,"gold_gain":0,"player_choice":"Give","damage_taken":0,"max_hp_gain":0,"max_hp_loss":0,"event_name":"betterNote:BetterNote","floor":20,"gold_loss":0,"cards_obtained":["Pain"]},{"cards_removed":["RobotSpaceExplorer:Strike"],"damage_healed":0,"gold_gain":0,"player_choice":"Gave Gold","damage_taken":0,"max_hp_gain":0,"max_hp_loss":0,"event_name":"Beggar","floor":21,"gold_loss":75},{"damage_healed":0,"gold_gain":2,"player_choice":"4","damage_taken":0,"max_hp_gain":0,"max_hp_loss":0,"event_name":"betterStone:BetterStone","floor":27,"gold_loss":0,"cards_obtained":["RobotSpaceExplorer:Asteroid"]},{"damage_healed":0,"gold_gain":0,"player_choice":"Fight","damage_taken":0,"max_hp_gain":0,"max_hp_loss":0,"event_name":"Colosseum","floor":28,"gold_loss":0},{"damage_healed":0,"gold_gain":0,"player_choice":"Fought Nobs","damage_taken":0,"max_hp_gain":0,"max_hp_loss":0,"event_name":"Colosseum","floor":28,"gold_loss":0}],"is_beta":false,"boss_relics":[{"not_picked":["Astrolabe","Ectoplasm"],"picked":"Calling Bell"},{"not_picked":["hubris:CrackedHourglass","Black Star"],"picked":"hubris:GrandSneckoEye"}],"items_purged_floors":[22,36],"is_endless":false,"potions_floor_spawned":[6,8,11,13,16,19,30,33,35,39,42],"killed_by":"The Heart","ascension_level":0}}