{"host":"f1ywytio1xmbwkwz","time":1612594591,"event":{"mods":["BaseMod","Minty Spire (QoL Compilation)","Relic Stats","StSLib"],"gold_per_floor":[118,118,138,149,149,174,188,188,188,207,240,257,270,287,287,388,388,408,323,4,4,20,50,25,39,39,39,39],"floor_reached":27,"language":"ENG","playtime":1486,"items_purged":[],"score":321,"play_id":"576fa16a-303f-4e85-a3bf-95f1393f4691","local_time":"20210205235631","is_ascension_mode":true,"campfire_choices":[{"floor":8,"key":"REST"},{"floor":15,"key":"REST"}],"circlet_count":0,"master_deck":["Strike_R","Strike_R","Strike_R","Strike_R","Defend_R","Defend_R","Defend_R","Defend_R","Bash","Feel No Pain","Flex+1","Flex","Ghostly Armor","Warcry","Intimidate","Sever Soul","Seeing Red","Shrug It Off","Uppercut","Flex","True Grit","Limit Break","Warcry","Carnage","Anger","Cleave+1","Fire Breathing","Anger","Shrug It Off"],"relics":["Burning Blood","Dream Catcher","Bottled Tornado","TungstenRod","Dead Branch","Mark of Pain","StrikeDummy","Bottled Lightning","Bag of Preparation","Singing Bowl"],"acts_visited":["Exordium","TheCity"],"potions_floor_usage":[3,6,6,7,7,12,13,16,23,27,27],"damage_taken":[{"damage":9,"enemies":"2 Louse","floor":1,"turns":3},{"damage":16,"enemies":"Cultist","floor":3,"turns":4},{"damage":14,"enemies":"Jaw Worm","floor":4,"turns":3},{"damage":31,"enemies":"Gremlin Nob","floor":6,"turns":4},{"damage":21,"enemies":"Gremlin Gang","floor":7,"turns":5},{"damage":10,"enemies":"3 Louse","floor":10,"turns":4},{"damage":26,"enemies":"3 Sentries","floor":11,"turns":12},{"damage":9,"enemies":"Exordium Wildlife","floor":12,"turns":4},{"damage":0,"enemies":"Exordium Thugs","floor":13,"turns":4},{"damage":1,"enemies":"2 Fungi Beasts","floor":14,"turns":3},{"damage":21,"enemies":"The Guardian","floor":16,"turns":14},{"damage":15,"enemies":"Shell Parasite","floor":18,"turns":7},{"damage":15,"enemies":"2 Thieves","floor":22,"turns":3},{"damage":28,"enemies":"Book of Stabbing","floor":23,"turns":6},{"damage":12,"enemies":"Shelled Parasite and Fungi","floor":25,"turns":5},{"damage":26,"enemies":"Gremlin Leader","floor":27,"turns":7}],"seed_played":"3264873464255908740","potions_obtained":[{"floor":2,"key":"LiquidBronze"},{"floor":2,"key":"AttackPotion"},{"floor":2,"key":"BloodPotion"},{"floor":3,"key":"Ancient Potion"},{"floor":6,"key":"SpeedPotion"},{"floor":10,"key":"Strength Potion"},{"floor":12,"key":"PowerPotion"},{"floor":14,"key":"BlessingOfTheForge"},{"floor":18,"key":"Swift Potion"},{"floor":22,"key":"Energy Potion"},{"floor":25,"key":"ElixirPotion"}],"is_trial":false,"path_per_floor":["M","?","M","M","?","E","M","R","T","M","E","M","M","M","R","B",null,"M","?","$","?","M","E","$","M","T","E"],"character_chosen":"IRONCLAD","items_purchased":["Bottled Lightning","Carnage","Anger"],"campfire_rested":2,"item_purchase_floors":[20,20,24],"current_hp_per_floor":[69,69,75,67,67,42,27,51,51,47,27,24,30,35,59,44,71,62,62,62,62,53,31,31,25,25,0,0],"gold":39,"neow_bonus":"RANDOM_COMMON_RELIC","is_daily":false,"chose_seed":false,"campfire_upgraded":0,"win_rate":0.0,"timestamp":1612594591,"path_taken":["M","?","M","?","?","E","M","R","T","?","E","M","M","M","R","BOSS","M","?","$","?","M","E","$","?","T","E"],"items_purchased_type":["Relic","Card","Card"],"build_version":"2020-12-22","purchased_purges":0,"victory":false,"max_hp_per_floor":[80,80,80,80,80,80,80,80,80,80,80,80,80,80,80,80,80,80,80,80,80,80,80,80,80,80,80,80],"relic_stats":{"Dream Catcher":2,"Singing Bowl":0,"counters":[16,88],"Dead Branch":[64],"Bag of Preparation":[4],"obtain_stats":[{"Dream Catcher":0,"Singing Bowl":26,"Dead Branch":11,"Mark of Pain":17,"Bag of Preparation":23,"Bottled Lightning":20,"Bottled Tornado":6,"StrikeDummy":19,"Burning Blood":0,"TungstenRod":9},{"Dream Catcher":0,"Singing Bowl":15,"Dead Branch":7,"Mark of Pain":11,"Bag of Preparation":14,"Bottled Lightning":12,"Bottled Tornado":4,"StrikeDummy":12,"Burning Blood":0,"TungstenRod":5},{"Dream Catcher":0,"Singing Bowl":81,"Dead Branch":35,"Mark of Pain":60,"Bag of Preparation":76,"Bottled Lightning":67,"Bottled Tornado":14,"StrikeDummy":67,"Burning Blood":0,"TungstenRod":19}],"Burning Blood":90,"TungstenRod":38},"card_choices":[{"not_picked":["True Grit","Dual Wield"],"picked":"Feel No Pain","floor":1},{"not_picked":["Heavy Blade","Wild Strike"],"picked":"Flex","floor":3},{"not_picked":["Shrug It Off","Barricade"],"picked":"Flex","floor":4},{"not_picked":["Sword Boomerang","Corruption"],"picked":"Ghostly Armor","floor":6},{"not_picked":["Power Through","Sentinel"],"picked":"Warcry","floor":7},{"not_picked":["Combust","Warcry"],"picked":"Intimidate","floor":8},{"not_picked":["Clothesline","Clash"],"picked":"Sever Soul","floor":10},{"not_picked":["Body Slam","Sever Soul"],"picked":"Seeing Red","floor":11},{"not_picked":["Armaments","Rampage"],"picked":"Shrug It Off","floor":12},{"not_picked":["Intimidate","Thunderclap"],"picked":"Uppercut","floor":13},{"not_picked":["Havoc","Burning Pact"],"picked":"Flex","floor":14},{"not_picked":["Anger","Inflame"],"picked":"True Grit","floor":15},{"not_picked":["Exhume","Feed"],"picked":"Limit Break","floor":16},{"not_picked":["Heavy Blade","Clothesline"],"picked":"Warcry","floor":18},{"not_picked":["Rupture+1","Dropkick+1"],"picked":"Cleave+1","floor":22},{"not_picked":["Fiend Fire","Headbutt"],"picked":"Fire Breathing","floor":23},{"not_picked":["Combust","Reckless Charge"],"picked":"Shrug It Off","floor":25}],"player_experience":299189,"relics_obtained":[{"floor":6,"key":"Bottled Tornado"},{"floor":9,"key":"TungstenRod"},{"floor":11,"key":"Dead Branch"},{"floor":23,"key":"Bag of Preparation"},{"floor":26,"key":"Singing Bowl"}],"event_choices":[{"damage_healed":0,"gold_gain":0,"player_choice":"Got Potions","damage_taken":0,"max_hp_gain":0,"max_hp_loss":0,"event_name":"Lab","floor":2,"gold_loss":0},{"damage_healed":0,"gold_gain":0,"player_choice":"Upgraded","damage_taken":0,"max_hp_gain":0,"max_hp_loss":0,"event_name":"Upgrade Shrine","floor":5,"gold_loss":0,"cards_upgraded":["Flex"]},{"damage_healed":0,"gold_gain":0,"player_choice":"Obtained Relic","damage_taken":0,"relics_obtained":["StrikeDummy"],"max_hp_gain":0,"max_hp_loss":0,"event_name":"Addict","floor":19,"gold_loss":85},{"damage_healed":0,"gold_gain":0,"cards_transformed":["Strike_R"],"player_choice":"Transformed","damage_taken":0,"max_hp_gain":0,"max_hp_loss":0,"event_name":"Transmorgrifier","floor":21,"gold_loss":0,"cards_obtained":["Anger"]}],"is_beta":false,"boss_relics":[{"not_picked":["Snecko Eye","Sozu"],"picked":"Mark of Pain"}],"items_purged_floors":[],"is_endless":false,"potions_floor_spawned":[3,6,10,12,14,18,22,25],"killed_by":"Gremlin Leader","ascension_level":6}}