{"host":"hf83sijwe64ts2lm","time":1612575253,"event":{"mods":["2.2 Compatiblity","BaseMod","Better Altar","Better Match","Better Note","Better Sensory Stone","Better Skull","Better Third Choice","Colored Map","Colored Powertips","Highlight Path","Hubris","Infinite Spire","Minty Spire (QoL Compilation)","Quick Restart","Rare Cards Sparkle","Relic Stats","Replay The Spire","Shop Mod","Spicy Shops","StSLib","Thieving Mod"],"gold_per_floor":[119,119,131,146,166,166,193,193,218,243,79,128,128,145,145,243,243,257,275,53,53,53,53,53,53,53,79,93,93,5,22,22,117,117,127,146,196,40,40,75,75,99,99,99],"floor_reached":44,"language":"ENG","playtime":917,"items_purged":[],"score":625,"play_id":"a1f75bde-ecb4-4c5d-913e-65cad5f34509","local_time":"20210205203413","is_ascension_mode":true,"campfire_choices":[{"floor":6.0,"key":"RECALL"},{"floor":8.0,"key":"REST"},{"floor":13.0,"key":"REST"},{"floor":15.0,"key":"REST"},{"floor":23.0,"key":"REST"},{"floor":25.0,"key":"REST"},{"data":"Defragment","floor":29.0,"key":"SMITH"},{"floor":32.0,"key":"REST"},{"data":"infinitespire:Oblivion","floor":40.0,"key":"SMITH"},{"floor":42.0,"key":"REST"}],"circlet_count":0,"master_deck":["Strike_B","Strike_B","Strike_B","Strike_B","Defend_B","Defend_B","Defend_B","Defend_B","Zap","Dualcast","Lockon+1","Conserve Battery","Defragment+1","Hello World+1","Go for the Eyes","Ball Lightning","Cold Snap","ReplayTheSpireMod:Private Reserves","Capacitor","hubris:PowerSurge","Barrage","Compile Driver","Electrodynamics","Ball Lightning","Ball Lightning","Consume","Glacier","Fusion+1","Sweeping Beam+1","Enlightenment","Go for the Eyes+1","Compile Driver","Thunder Strike","FIFO Queue","Sunder","Ball Lightning+1","infinitespire:Oblivion+1","ReplayTheSpireMod:Black Plague","Cold Snap+1","Beam Cell+1"],"relics":["Cracked Core","NeowsBlessing","Dream Catcher","Art of War","infinitespire:Eraser","hubris:HollowSoul","Blood Vial","ReplayTheSpireMod:Ring of Challenge","Ring of Hypnosis","hubris:Teleporter","Lantern","Black Star","Tiny House","DataDisk","Lee\u0027s Waffle","infinitespire:PuzzleCube","Pet Ghost","Happy Flower"],"acts_visited":["Exordium","TheCity","TheBeyond"],"potions_floor_usage":[],"damage_taken":[{"damage":0.0,"enemies":"Cultist","floor":1.0,"turns":1.0},{"damage":0.0,"enemies":"infinitespire:Voidling","floor":3.0,"turns":1.0},{"damage":0.0,"enemies":"2 Louse","floor":4.0,"turns":1.0},{"damage":1.0,"enemies":"Looter","floor":5.0,"turns":4.0},{"damage":37.0,"enemies":"Lagavulin","floor":7.0,"turns":6.0},{"damage":43.0,"enemies":"3 Sentries","floor":10.0,"turns":7.0},{"damage":5.0,"enemies":"2 Fungi Beasts","floor":14.0,"turns":3.0},{"damage":30.0,"enemies":"The Guardian","floor":16.0,"turns":9.0},{"damage":33.0,"enemies":"Shell Parasite","floor":18.0,"turns":4.0},{"damage":11.0,"enemies":"Spheric Guardian","floor":19.0,"turns":3.0},{"damage":16.0,"enemies":"Chosen and Byrds","floor":28.0,"turns":3.0},{"damage":21.0,"enemies":"Centurion and Healer","floor":31.0,"turns":3.0},{"damage":35.0,"enemies":"Collector","floor":33.0,"turns":10.0},{"damage":34.0,"enemies":"3 Darklings","floor":35.0,"turns":4.0},{"damage":13.0,"enemies":"3 Shapes","floor":36.0,"turns":6.0},{"damage":59.0,"enemies":"Reptomancer","floor":41.0,"turns":5.0},{"damage":27,"enemies":"Giant Head","floor":44,"turns":5}],"seed_played":"-6033127769359264884","potions_obtained":[{"floor":3.0,"key":"Languid Potion"},{"floor":5.0,"key":"Milkshake"},{"floor":14.0,"key":"EssenceOfSteel"},{"floor":16.0,"key":"SteroidPotion"},{"floor":18.0,"key":"Languid Potion"},{"floor":19.0,"key":"Regen Potion"},{"floor":33.0,"key":"Weak Potion"},{"floor":36.0,"key":"Milkshake"},{"floor":37.0,"key":"Weak Potion"}],"is_trial":false,"path_per_floor":["M","?","M","M","M","R","E","R","T","E","$","T","R","M","R","B",null,"M","M","$","?","?","R","?","R","T","T","M","R","$","M","R","B",null,"M","M","AVR","$","R","E","R","T","E"],"character_chosen":"DEFECT","items_purchased":["ReplayTheSpireMod:Private Reserves","Capacitor","Consume","Blood Vial","Enlightenment","Lee\u0027s Waffle"],"campfire_rested":7,"item_purchase_floors":[11,11,20,20,30,39],"current_hp_per_floor":[68,68,68,68,67,67,30,52,52,9,9,9,31,26,48,18,61,28,17,17,17,17,39,39,61,61,61,56,56,56,37,59,26,63,31,20,25,87,87,28,54,54,0,0],"gold":99,"neow_bonus":"THREE_ENEMY_KILL","is_daily":false,"chose_seed":false,"campfire_upgraded":2,"win_rate":0.0,"timestamp":1612575253,"path_taken":["M","?","M","?","M","R","E","R","T","E","$","?","R","M","R","BOSS","M","?","$","?","?","R","?","R","T","?","M","R","?","M","R","BOSS","M","M","AVR","$","R","E","R","T","E"],"items_purchased_type":["Card","Card","Card","Relic","Card","Relic"],"build_version":"2020-12-22","purchased_purges":0,"victory":false,"max_hp_per_floor":[75,75,75,75,75,75,75,75,75,75,75,75,75,75,75,75,75,75,75,75,75,75,75,75,75,75,75,75,75,75,75,75,75,75,75,75,80,87,87,87,87,87,87,87],"relic_stats":{"Blood Vial":12,"Dream Catcher":7,"Lee\u0027s Waffle":62,"Happy Flower":[4],"counters":[17,83],"Art of War":[16],"Black Star":1,"obtain_stats":[{"Lantern":27,"Lee\u0027s Waffle":39,"hubris:Teleporter":26,"Tiny House":37,"NeowsBlessing":0,"Ring of Hypnosis":21,"Happy Flower":43,"hubris:HollowSoul":17,"Pet Ghost":41,"Blood Vial":20,"Dream Catcher":7,"DataDisk":37,"Art of War":9,"Black Star":34,"infinitespire:Eraser":10,"ReplayTheSpireMod:Ring of Challenge":21,"Cracked Core":0,"infinitespire:PuzzleCube":41},{"Lantern":10,"Lee\u0027s Waffle":15,"hubris:Teleporter":10,"Tiny House":15,"NeowsBlessing":0,"Ring of Hypnosis":10,"Happy Flower":16,"hubris:HollowSoul":8,"Pet Ghost":16,"Blood Vial":10,"Dream Catcher":5,"DataDisk":15,"Art of War":5,"Black Star":13,"infinitespire:Eraser":6,"ReplayTheSpireMod:Ring of Challenge":10,"Cracked Core":0,"infinitespire:PuzzleCube":16},{"Lantern":39,"Lee\u0027s Waffle":65,"hubris:Teleporter":39,"Tiny House":65,"NeowsBlessing":0,"Ring of Hypnosis":39,"Happy Flower":70,"hubris:HollowSoul":32,"Pet Ghost":70,"Blood Vial":39,"Dream Catcher":13,"DataDisk":65,"Art of War":13,"Black Star":55,"infinitespire:Eraser":20,"ReplayTheSpireMod:Ring of Challenge":39,"Cracked Core":0,"infinitespire:PuzzleCube":70}]},"card_choices":[{"not_picked":["Gash","Cold Snap"],"picked":"Lockon","floor":1.0},{"not_picked":["Rebound","Skim"],"picked":"Conserve Battery","floor":3.0},{"not_picked":["Rip and Tear","Storm"],"picked":"Defragment","floor":4.0},{"not_picked":["Doom and Gloom","Blizzard"],"picked":"Hello World","floor":5.0},{"not_picked":["Sweeping Beam","Blizzard"],"picked":"Go for the Eyes","floor":7.0},{"not_picked":["hubris:PowerSurge","Chill"],"picked":"Ball Lightning","floor":8.0},{"not_picked":["Go for the Eyes","Steam Power"],"picked":"Cold Snap","floor":10.0},{"not_picked":["Hello World","Coolheaded"],"picked":"hubris:PowerSurge","floor":13.0},{"not_picked":["Turbo","hubris:Ukulele"],"picked":"Barrage","floor":14.0},{"not_picked":["Go for the Eyes","Crystallizer"],"picked":"Compile Driver","floor":15.0},{"not_picked":["Biased Cognition","Buffer"],"picked":"Electrodynamics","floor":16.0},{"not_picked":["Leap+1","Beam Cell"],"picked":"Ball Lightning","floor":18.0},{"not_picked":["BasicCrystalCard","Compile Driver"],"picked":"Ball Lightning","floor":19.0},{"not_picked":["Fusion","Stack"],"picked":"Glacier","floor":23.0},{"not_picked":["Chaos+1","Undo"],"picked":"Fusion+1","floor":25.0},{"not_picked":["Redo","Chill"],"picked":"Sweeping Beam+1","floor":28.0},{"not_picked":["Leap","Loop+1"],"picked":"Go for the Eyes+1","floor":31.0},{"not_picked":["BasicCrystalCard","Sweeping Beam"],"picked":"Compile Driver","floor":32.0},{"not_picked":["Seek","Multi-Cast"],"picked":"Thunder Strike","floor":33.0},{"not_picked":["Fusion","Time Bomb+1"],"picked":"FIFO Queue","floor":35.0},{"not_picked":["Redo","Panic Button"],"picked":"Sunder","floor":36.0},{"not_picked":["Conserve Battery","Hologram"],"picked":"Ball Lightning+1","floor":37.0},{"not_picked":["Chaos","FTL+1"],"picked":"Cold Snap+1","floor":41.0},{"not_picked":["Turbo","Streamline"],"picked":"Beam Cell+1","floor":42.0}],"player_experience":139773,"relics_obtained":[{"floor":7.0,"key":"Dream Catcher"},{"floor":9.0,"key":"Art of War"},{"floor":10.0,"key":"infinitespire:Eraser"},{"floor":21.0,"key":"ReplayTheSpireMod:Ring of Challenge"},{"floor":21.0,"key":"Ring of Hypnosis"},{"floor":26.0,"key":"hubris:Teleporter"},{"floor":27.0,"key":"Lantern"},{"floor":41.0,"key":"infinitespire:PuzzleCube"},{"floor":41.0,"key":"Pet Ghost"},{"floor":43.0,"key":"Happy Flower"}],"event_choices":[{"damage_healed":0.0,"max_hp_gain":0.0,"max_hp_loss":0.0,"gold_gain":0.0,"event_name":"Upgrade Shrine","player_choice":"Upgraded","floor":2.0,"gold_loss":0.0,"damage_taken":0.0,"cards_upgraded":["Lockon"]},{"damage_healed":0.0,"max_hp_gain":0.0,"max_hp_loss":0.0,"gold_gain":0.0,"event_name":"Ghosts","player_choice":"Ignored","floor":24.0,"gold_loss":0.0,"damage_taken":0.0}],"is_beta":false,"boss_relics":[{"not_picked":["Philosopher\u0027s Stone","Astrolabe"],"picked":"hubris:HollowSoul"},{"not_picked":["Cursed Key","Snecko Eye"],"picked":"Black Star"}],"items_purged_floors":[],"is_endless":false,"potions_floor_spawned":[3,5,14,16,18,19,33,36],"killed_by":"Giant Head","ascension_level":6}}