{"host":"syozzdlzcqop4jia","time":1612647518,"event":{"mods":["BaseMod","Colored Map","Colored Powertips","Minty Spire (QoL Compilation)","Quick Restart"],"gold_per_floor":[119,132,207,223,243,243,253,253,277,287,297,297,322,336,336,434,434,447,464,20,35,134,134,134,134],"floor_reached":24,"language":"ENG","playtime":1243,"items_purged":[],"score":253,"play_id":"0f17e3ae-ff3b-493f-a525-c90ecdafc791","local_time":"20210206223838","is_ascension_mode":true,"campfire_choices":[{"data":"Heavy Blade","floor":6,"key":"SMITH"},{"data":"Heavy Blade","floor":8,"key":"SMITH"},{"floor":15,"key":"REST"},{"floor":23,"key":"REST"}],"circlet_count":0,"master_deck":["Strike_R","Strike_R","Strike_R","Strike_R","Strike_R","Defend_R","Defend_R","Defend_R","Defend_R","Bash+1","Heavy Blade+1","Heavy Blade+1","Iron Wave","Twin Strike","Cleave","Anger","Clothesline","Inflame","Limit Break","Seeing Red","Pummel","Panache","Flex"],"relics":["Burning Blood","Happy Flower","MealTicket","Philosopher\u0027s Stone","Sundial"],"acts_visited":["Exordium","TheCity"],"potions_floor_usage":[24,24],"damage_taken":[{"damage":7,"enemies":"2 Louse","floor":1,"turns":3},{"damage":1,"enemies":"Cultist","floor":2,"turns":3},{"damage":0,"enemies":"Small Slimes","floor":4,"turns":4},{"damage":7,"enemies":"Looter","floor":5,"turns":3},{"damage":11,"enemies":"2 Fungi Beasts","floor":7,"turns":4},{"damage":2,"enemies":"3 Louse","floor":10,"turns":3},{"damage":20,"enemies":"Exordium Wildlife","floor":11,"turns":4},{"damage":32,"enemies":"Lagavulin","floor":13,"turns":6},{"damage":13,"enemies":"Large Slime","floor":14,"turns":5},{"damage":26,"enemies":"Slime Boss","floor":16,"turns":8},{"damage":16,"enemies":"3 Byrds","floor":18,"turns":4},{"damage":45,"enemies":"2 Thieves","floor":19,"turns":4},{"damage":25,"enemies":"Snake Plant","floor":21,"turns":4},{"damage":50,"enemies":"Book of Stabbing","floor":24,"turns":3}],"seed_played":"-7585579474155300225","potions_obtained":[{"floor":10,"key":"FearPotion"},{"floor":11,"key":"SteroidPotion"},{"floor":13,"key":"Fire Potion"}],"is_trial":false,"path_per_floor":["M","M","?","M","M","R","M","R","T","M","M","?","E","M","R","B",null,"M","M","$","M","?","R","E"],"character_chosen":"IRONCLAD","items_purchased":["Panache","Sundial"],"campfire_rested":2,"item_purchase_floors":[20,20],"current_hp_per_floor":[79,80,72,78,77,77,72,72,72,76,62,67,41,34,59,39,74,64,25,40,21,21,46,0,0],"gold":134,"neow_bonus":"UPGRADE_CARD","is_daily":false,"chose_seed":false,"campfire_upgraded":2,"win_rate":0.0,"timestamp":1612647518,"path_taken":["M","M","?","M","?","R","M","R","T","M","M","?","E","M","R","BOSS","M","M","$","M","?","R","E"],"items_purchased_type":["Card","Relic"],"build_version":"2020-12-22","purchased_purges":0,"victory":false,"max_hp_per_floor":[80,80,80,80,80,80,80,80,80,80,80,85,85,85,85,85,85,85,85,85,85,85,85,85,85],"card_choices":[{"not_picked":["Thunderclap","Armaments"],"picked":"Heavy Blade","floor":1},{"not_picked":["Havoc","Juggernaut"],"picked":"Heavy Blade","floor":2},{"not_picked":["Hemokinesis","True Grit"],"picked":"Iron Wave","floor":4},{"not_picked":["Headbutt","Rampage"],"picked":"Twin Strike","floor":5},{"not_picked":["Thunderclap","Brutality"],"picked":"Cleave","floor":7},{"not_picked":["Combust","Reckless Charge","Warcry"],"picked":"SKIP","floor":10},{"not_picked":["Shrug It Off","Body Slam"],"picked":"Anger","floor":11},{"not_picked":["Body Slam","Bludgeon"],"picked":"Clothesline","floor":13},{"not_picked":["Seeing Red","Fire Breathing"],"picked":"Inflame","floor":14},{"not_picked":["Impervious","Juggernaut"],"picked":"Limit Break","floor":16},{"not_picked":["Sentinel","Clothesline"],"picked":"Seeing Red","floor":18},{"not_picked":["Blood for Blood+1","Reckless Charge"],"picked":"Pummel","floor":19},{"not_picked":["Warcry","Dropkick+1"],"picked":"Flex","floor":21}],"player_experience":568299,"relics_obtained":[{"floor":9,"key":"Happy Flower"},{"floor":13,"key":"MealTicket"}],"event_choices":[{"damage_healed":0,"gold_gain":75,"player_choice":"Touch","damage_taken":8,"max_hp_gain":0,"max_hp_loss":0,"event_name":"FaceTrader","floor":3,"gold_loss":0},{"damage_healed":0,"gold_gain":0,"player_choice":"Donut","damage_taken":0,"max_hp_gain":5,"max_hp_loss":0,"event_name":"Big Fish","floor":12,"gold_loss":0},{"damage_healed":0,"gold_gain":99,"player_choice":"Stole From Cult","damage_taken":0,"max_hp_gain":0,"max_hp_loss":0,"event_name":"Nest","floor":22,"gold_loss":0}],"is_beta":false,"boss_relics":[{"not_picked":["SacredBark","Coffee Dripper"],"picked":"Philosopher\u0027s Stone"}],"items_purged_floors":[],"is_endless":false,"potions_floor_spawned":[10,11,13,14,18],"killed_by":"Book of Stabbing","ascension_level":5}}