{"host":"0srjqcvl8k9r4fi9","time":1612637043,"event":{"mods":["AchievementEnabler","BaseMod","Minty Spire (QoL Compilation)","Uncapped"],"gold_per_floor":[111,131,131,148,163,198,198,229,229,304,304,334,178,353,353,353,353],"floor_reached":16,"language":"ENG","playtime":965,"items_purged":["Strike_R"],"score":218,"play_id":"c53a30a8-dfd9-4a80-b0e3-e440a2b71050","local_time":"20210206124403","is_ascension_mode":true,"campfire_choices":[{"data":"Entrench","floor":7,"key":"SMITH"},{"data":"Havoc","floor":11,"key":"SMITH"},{"data":"Fiend Fire","floor":15,"key":"SMITH"}],"circlet_count":0,"master_deck":["Strike_R","Strike_R","Strike_R","Strike_R","Defend_R","Defend_R","Defend_R","Defend_R","Bash","Writhe","Havoc+1","Shrug It Off","Rage","Pommel Strike","Entrench+1","Warcry","Fiend Fire+1","Metallicize","Doubt"],"relics":["Burning Blood","Bird Faced Urn","Bag of Marbles","Letter Opener","Blood Vial","MealTicket"],"acts_visited":["Exordium"],"potions_floor_usage":[6,6,6,12,16],"damage_taken":[{"damage":1,"enemies":"Cultist","floor":1,"turns":3},{"damage":3,"enemies":"2 Louse","floor":2,"turns":4},{"damage":0,"enemies":"Small Slimes","floor":4,"turns":4},{"damage":9,"enemies":"2 Fungi Beasts","floor":5,"turns":4},{"damage":0,"enemies":"3 Sentries","floor":6,"turns":11},{"damage":27,"enemies":"Gremlin Nob","floor":8,"turns":4},{"damage":40,"enemies":"Lagavulin","floor":12,"turns":6},{"damage":52,"enemies":"The Guardian","floor":16,"turns":18}],"seed_played":"-2291182738860113998","potions_obtained":[{"floor":4,"key":"EntropicBrew"},{"floor":5,"key":"ColorlessPotion"}],"is_trial":false,"path_per_floor":["M","M","T","M","M","E","R","E","T","?","R","E","$","?","R","B"],"character_chosen":"IRONCLAD","items_purchased":["Metallicize"],"campfire_rested":0,"item_purchase_floors":[13],"current_hp_per_floor":[93,96,96,96,93,96,96,75,75,64,64,32,47,47,47,0,0],"gold":353,"neow_bonus":"TWENTY_PERCENT_HP_BONUS","is_daily":false,"chose_seed":false,"campfire_upgraded":3,"win_rate":0.0,"timestamp":1612637043,"path_taken":["M","M","?","M","M","E","R","E","T","?","R","E","$","?","R","BOSS"],"items_purchased_type":["Card"],"build_version":"2020-12-22","purchased_purges":1,"victory":false,"max_hp_per_floor":[96,96,96,96,96,96,96,96,96,96,96,96,96,96,96,96,96],"card_choices":[{"not_picked":["Body Slam","Shrug It Off"],"picked":"Havoc","floor":1},{"not_picked":["Uppercut","Sever Soul"],"picked":"Shrug It Off","floor":2},{"not_picked":["Wild Strike","Twin Strike"],"picked":"Rage","floor":4},{"not_picked":["Clothesline","Cleave"],"picked":"Pommel Strike","floor":5},{"not_picked":["Warcry","Inflame"],"picked":"Entrench","floor":6},{"not_picked":["Shrug It Off","Twin Strike"],"picked":"Warcry","floor":8},{"not_picked":["Heavy Blade","Disarm"],"picked":"Fiend Fire","floor":12}],"player_experience":344518,"relics_obtained":[{"floor":3,"key":"Bird Faced Urn"},{"floor":6,"key":"Bag of Marbles"},{"floor":8,"key":"Letter Opener"},{"floor":9,"key":"Blood Vial"},{"floor":12,"key":"MealTicket"}],"event_choices":[{"damage_healed":0,"gold_gain":75,"player_choice":"Gather Gold","damage_taken":11,"max_hp_gain":0,"max_hp_loss":0,"event_name":"World of Goop","floor":10,"gold_loss":0},{"damage_healed":0,"gold_gain":175,"player_choice":"AGREE","damage_taken":0,"max_hp_gain":0,"max_hp_loss":0,"event_name":"Liars Game","floor":14,"gold_loss":0,"cards_obtained":["Doubt"]}],"is_beta":false,"boss_relics":[],"items_purged_floors":[13],"is_endless":false,"potions_floor_spawned":[4,5],"killed_by":"The Guardian","ascension_level":7}}