{"host":"iblpanoclcg2giwu","time":1612648814,"event":{"mods":["BaseMod","Better Third Choice","BetterRewards","Colored Map","Downfall","Gold Saver","Googly Eyes","Highlight Path","Minty Spire (QoL Compilation)","Relic Filter Mod","Remove Card Discount Mod","StSLib"],"gold_per_floor":[1106,1122,1222,1240,1258,1258,1258,1274,821,834,853,853,869,903,917,1020,1020,920,932,944,1044,1044,1078,1124,919,931,931,941,957,957,976,992,1088,1088,1088,1101,1120,1120,1469,1369,1369,1394,1409,1509,1296,1323,1323,1323,1333,1333],"floor_reached":51,"language":"ENG","playtime":4881,"items_purged":["downfall:Haunted","downfall:Haunted","Shame"],"score":813,"play_id":"1110c408-2839-4c3f-84a5-4514f18843d3","local_time":"20210206140014","is_ascension_mode":false,"campfire_choices":[{"data":"Slimebound:CorrosiveSpit","floor":1,"key":"SMITH"},{"data":"Slimebound:SamplingLick","floor":6,"key":"SMITH"},{"data":"Slimebound:ItLooksTasty","floor":12,"key":"SMITH"},{"data":"Slimebound:Split","floor":18,"key":"SMITH"},{"floor":35,"key":"RECALL"},{"floor":40,"key":"REST"},{"floor":47,"key":"REST"}],"circlet_count":0,"master_deck":["Slimebound:Tackle","Slimebound:Defend_Slimebound","Slimebound:Defend_Slimebound","Slimebound:Defend_Slimebound","Slimebound:Defend_Slimebound","Slimebound:Split+1","Slimebound:CorrosiveSpit+1","Slimebound:SamplingLick+1","Slimebound:LivingWall","Slimebound:ItLooksTasty+1","Slimebound:LeechingTouch","Slimebound:ItLooksTasty","Slimebound:SplitBruiser+1","Slimebound:LivingWall+1","Slimebound:RejuvenatingLick+1","Slimebound:MassRepurpose+1","Slimebound:Gluttony","Slimebound:Schlurp+1","Slimebound:RallyTheTroops","Slimebound:Dissolve+1","Slimebound:SamplingLick+1","Slimebound:HauntingLick+1","Slimebound:HauntingLick+1","Bite","Bite","Bite","Bite","Bite","Slimebound:HauntingLick+1","Slimebound:MegaLick+1","RitualDagger","Slimebound:MegaLick+1","Slimebound:SlimeSlap","Slimebound:SamplingLick+1","Slimebound:AcidTongue+1","Slimebound:LeechEnergy+1","Slimebound:Gluttony+1","Slimebound:LeechEnergy+1","Slimebound:TongueLash","Slimebound:Gluttony","Slimebound:LeechEnergy","Slimebound:WasteNot+1","expansioncontent:LastStand","expansioncontent:AwakenDeath","expansioncontent:PolyBeam","Slimebound:DivideAndConquer"],"relics":["bronze:MakeshiftBattery","Toxic Egg 2","Strange Spoon","White Beast Statue","MealTicket","SacredBark","downfall:HeartBlessingGreen","Darkstone Periapt","Red Mask","Lantern","HandDrill","Fusion Hammer","Old Coin","downfall:HeartBlessingRed","Juzu Bracelet","Meat on the Bone","Toy Ornithopter","Slimebound:MaxSlimesRelic","Strawberry","Regal Pillow"],"acts_visited":["Exordium","TheCity","TheBeyond"],"potions_floor_usage":[10,11,13,15,16,16,19,19,23,25,25,28,32,32,33,36,37,39,39,42,43,44,45,45,46,50,50],"damage_taken":[{"damage":1,"enemies":"Cultist","floor":2,"turns":3},{"damage":0,"enemies":"Small Slimes","floor":4,"turns":3},{"damage":1,"enemies":"2 Louse","floor":5,"turns":3},{"damage":10,"enemies":"Large Slime","floor":8,"turns":6},{"damage":0,"enemies":"downfall:FleeingMerchant","floor":9,"turns":4},{"damage":15,"enemies":"Exordium Wildlife","floor":10,"turns":3},{"damage":0,"enemies":"Blue Slaver","floor":11,"turns":2},{"damage":0,"enemies":"2 Fungi Beasts","floor":13,"turns":2},{"damage":8,"enemies":"Lagavulin","floor":14,"turns":5},{"damage":11,"enemies":"Large Slime","floor":15,"turns":4},{"damage":5,"enemies":"DF_ARCHETYPE_STREAMLINE","floor":16,"turns":6},{"damage":0,"enemies":"3 Byrds","floor":19,"turns":3},{"damage":5,"enemies":"Shell Parasite","floor":20,"turns":3},{"damage":0,"enemies":"Masked Bandits","floor":23,"turns":3},{"damage":9,"enemies":"downfall:FleeingMerchant","floor":25,"turns":4},{"damage":0,"enemies":"Chosen and Byrds","floor":26,"turns":3},{"damage":1,"enemies":"Centurion and Healer","floor":28,"turns":5},{"damage":2,"enemies":"Snecko","floor":29,"turns":5},{"damage":5,"enemies":"3 Cultists","floor":31,"turns":4},{"damage":6,"enemies":"Snake Plant","floor":32,"turns":3},{"damage":23,"enemies":"IC_MUSHROOM_ARCHETYPE","floor":33,"turns":6},{"damage":3,"enemies":"3 Shapes","floor":36,"turns":3},{"damage":7,"enemies":"3 Darklings","floor":37,"turns":4},{"damage":18,"enemies":"2 Orb Walkers","floor":39,"turns":4},{"damage":14,"enemies":"Nemesis","floor":42,"turns":5},{"damage":0,"enemies":"Spire Growth","floor":43,"turns":2},{"damage":0,"enemies":"downfall:LadyInBlue","floor":44,"turns":4},{"damage":0,"enemies":"downfall:FleeingMerchant","floor":45,"turns":4},{"damage":16,"enemies":"Reptomancer","floor":46,"turns":6},{"damage":1,"enemies":"Sphere and 2 Shapes","floor":49,"turns":4},{"damage":21,"enemies":"SI_POISON_ARCHETYPE","floor":50,"turns":5}],"seed_played":"-1106962806975924464","potions_obtained":[{"floor":4,"key":"DistilledChaos"},{"floor":8,"key":"PowerPotion"},{"floor":10,"key":"champ:CounterPotion"},{"floor":11,"key":"SkillPotion"},{"floor":13,"key":"Slimebound:SpawnSlimePotion"},{"floor":14,"key":"FearPotion"},{"floor":15,"key":"EssenceOfSteel"},{"floor":16,"key":"LiquidMemories"},{"floor":19,"key":"GamblersBrew"},{"floor":20,"key":"Explosive Potion"},{"floor":23,"key":"BlessingOfTheForge"},{"floor":25,"key":"SpeedPotion"},{"floor":26,"key":"Ancient Potion"},{"floor":28,"key":"Regen Potion"},{"floor":29,"key":"bronze:BurnAndBuffPotion"},{"floor":31,"key":"AttackPotion"},{"floor":32,"key":"Energy Potion"},{"floor":33,"key":"DuplicationPotion"},{"floor":36,"key":"Energy Potion"},{"floor":37,"key":"hexamod:SoulburnPotion"},{"floor":39,"key":"FearPotion"},{"floor":42,"key":"Slimebound:SlimedPotion"},{"floor":43,"key":"SteroidPotion"},{"floor":44,"key":"SneckoOil"},{"floor":44,"key":"Fire Potion"},{"floor":44,"key":"BlessingOfTheForge"},{"floor":44,"key":"hexamod:SoulburnPotion"},{"floor":45,"key":"DuplicationPotion"},{"floor":46,"key":"Slimebound:SpawnSlimePotion"},{"floor":49,"key":"FearPotion"}],"is_trial":false,"path_per_floor":["R","M","?","M","M","R","T","M","$","M","M","R","M","E","M","B",null,"R","M","M","?","?","?","T","$","M","?","M","M","?","M","M","B",null,"R","M","M","?","?","R","T","E","M","?","?","E","R","?","M","B",null],"character_chosen":"SLIMEBOUND","items_purchased":["Strange Spoon","White Beast Statue","Slimebound:LeechingTouch","HandDrill","Slimebound:HauntingLick+1","Slimebound:MaxSlimesRelic","Slimebound:Gluttony","Slimebound:LeechEnergy","Strawberry"],"campfire_rested":2,"item_purchase_floors":[9,9,9,25,25,45,45,45,45],"current_hp_per_floor":[65,64,64,64,63,63,63,53,53,53,53,53,53,45,34,29,65,65,65,60,84,84,84,84,80,80,62,62,62,56,55,53,52,62,62,59,60,60,46,62,62,50,52,58,69,60,69,59,60,51],"gold":1333,"neow_bonus":"BOSS_RELIC","is_daily":false,"chose_seed":false,"campfire_upgraded":4,"win_rate":0.0,"timestamp":1612648814,"path_taken":["R","M","?","?","M","R","T","M","$","?","M","R","M","E","M","BOSS","R","M","M","?","?","?","T","$","M","?","?","M","?","M","M","BOSS","R","M","M","?","?","R","T","E","M","?","?","E","R","?","M","BOSS"],"items_purchased_type":["Relic","Relic","Card","Relic","Card","Relic","Card","Card","Relic"],"build_version":"2020-12-22","purchased_purges":3,"victory":true,"max_hp_per_floor":[65,65,65,65,65,65,65,65,65,65,65,65,65,65,65,65,65,65,65,65,89,89,89,89,89,89,62,62,62,62,62,62,62,62,62,62,62,62,62,62,62,62,62,62,69,69,69,69,69,69],"card_choices":[{"not_picked":["Slimebound:LeechingTouch","Slimebound:SplitAcid"],"picked":"Slimebound:SamplingLick","floor":2},{"not_picked":["Slimebound:FinishingTackle","Slimebound:ComboTackle","Slimebound:GoopTackle"],"picked":"SKIP","floor":4},{"not_picked":["Slimebound:FlameTackle","Slimebound:ComboTackle"],"picked":"Slimebound:LivingWall","floor":5},{"not_picked":["Slimebound:Grow","Slimebound:FinishingTackle","Slimebound:RollThrough"],"picked":"SKIP","floor":8},{"not_picked":["Slimebound:ServeAndProtect+1","Slimebound:GoopTackle"],"picked":"Slimebound:ItLooksTasty","floor":9},{"not_picked":["Slimebound:GrowthPunch","Slimebound:SlimeSlap"],"picked":"Slimebound:ItLooksTasty","floor":10},{"not_picked":["Slimebound:DivideAndConquer","Slimebound:SplitAcid+1"],"picked":"Slimebound:SplitBruiser+1","floor":11},{"not_picked":["Slimebound:GoopSpray+1","Slimebound:SlimeSpikes+1"],"picked":"Slimebound:LivingWall+1","floor":13},{"not_picked":["Slimebound:RollThrough","Slimebound:SplitAcid+1"],"picked":"Slimebound:Repurpose+1","floor":14},{"not_picked":["Slimebound:DouseInSlime+1","Slimebound:SplitBruiser+1"],"picked":"Slimebound:RejuvenatingLick+1","floor":15},{"not_picked":["Slimebound:SelfFormingGoo","Slimebound:RallyTheTroops"],"picked":"Slimebound:MassRepurpose+1","floor":16},{"not_picked":["Slimebound:SlimeSpikes+1","Slimebound:Prepare+1"],"picked":"Slimebound:Gluttony","floor":19},{"not_picked":["Slimebound:ItLooksTasty","Slimebound:Grow"],"picked":"Slimebound:Schlurp+1","floor":20},{"not_picked":["Slimebound:ForwardTackle","Slimebound:LeechingTouch"],"picked":"Slimebound:Dissolve+1","floor":23},{"not_picked":["Slimebound:LeechingTouch","Slimebound:SpikyOuterGoop"],"picked":"Slimebound:SamplingLick+1","floor":25},{"not_picked":["Slimebound:SamplingLick+1","Slimebound:SlimeSlap"],"picked":"Slimebound:HauntingLick+1","floor":26},{"not_picked":["Slimebound:SplitBruiser+1","Slimebound:LeadByExample"],"picked":"Slimebound:HauntingLick+1","floor":28},{"not_picked":["Slimebound:SplitBruiser+1","Slimebound:SlimeBrawl+1"],"picked":"Slimebound:MegaLick+1","floor":29},{"not_picked":["Slimebound:FormOfPuddle+1","Slimebound:Repurpose+1","Slimebound:SlimeSpikes+1"],"picked":"SKIP","floor":31},{"not_picked":["Slimebound:SamplingLick+1","Slimebound:FormOfPuddle+1"],"picked":"Slimebound:MegaLick+1","floor":32},{"not_picked":["Slimebound:FirmFortitude+1","Slimebound:DouseInSlime+1"],"picked":"Slimebound:SlimeSlap","floor":33},{"not_picked":["Slimebound:Equalize+1","Slimebound:LeechEnergy+1"],"picked":"Slimebound:SamplingLick+1","floor":36},{"not_picked":["Slimebound:LevelUp+1","Slimebound:Equalize+1"],"picked":"Slimebound:AcidTongue+1","floor":37},{"not_picked":["Slimebound:SplitMire+1","Slimebound:GoopSpray+1"],"picked":"Slimebound:LeechEnergy+1","floor":39},{"not_picked":["Slimebound:Prepare+1","Slimebound:LivingWall+1"],"picked":"Slimebound:Gluttony+1","floor":42},{"not_picked":["Slimebound:Replication+1","Slimebound:Chomp","Slimebound:SlimeSpikes+1"],"picked":"SKIP","floor":43},{"not_picked":["Slimebound:GrowthPunch+1","Slimebound:Equalize+1"],"picked":"Slimebound:LeechEnergy+1","floor":44},{"not_picked":["Slimebound:FlameTackle","Slimebound:RejuvenatingLick+1"],"picked":"Slimebound:TongueLash","floor":45},{"not_picked":["Slimebound:Prepare+1","Slimebound:Chomp"],"picked":"Slimebound:WasteNot+1","floor":46},{"not_picked":["expansioncontent:InvincibleStrength","expansioncontent:GuardianWhirl"],"picked":"expansioncontent:LastStand","floor":48},{"not_picked":["expansioncontent:PolyBeam","expansioncontent:YouAreMine"],"picked":"expansioncontent:AwakenDeath","floor":48},{"not_picked":["expansioncontent:AwakenDeath","expansioncontent:HyperBeam"],"picked":"expansioncontent:PolyBeam","floor":48},{"not_picked":["Slimebound:PressTheAttack","Slimebound:LeechingTouch"],"picked":"Slimebound:DivideAndConquer","floor":49}],"player_experience":142535,"relics_obtained":[{"floor":7,"key":"Toxic Egg 2"},{"floor":14,"key":"MealTicket"},{"floor":23,"key":"Red Mask"},{"floor":24,"key":"Lantern"},{"floor":39,"key":"Old Coin"},{"floor":41,"key":"Juzu Bracelet"},{"floor":42,"key":"Meat on the Bone"},{"floor":44,"key":"Toy Ornithopter"},{"floor":46,"key":"Regal Pillow"}],"event_choices":[{"damage_healed":0,"gold_gain":0,"player_choice":"Fought Bandits","damage_taken":0,"max_hp_gain":0,"max_hp_loss":0,"event_name":"Masked Bandits","floor":23,"gold_loss":0},{"damage_healed":0,"gold_gain":0,"player_choice":"Became a vampire","damage_taken":0,"max_hp_gain":0,"max_hp_loss":27,"event_name":"Vampires","floor":27,"gold_loss":0,"cards_obtained":["Bite","Bite","Bite","Bite","Bite"]},{"cards_removed":["Slimebound:Repurpose"],"damage_healed":0,"gold_gain":0,"player_choice":"Removed Skill","damage_taken":0,"max_hp_gain":0,"max_hp_loss":0,"event_name":"Falling","floor":38,"gold_loss":0},{"damage_healed":0,"gold_gain":0,"player_choice":"Fight","damage_taken":0,"max_hp_gain":0,"max_hp_loss":0,"event_name":"Mysterious Sphere","floor":39,"gold_loss":0}],"is_beta":false,"boss_relics":[{"not_picked":["SlaversCollar","Velvet Choker"],"picked":"SacredBark"},{"not_picked":["Black Star","Busted Crown"],"picked":"Fusion Hammer"}],"items_purged_floors":[45,45,45],"is_endless":false,"potions_floor_spawned":[4,8,10,11,13,14,15,16,19,20,23,25,26,28,29,31,32,33,36,37,39,42,43,44,45,46,49],"ascension_level":0}}