{"host":"jvd5k9mqzerszifx","time":1612596588,"event":{"mods":["AchievementEnabler","Act Like it!","BaseMod","Bestiary","Better Note","Better Third Choice","Colored Map","Colored Powertips","Conspire","DeckTracker","Gensokyo","GungeonMod","Hallownest","Hermit","Hubris","Infinite Spire","Jorbs\u0027s Wanderer Trilogy","Koishi","Marisa（F雨　魔理沙）","Minty Spire (QoL Compilation)","MostiFishMod","Relic Stats","Replay The Spire","Reworked Bosses","Spicy Shops","StSLib","The Administrix","The Bug Knight","The Cursed","The Hierophant","The Jungle","The Servant 0.9.4","【功能Mod】聪明的最终Boss"],"gold_per_floor":[151,193,238,289,289,289,364,364,364,364,442,502,432,507,507,798,798,840,891,891,891,1050,1050,1050,1152,1386,1326,1326,1365,1365,271,271,577,577,607,607,640,640,640,640,673,673,673,205,205,205,205,244,244,244,244,244,20,98,98],"floor_reached":56,"language":"ZHS","playtime":1325,"items_purged":[],"score":2125,"play_id":"7b1c6e19-2737-43c8-add3-83ef42a22b88","local_time":"20210206152948","is_ascension_mode":true,"campfire_choices":[{"data":"TheCursedMod:Strike_TheCursed","floor":6,"key":"PURGE"},{"data":"TheCursedMod:Strike_TheCursed","floor":6,"key":"PURGE"},{"data":"TheCursedMod:Strike_TheCursed","floor":6,"key":"PURGE"},{"data":"TheCursedMod:Defend_TheCursed","floor":6,"key":"PURGE"},{"data":"TheCursedMod:Defend_TheCursed","floor":6,"key":"PURGE"},{"data":"TheCursedMod:Defend_TheCursed","floor":6,"key":"PURGE"},{"data":"TheCursedMod:Strike_TheCursed","floor":6,"key":"SMITH"},{"data":"TheCursedMod:Defend_TheCursed","floor":6,"key":"SMITH"},{"data":"TheCursedMod:CursedWand","floor":6,"key":"SMITH"},{"data":"TheCursedMod:CleanUpWorkshop","floor":6,"key":"SMITH"},{"data":"TheCursedMod:CursedShiv","floor":6,"key":"SMITH"},{"data":"TheCursedMod:SpitefulPray","floor":6,"key":"SMITH"},{"data":"TheCursedMod:CircleOfFlame","floor":6,"key":"SMITH"},{"data":"TheCursedMod:Obscuration","floor":6,"key":"SMITH"},{"floor":6,"key":"REST"},{"floor":6,"key":"RECALL"},{"data":"TheCursedMod:SoulReap","floor":15,"key":"SMITH"},{"data":"TheCursedMod:Stretching","floor":15,"key":"SMITH"},{"floor":15,"key":"REST"},{"data":"TheCursedMod:Strike_TheCursed","floor":23,"key":"SMITH"},{"data":"TheCursedMod:AntiAging","floor":23,"key":"SMITH"},{"data":"TheCursedMod:ManaBullet","floor":23,"key":"SMITH"},{"data":"hubris:Fate","floor":23,"key":"SMITH"},{"data":"TheCursedMod:CircleOfCorruption","floor":23,"key":"SMITH"},{"data":"TheCursedMod:CircleOfFlame","floor":23,"key":"SMITH"},{"data":"TheCursedMod:Strike_TheCursed","floor":23,"key":"PURGE"},{"floor":23,"key":"REST"},{"data":"TheCursedMod:AntiAging","floor":32,"key":"SMITH"},{"data":"TheCursedMod:ReleasedStrength","floor":32,"key":"SMITH"},{"data":"TheCursedMod:CircleOfWindfury","floor":32,"key":"SMITH"},{"data":"TheCursedMod:HellsGateOpen","floor":32,"key":"SMITH"},{"data":"TheCursedMod:HellfireBreathing","floor":32,"key":"SMITH"},{"data":"TheCursedMod:HellfireBreathing","floor":32,"key":"SMITH"},{"data":"TheCursedMod:SpitefulPlan","floor":32,"key":"SMITH"},{"floor":32,"key":"REST"},{"data":"TheCursedMod:CircleOfCorruption","floor":40,"key":"SMITH"},{"data":"infinitespire:Starlight","floor":40,"key":"SMITH"},{"data":"TheCursedMod:Obscuration","floor":40,"key":"SMITH"},{"floor":40,"key":"REST"},{"data":"TheCursedMod:CircleOfFlame","floor":42,"key":"SMITH"},{"floor":42,"key":"REST"},{"data":"Dramatic Entrance","floor":49,"key":"SMITH"},{"data":"Panache","floor":49,"key":"SMITH"},{"data":"Poisoned Strike","floor":49,"key":"SMITH"},{"data":"DemoMod:Deposit","floor":49,"key":"SMITH"},{"data":"TheCursedMod:HellfireBreathing","floor":49,"key":"SMITH"},{"floor":49,"key":"REST"},{"floor":52,"key":"REST"}],"circlet_count":0,"master_deck":["TheCursedMod:CursedWand+1","TheCursedMod:CleanUpWorkshop+1","TheCursedMod:Dregs","TheCursedMod:CursedShiv+1","TheCursedMod:SpitefulPray+1","TheCursedMod:CircleOfFlame+1","TheCursedMod:SoulReap+1","TheCursedMod:BlessingInDisguise+1","TheCursedMod:AbyssShockwave+1","TheCursedMod:AntiAging+1","TheCursedMod:CursedArmor+1","TheCursedMod:NeowsMight+1","TheCursedMod:ManaBullet+1","hubris:Fate+1","TheCursedMod:CircleOfCorruption+1","TheCursedMod:CircleOfFlame+1","TheCursedMod:AntiAging+1","TheCursedMod:ReleasedStrength+1","TheCursedMod:CircleOfWindfury+1","TheCursedMod:HellsGateOpen+1","TheCursedMod:HellfireBreathing+1","TheCursedMod:HellfireBreathing+1","TheCursedMod:SpitefulPlan+1","TheCursedMod:CircleOfCorruption+1","infinitespire:Starlight+1","TheCursedMod:Obscuration+1","TheCursedMod:CircleOfFlame+1","Dramatic Entrance+1","Panache+1","Poisoned Strike+1","DemoMod:Deposit+1","TheCursedMod:HellfireBreathing+1","TheCursedMod:SpitefulStrike+1"],"relics":["TheCursedMod:BlackMagic101","Peace Pipe","Ginger","Turnip","Unceasing Top","Omamori","Ice Cream","The Courier","Medical Kit","WingedGreaves","HandDrill","Frozen Eye","Blue Candle","Civilization","DaveBox","Replay:Baseball","PatriotShield","DemoMod:GlassGuonStoneRelic","Gensokyo:LunaticRedEyes","conspire:DecoderRing","Lantern","hubris:Icosahedron","DemoMod:WhiteGuonStone","Replay:Towering Pillar of Hats","Astrolabe","ReplayTheSpireMod:EnergyBall","Simple Rune","Pantograph","hubris:CrystalStatue","ReplayTheSpireMod:CursedCoin","Durian","Onion Ring","Lizard Tail","Regal Pillow","infinitespire:FocusingShard","Anchor","Matryoshka","conspire:RunicOctahedron","Centennial Puzzle","DemoMod:Metronome","Pen Nib","Replay:Bottled Flurry","ReplayTheSpireMod:ShopPack","infinitespire:Broken Mirror","conspire:TopHat","DemoMod:PoisonVial"],"acts_visited":["Gensokyo:Gensokyo","TheCity","TheBeyond","TheEnding"],"potions_floor_usage":[37,50],"damage_taken":[{"damage":0,"enemies":"Gensokyo:2_Kodama","floor":1,"turns":1},{"damage":0,"enemies":"Gensokyo:3_Fairies","floor":2,"turns":3},{"damage":0,"enemies":"Gensokyo:Gryphon","floor":3,"turns":1},{"damage":4,"enemies":"Gensokyo:CorruptedTreant","floor":4,"turns":2},{"damage":0,"enemies":"Gensokyo:Mamizou","floor":7,"turns":3},{"damage":0,"enemies":"conspire:MimicChest","floor":11,"turns":1},{"damage":0,"enemies":"Gensokyo:3_Kodama","floor":12,"turns":1},{"damage":0,"enemies":"Gensokyo:Aya","floor":14,"turns":1},{"damage":0,"enemies":"Gensokyo:Kokoro","floor":16,"turns":2},{"damage":0,"enemies":"Chosen","floor":18,"turns":1},{"damage":0,"enemies":"2 Thieves","floor":19,"turns":1},{"damage":0,"enemies":"Gremlin Leader","floor":25,"turns":2},{"damage":0,"enemies":"Sentry and Sphere","floor":29,"turns":2},{"damage":0,"enemies":"bossMod:newChamp","floor":33,"turns":1},{"damage":0,"enemies":"3 Shapes","floor":35,"turns":2},{"damage":0,"enemies":"3 Darklings","floor":37,"turns":2},{"damage":0,"enemies":"Maw","floor":41,"turns":2},{"damage":0,"enemies":"Writhing Mass","floor":48,"turns":1},{"damage":0,"enemies":"conspire:OrnateMirror","floor":50,"turns":1},{"damage":0,"enemies":"Shield and Spear","floor":54,"turns":1},{"damage":0,"enemies":"The Heart","floor":55,"turns":3}],"seed_played":"3110398137138068934","potions_obtained":[{"floor":2,"key":"Explosive Potion"},{"floor":3,"key":"Toxic Potion"},{"floor":7,"key":"SteroidPotion"},{"floor":48,"key":"Adrenaline Potion"}],"is_trial":false,"path_per_floor":["M","M","M","M","?","R","E","?","T","?","?","M","?","E","R","B",null,"M","M","?","AVR","?","R","?","E","T","?","?","M","?","$","R","B",null,"M","?","M","?","?","R","M","R","T","$","?","?","AVR","M","R","B",null,"R","$","E","B",null],"character_chosen":"THE_CURSED","items_purchased":["ReplayTheSpireMod:CursedCoin","Durian","Onion Ring","Lizard Tail","Regal Pillow","infinitespire:FocusingShard","Anchor","Matryoshka","TheCursedMod:HellsGateOpen","TheCursedMod:HellfireBreathing","TheCursedMod:HellfireBreathing","TheCursedMod:SpitefulPlan","DemoMod:Metronome","Pen Nib","Replay:Bottled Flurry","Dramatic Entrance","infinitespire:Broken Mirror","conspire:TopHat"],"campfire_rested":8,"item_purchase_floors":[31,31,31,31,31,31,31,31,31,31,31,31,44,44,44,44,53,53],"current_hp_per_floor":[69,70,71,68,68,79,80,80,80,80,81,82,82,83,83,84,84,85,86,69,69,69,91,91,92,92,92,92,98,98,103,103,107,107,108,108,109,109,109,109,110,110,110,110,110,110,110,111,111,112,112,112,112,113,117],"gold":98,"neow_bonus":"RANDOM_COMMON_RELIC","is_daily":false,"chose_seed":false,"campfire_upgraded":32,"win_rate":0.0,"timestamp":1612596588,"path_taken":["M","?","?","M","?","R","E","?","T","?","?","?","?","E","R","BOSS","M","M","?","AVR","?","R","?","E","T","?","?","?","?","?","R","BOSS","M","?","M","?","?","R","?","R","T","$","?","?","AVR","M","R","BOSS","R","$","E","BOSS"],"items_purchased_type":["Relic","Relic","Relic","Relic","Relic","Relic","Relic","Relic","Card","Card","Card","Card","Relic","Relic","Relic","Card","Relic","Relic"],"build_version":"2020-12-22","purchased_purges":0,"victory":true,"max_hp_per_floor":[76,77,78,79,79,79,80,80,80,80,81,82,82,83,83,84,84,85,86,91,91,91,91,91,92,92,92,92,98,98,103,103,107,107,108,108,109,109,109,109,110,110,110,110,110,110,110,111,111,112,112,112,112,113,117],"relic_stats":{"Regal Pillow":0,"counters":[21,34],"Blue Candle":[0],"Astrolabe":["TheCursedMod:CursedArmor","TheCursedMod:NeowsMight","TheCursedMod:AbyssShockwave"],"Pen Nib":[3],"Ginger":[7],"Medical Kit":[0],"Peace Pipe":9,"Lizard Tail":0,"Centennial Puzzle":[0],"Pantograph":0,"Turnip":[6],"HandDrill":[8],"obtain_stats":[{"Ice Cream":0,"PatriotShield":0,"Lantern":9,"Regal Pillow":31,"hubris:CrystalStatue":26,"DaveBox":0,"DemoMod:PoisonVial":54,"DemoMod:GlassGuonStoneRelic":2,"Ginger":0,"DemoMod:WhiteGuonStone":11,"Gensokyo:LunaticRedEyes":5,"conspire:TopHat":53,"ReplayTheSpireMod:EnergyBall":21,"Frozen Eye":0,"Civilization":0,"Lizard Tail":31,"Centennial Puzzle":43,"hubris:Icosahedron":10,"Matryoshka":31,"DemoMod:Metronome":44,"conspire:DecoderRing":7,"Pantograph":25,"WingedGreaves":0,"HandDrill":0,"Replay:Bottled Flurry":44,"TheCursedMod:BlackMagic101":0,"Replay:Towering Pillar of Hats":14,"ReplayTheSpireMod:CursedCoin":31,"Blue Candle":0,"Astrolabe":17,"conspire:RunicOctahedron":34,"The Courier":0,"infinitespire:FocusingShard":31,"Pen Nib":44,"Omamori":0,"Medical Kit":0,"Peace Pipe":0,"Replay:Baseball":0,"Anchor":31,"infinitespire:Broken Mirror":53,"Simple Rune":22,"Onion Ring":31,"Turnip":0,"Durian":31,"Unceasing Top":0,"ReplayTheSpireMod:ShopPack":47},{"Ice Cream":0,"PatriotShield":0,"Lantern":5,"Regal Pillow":13,"hubris:CrystalStatue":12,"DaveBox":0,"DemoMod:PoisonVial":20,"DemoMod:GlassGuonStoneRelic":2,"Ginger":0,"DemoMod:WhiteGuonStone":6,"Gensokyo:LunaticRedEyes":4,"conspire:TopHat":19,"ReplayTheSpireMod:EnergyBall":11,"Frozen Eye":0,"Civilization":0,"Lizard Tail":13,"Centennial Puzzle":17,"hubris:Icosahedron":5,"Matryoshka":13,"DemoMod:Metronome":17,"conspire:DecoderRing":5,"Pantograph":12,"WingedGreaves":0,"HandDrill":0,"Replay:Bottled Flurry":17,"TheCursedMod:BlackMagic101":0,"Replay:Towering Pillar of Hats":8,"ReplayTheSpireMod:CursedCoin":13,"Blue Candle":0,"Astrolabe":9,"conspire:RunicOctahedron":14,"The Courier":0,"infinitespire:FocusingShard":13,"Pen Nib":17,"Omamori":0,"Medical Kit":0,"Peace Pipe":0,"Replay:Baseball":0,"Anchor":13,"infinitespire:Broken Mirror":19,"Simple Rune":11,"Onion Ring":13,"Turnip":0,"Durian":13,"Unceasing Top":0,"ReplayTheSpireMod:ShopPack":17},{"Ice Cream":0,"PatriotShield":0,"Lantern":10,"Regal Pillow":21,"hubris:CrystalStatue":19,"DaveBox":0,"DemoMod:PoisonVial":31,"DemoMod:GlassGuonStoneRelic":4,"Ginger":0,"DemoMod:WhiteGuonStone":11,"Gensokyo:LunaticRedEyes":7,"conspire:TopHat":30,"ReplayTheSpireMod:EnergyBall":17,"Frozen Eye":0,"Civilization":0,"Lizard Tail":21,"Centennial Puzzle":28,"hubris:Icosahedron":10,"Matryoshka":21,"DemoMod:Metronome":28,"conspire:DecoderRing":10,"Pantograph":19,"WingedGreaves":0,"HandDrill":0,"Replay:Bottled Flurry":28,"TheCursedMod:BlackMagic101":0,"Replay:Towering Pillar of Hats":13,"ReplayTheSpireMod:CursedCoin":21,"Blue Candle":0,"Astrolabe":15,"conspire:RunicOctahedron":22,"The Courier":0,"infinitespire:FocusingShard":21,"Pen Nib":28,"Omamori":0,"Medical Kit":0,"Peace Pipe":0,"Replay:Baseball":0,"Anchor":21,"infinitespire:Broken Mirror":30,"Simple Rune":17,"Onion Ring":21,"Turnip":0,"Durian":21,"Unceasing Top":0,"ReplayTheSpireMod:ShopPack":28}],"Unceasing Top":[0]},"card_choices":[{"not_picked":["TheCursedMod:ManaBullet","TheCursedMod:AshesToAshes"],"picked":"TheCursedMod:CursedShiv","floor":1},{"not_picked":["TheCursedMod:Obscuration","TheCursedMod:Mangle"],"picked":"TheCursedMod:SpitefulPray","floor":2},{"not_picked":["TheCursedMod:SpitefulStrike","TheCursedMod:SoulReap"],"picked":"TheCursedMod:CircleOfFlame","floor":3},{"not_picked":["TheCursedMod:CircleOfFocus","TheCursedMod:Stretching"],"picked":"TheCursedMod:Obscuration","floor":4},{"not_picked":["TheCursedMod:SurpriseAttack","TheCursedMod:RapidMovement"],"picked":"TheCursedMod:SoulReap","floor":7},{"not_picked":["TheCursedMod:CursedStaff","TheCursedMod:CursedMace"],"picked":"TheCursedMod:Evocation","floor":11},{"not_picked":["TheCursedMod:VitalStrike","TheCursedMod:SurpriseAttack"],"picked":"TheCursedMod:AbyssShockwave","floor":12},{"not_picked":["TheCursedMod:CursedAmulet","TheCursedMod:Torture"],"picked":"TheCursedMod:Stretching","floor":14},{"not_picked":["TheCursedMod:UltimatePain","TheCursedMod:ForbiddenAlchemy"],"picked":"TheCursedMod:AntiAging","floor":16},{"not_picked":["TheCursedMod:Torture","TheCursedMod:CursedAmulet"],"picked":"TheCursedMod:ManaBullet","floor":18},{"not_picked":["TheCursedMod:CursedArmor","TheCursedMod:Torture","TheCursedMod:Wield"],"picked":"SKIP","floor":19},{"not_picked":["TheCursedMod:FleshFromBone","TheCursedMod:Torture"],"picked":"TheCursedMod:CircleOfCorruption","floor":22},{"not_picked":["TheCursedMod:BloodBarrier","TheCursedMod:SpitefulStrike"],"picked":"TheCursedMod:CircleOfFlame","floor":22},{"not_picked":["TheCursedMod:Mangle","TheCursedMod:CircleOfFocus"],"picked":"TheCursedMod:AntiAging","floor":25},{"not_picked":["TheCursedMod:CircleOfCorruption","TheCursedMod:SmokeScreen+1"],"picked":"TheCursedMod:ReleasedStrength","floor":29},{"not_picked":["TheCursedMod:SpitefulStrike","TheCursedMod:SurpriseAttack+1"],"picked":"TheCursedMod:CircleOfCorruption","floor":35},{"not_picked":["TheCursedMod:FuryStrike","TheCursedMod:Wield","TheCursedMod:Obscuration"],"picked":"SKIP","floor":37},{"not_picked":["infinitespire:Execution","hubris:Rewind"],"picked":"infinitespire:Starlight","floor":38},{"not_picked":["TheCursedMod:SpitefulStrike+1","TheCursedMod:CursedShiv"],"picked":"TheCursedMod:CircleOfFlame","floor":41},{"not_picked":["MostiFishMod:ForestofLight","Thinking Ahead"],"picked":"Panache","floor":47},{"not_picked":["Replay:Sssssssssstrike","Deep Breath"],"picked":"Poisoned Strike","floor":47},{"not_picked":["Good Instincts","MostiFishMod:OneDayCity"],"picked":"DemoMod:Deposit","floor":47},{"not_picked":["TheCursedMod:BloodBarrier","TheCursedMod:EmpowerCircles+1"],"picked":"TheCursedMod:HellfireBreathing","floor":48},{"not_picked":["TheCursedMod:Torture","TheCursedMod:TacticalStrike+1"],"picked":"TheCursedMod:SpitefulStrike+1","floor":54}],"player_experience":334208,"relics_obtained":[{"floor":7,"key":"conspire:DecoderRing"},{"floor":9,"key":"Lantern"},{"floor":11,"key":"DemoMod:WhiteGuonStone"},{"floor":14,"key":"Replay:Towering Pillar of Hats"},{"floor":22,"key":"Simple Rune"},{"floor":25,"key":"Pantograph"},{"floor":26,"key":"hubris:CrystalStatue"},{"floor":43,"key":"Centennial Puzzle"},{"floor":54,"key":"DemoMod:PoisonVial"}],"event_choices":[{"damage_healed":0,"gold_gain":0,"player_choice":"Shed Blood","damage_taken":22,"max_hp_gain":5,"max_hp_loss":0,"event_name":"Forgotten Altar","floor":20,"gold_loss":0},{"damage_healed":0,"gold_gain":0,"player_choice":"Leave","damage_taken":0,"max_hp_gain":0,"max_hp_loss":0,"event_name":"conspire:Investor","floor":24,"gold_loss":0},{"cards_removed":["TheCursedMod:AbyssShockwave"],"damage_healed":0,"gold_gain":0,"player_choice":"Elegance","damage_taken":0,"max_hp_gain":0,"max_hp_loss":0,"event_name":"betterThird:BetterWriting","floor":28,"gold_loss":0},{"damage_healed":0,"gold_gain":0,"player_choice":"Read","damage_taken":0,"max_hp_gain":0,"max_hp_loss":0,"event_name":"The Library","floor":30,"gold_loss":0,"cards_obtained":["TheCursedMod:CircleOfWindfury"]},{"damage_healed":27,"gold_gain":0,"player_choice":"Writhe","damage_taken":0,"max_hp_gain":0,"max_hp_loss":0,"event_name":"Winding Halls","floor":36,"gold_loss":0,"cards_obtained":["Writhe"]},{"damage_healed":0,"gold_gain":0,"cards_transformed":["TheCursedMod:Stretching"],"player_choice":"Transformed","damage_taken":0,"max_hp_gain":0,"max_hp_loss":0,"event_name":"Transmorgrifier","floor":39,"gold_loss":0,"cards_obtained":["TheCursedMod:Obscuration"]},{"damage_healed":0,"gold_gain":0,"player_choice":"Ignored","damage_taken":0,"max_hp_gain":0,"max_hp_loss":0,"event_name":"OrinTheCat","floor":45,"gold_loss":0}],"is_beta":false,"boss_relics":[{"not_picked":["xbg","hubris:VirtuousBlindfold"],"picked":"Astrolabe"},{"not_picked":["hubris:GrandSneckoEye","conspire:SlowCooker"],"picked":"conspire:RunicOctahedron"}],"items_purged_floors":[],"is_endless":false,"potions_floor_spawned":[2,3,7,12,16,19,25,48],"ascension_level":9}}