{"host":"f5gffvlv6a66yqkd","time":1612624990,"event":{"mods":["2.2 Compatiblity","BaseMod","Colored Map","Custom Start","DeckTracker","Keyboard Shortcuts","Minty Spire (QoL Compilation)","Permanent Neow","Quick Restart","Relic Stats","StSLib","SuperFastMode"],"gold_per_floor":[118,118,118,118,118,151,171,171,196,121,121,139,164,185,185,281,281,255,44,64,64,24,24,50,66,66,90,90,90,90,90],"floor_reached":30,"language":"KOR","playtime":690,"items_purged":["Strike_B","Strike_B"],"score":542,"play_id":"d41829f0-d596-48ad-bd9d-704cb26f69fa","local_time":"20210207002310","is_ascension_mode":true,"campfire_choices":[{"floor":8.0,"key":"REST"},{"data":"Zap","floor":11.0,"key":"SMITH"},{"data":"Dualcast","floor":15.0,"key":"SMITH"},{"data":"White Noise","floor":23.0,"key":"SMITH"},{"data":"Chaos","floor":29.0,"key":"SMITH"}],"circlet_count":0,"master_deck":["AscendersBane","Defend_B","Defend_B","Defend_B+1","Zap+1","Dualcast+1","Barrage+1","Coolheaded","Undo","Glacier","White Noise+1","Core Surge","Darkness+1","Turbo","Compile Driver","Chaos+1","Amplify"],"relics":["Cracked Core","NeowsBlessing","Bloody Idol","PreservedInsect","Tiny Chest","Coffee Dripper","FossilizedHelix","Question Card"],"acts_visited":["Exordium","TheCity"],"potions_floor_usage":[],"damage_taken":[{"damage":0.0,"enemies":"Jaw Worm","floor":1.0,"turns":1.0},{"damage":0.0,"enemies":"3 Sentries","floor":6.0,"turns":1.0},{"damage":0.0,"enemies":"Small Slimes","floor":7.0,"turns":1.0},{"damage":0.0,"enemies":"2 Louse","floor":12.0,"turns":3.0},{"damage":4.0,"enemies":"Large Slime","floor":13.0,"turns":5.0},{"damage":0.0,"enemies":"Looter","floor":14.0,"turns":4.0},{"damage":15.0,"enemies":"The Guardian","floor":16.0,"turns":14.0},{"damage":6.0,"enemies":"2 Thieves","floor":18.0,"turns":4.0},{"damage":0.0,"enemies":"Shell Parasite","floor":20.0,"turns":6.0},{"damage":14.0,"enemies":"Slavers","floor":24.0,"turns":5.0},{"damage":0.0,"enemies":"Centurion and Healer","floor":25.0,"turns":6.0},{"damage":76,"enemies":"Gremlin Leader","floor":30,"turns":7}],"seed_played":"-649577007750110245","potions_obtained":[{"floor":6.0,"key":"GamblersBrew"},{"floor":12.0,"key":"SteroidPotion"},{"floor":14.0,"key":"Block Potion"},{"floor":20.0,"key":"AttackPotion"},{"floor":22.0,"key":"Fruit Juice"},{"floor":22.0,"key":"PowerPotion"}],"is_trial":false,"path_per_floor":["M","?","?","?","?","E","M","R","T","$","R","M","M","M","R","B",null,"M","$","M","?","?","R","E","M","T","T","?","R","E"],"character_chosen":"DEFECT","items_purchased":["Fruit Juice"],"campfire_rested":1,"item_purchase_floors":[19],"current_hp_per_floor":[64,43,36,41,15,15,15,37,37,37,37,37,33,33,33,18,62,56,56,61,61,66,66,57,62,62,67,67,67,0,0],"gold":90,"neow_bonus":"THREE_ENEMY_KILL","is_daily":false,"chose_seed":false,"campfire_upgraded":4,"win_rate":0.0,"timestamp":1612624990,"path_taken":["M","?","?","?","?","E","M","R","T","$","R","M","M","M","R","BOSS","M","$","M","?","?","R","E","?","T","?","?","R","E"],"items_purchased_type":["Potion"],"build_version":"2020-12-22","purchased_purges":2,"victory":false,"max_hp_per_floor":[71,71,71,76,76,76,76,76,76,76,76,76,76,76,76,76,76,76,76,81,81,86,86,86,86,86,86,86,86,86,86],"relic_stats":{"counters":[12,57],"Bloody Idol":15,"Tiny Chest":1,"PreservedInsect":85,"Question Card":0,"obtain_stats":[{"NeowsBlessing":0,"Golden Idol":5,"Bloody Idol":21,"Tiny Chest":9,"PreservedInsect":6,"Coffee Dripper":17,"Cracked Core":0,"Question Card":26,"FossilizedHelix":24},{"NeowsBlessing":0,"Golden Idol":1,"Bloody Idol":9,"Tiny Chest":3,"PreservedInsect":2,"Coffee Dripper":7,"Cracked Core":0,"Question Card":11,"FossilizedHelix":10},{"NeowsBlessing":0,"Golden Idol":1,"Bloody Idol":39,"Tiny Chest":3,"PreservedInsect":2,"Coffee Dripper":29,"Cracked Core":0,"Question Card":50,"FossilizedHelix":44}]},"card_choices":[{"not_picked":["Coolheaded","Skim"],"picked":"Barrage","floor":1.0},{"not_picked":["Steam","Consume"],"picked":"Coolheaded","floor":6.0},{"not_picked":["Beam Cell","Coolheaded"],"picked":"Undo","floor":7.0},{"not_picked":["Steam","Storm","Leap"],"picked":"SKIP","floor":12.0},{"not_picked":["Compile Driver","Redo"],"picked":"Glacier","floor":13.0},{"not_picked":["Sweeping Beam","Conserve Battery"],"picked":"White Noise","floor":14.0},{"not_picked":["Seek","Machine Learning"],"picked":"Core Surge","floor":16.0},{"not_picked":["Rebound","Redo"],"picked":"Darkness+1","floor":18.0},{"not_picked":["Compile Driver","Beam Cell"],"picked":"Turbo","floor":20.0},{"not_picked":["BootSequence","Rip and Tear"],"picked":"Compile Driver","floor":24.0},{"not_picked":["All For One","Barrage","Turbo"],"picked":"SKIP","floor":25.0}],"player_experience":1680943,"relics_obtained":[{"floor":6.0,"key":"PreservedInsect"},{"floor":9.0,"key":"Tiny Chest"},{"floor":24.0,"key":"FossilizedHelix"},{"floor":26.0,"key":"Question Card"}],"event_choices":[{"damage_healed":0.0,"max_hp_gain":0.0,"max_hp_loss":0.0,"gold_gain":0.0,"event_name":"Shining Light","player_choice":"Entered Light","floor":2.0,"gold_loss":0.0,"damage_taken":21.0,"cards_upgraded":["Defend_B","Barrage"]},{"cards_removed":["Strike_B"],"damage_healed":0.0,"max_hp_gain":0.0,"max_hp_loss":0.0,"gold_gain":0.0,"event_name":"Golden Wing","player_choice":"Card Removal","floor":3.0,"gold_loss":0.0,"damage_taken":7.0},{"damage_healed":0.0,"max_hp_gain":5.0,"max_hp_loss":0.0,"gold_gain":0.0,"event_name":"Big Fish","player_choice":"Donut","floor":4.0,"gold_loss":0.0,"damage_taken":0.0},{"damage_healed":0.0,"max_hp_gain":0.0,"max_hp_loss":0.0,"gold_gain":0.0,"event_name":"Golden Idol","player_choice":"Take Damage","floor":5.0,"gold_loss":0.0,"damage_taken":26.0,"relics_obtained":["Golden Idol"]},{"damage_healed":0.0,"max_hp_gain":0.0,"max_hp_loss":0.0,"gold_gain":0.0,"event_name":"Forgotten Altar","player_choice":"Gave Idol","floor":21.0,"relics_lost":["Golden Idol"],"gold_loss":0.0,"damage_taken":0.0,"relics_obtained":["Bloody Idol"]},{"damage_healed":0.0,"max_hp_gain":0.0,"max_hp_loss":0.0,"gold_gain":0.0,"event_name":"The Woman in Blue","player_choice":"Bought 3 Potions","floor":22.0,"gold_loss":0.0,"damage_taken":0.0},{"damage_healed":0.0,"max_hp_gain":0.0,"max_hp_loss":0.0,"gold_gain":0.0,"cards_transformed":["Defend_B","Strike_B"],"event_name":"Drug Dealer","player_choice":"Became Test Subject","floor":28.0,"gold_loss":0.0,"damage_taken":0.0,"cards_obtained":["Chaos","Amplify"]}],"is_beta":false,"boss_relics":[{"not_picked":["Fusion Hammer","Runic Pyramid"],"picked":"Coffee Dripper"}],"items_purged_floors":[10,19],"is_endless":false,"potions_floor_spawned":[6,12,14,20],"killed_by":"Gremlin Leader","ascension_level":20}}