{"host":"2ty4h143nj8vwezc","time":1612638178,"event":{"mods":["BaseMod","Colored Map","Googly Eyes","Highlight Path","Minty Spire (QoL Compilation)","Quick Restart","StSLib"],"gold_per_floor":[118,118,43,43,58,91,91,116,116,41,82,82,102,42,42,42,42],"floor_reached":16,"language":"ENG","playtime":533,"items_purged":["Regret"],"score":266,"play_id":"7626c8b8-f099-4efe-8d57-2f104e95eabc","local_time":"20210206140258","is_ascension_mode":true,"campfire_choices":[{"floor":7,"key":"RECALL"},{"floor":15,"key":"REST"}],"circlet_count":0,"master_deck":["AscendersBane","Strike_G","Strike_G","Strike_G","Strike_G","Strike_G","Defend_G","Defend_G","Defend_G","Defend_G","Defend_G","Survivor","Neutralize","PiercingWail","Injury","Footwork","Caltrops","Bullet Time"],"relics":["Ring of the Snake","NeowsBlessing","Pear","Golden Idol","Meat on the Bone","Bag of Preparation","Omamori"],"acts_visited":["Exordium"],"potions_floor_usage":[8,11,16,16],"damage_taken":[{"damage":0,"enemies":"2 Louse","floor":1,"turns":1},{"damage":0,"enemies":"Small Slimes","floor":5,"turns":1},{"damage":0,"enemies":"Lagavulin","floor":6,"turns":1},{"damage":6,"enemies":"Jaw Worm","floor":8,"turns":9},{"damage":15,"enemies":"3 Sentries","floor":11,"turns":10},{"damage":6,"enemies":"3 Louse","floor":13,"turns":3},{"damage":5,"enemies":"Looter","floor":14,"turns":5},{"damage":42,"enemies":"The Guardian","floor":16,"turns":12}],"seed_played":"4873315731453860473","potions_obtained":[{"floor":5,"key":"ColorlessPotion"},{"floor":6,"key":"Block Potion"},{"floor":11,"key":"SkillPotion"},{"floor":13,"key":"EssenceOfSteel"}],"is_trial":false,"path_per_floor":["M","?","$","?","M","E","R","M","T","$","E","?","M","M","R","B"],"character_chosen":"THE_SILENT","items_purchased":["Caltrops"],"campfire_rested":1,"item_purchase_floors":[10],"current_hp_per_floor":[59,69,69,69,69,69,69,63,63,63,48,13,19,26,48,6,6],"gold":42,"neow_bonus":"THREE_ENEMY_KILL","is_daily":false,"chose_seed":false,"campfire_upgraded":0,"win_rate":0.0,"timestamp":1612638178,"path_taken":["M","?","$","?","M","E","R","M","T","$","E","?","?","M","R","BOSS"],"items_purchased_type":["Card"],"build_version":"2020-12-22","purchased_purges":1,"victory":false,"max_hp_per_floor":[66,76,76,76,76,76,76,76,76,76,76,76,76,76,76,76,76],"card_choices":[{"not_picked":["Riddle With Holes","Leg Sweep"],"picked":"PiercingWail","floor":1},{"not_picked":["Backflip","Poisoned Stab","Calculated Gamble"],"picked":"SKIP","floor":5},{"not_picked":["Bane","Flechettes"],"picked":"Footwork","floor":6},{"not_picked":["Slice","Bane","Backflip"],"picked":"SKIP","floor":8},{"not_picked":["Outmaneuver","Choke"],"picked":"Bullet Time","floor":11},{"not_picked":["Outmaneuver","Underhanded Strike","Acrobatics"],"picked":"SKIP","floor":13},{"not_picked":["Outmaneuver","Dodge and Roll","Eviscerate"],"picked":"SKIP","floor":14}],"player_experience":355336,"relics_obtained":[{"floor":6,"key":"Meat on the Bone"},{"floor":11,"key":"Bag of Preparation"}],"event_choices":[{"damage_healed":0,"gold_gain":0,"player_choice":"Box","damage_taken":0,"relics_obtained":["Pear"],"max_hp_gain":0,"max_hp_loss":0,"event_name":"Big Fish","floor":2,"gold_loss":0,"cards_obtained":["Regret"]},{"damage_healed":0,"gold_gain":0,"player_choice":"Take Wound","damage_taken":0,"relics_obtained":["Golden Idol"],"max_hp_gain":0,"max_hp_loss":0,"event_name":"Golden Idol","floor":4,"gold_loss":0,"cards_obtained":["Injury"]},{"damage_healed":0,"gold_gain":0,"player_choice":"Success","damage_taken":35,"relics_obtained":["Omamori"],"max_hp_gain":0,"max_hp_loss":0,"event_name":"Scrap Ooze","floor":12,"gold_loss":0}],"is_beta":false,"boss_relics":[],"items_purged_floors":[3],"is_endless":false,"potions_floor_spawned":[5,6,11,13],"killed_by":"The Guardian","ascension_level":20}}