{"host":"April","time":1612583613,"event":{"mods":["BaseMod","Minty Spire (QoL Compilation)"],"gold_per_floor":[114,114,127,145,158,186,186,186,209,240,265,7,31,69,69,194,194,218,20,59,334,352,352,391,1,1,21,21,21,36,74,74,200,200,219,219,239,262,275,275,295,8,58,391,613,613,613],"floor_reached":46,"language":"ENG","playtime":3803,"items_purged":["Regret"],"score":554,"play_id":"801a60e0-620a-4fd0-9fd2-7998d9ba73d7","local_time":"20210205195333","is_ascension_mode":true,"campfire_choices":[{"floor":8.0,"key":"REST"},{"floor":15.0,"key":"REST"},{"floor":23.0,"key":"REST"},{"data":"Seek","floor":29.0,"key":"SMITH"},{"floor":32.0,"key":"REST"},{"floor":40,"key":"REST"}],"circlet_count":0,"master_deck":["Strike_B","Strike_B","Strike_B","Strike_B","Defend_B","Defend_B","Defend_B","Defend_B","Zap","Compile Driver","Electrodynamics","Rip and Tear","Beam Cell","Meteor Strike","Genetic Algorithm","Static Discharge","Consume","Biased Cognition","Echo Form","Cold Snap","Conserve Battery","Coolheaded","Steam+1","Seek+1","Capacitor","Capacitor","Defragment","Doom and Gloom","Turbo","Turbo+1","Core Surge","Barrage+1","Strike_B","Hologram+1","Capacitor","Sweeping Beam+1","Core Surge","Normality"],"relics":["Cracked Core","Regal Pillow","Centennial Puzzle","Smiling Mask","Potion Belt","InkBottle","Letter Opener","Nuclear Battery","Nunchaku","Red Mask","The Courier","Singing Bowl","Symbiotic Virus","Mercury Hourglass","Cursed Key","Bag of Preparation","OrangePellets","Bronze Scales"],"acts_visited":["Exordium","TheCity","TheBeyond"],"potions_floor_usage":[39,41],"damage_taken":[{"damage":0.0,"enemies":"Small Slimes","floor":1.0,"turns":2.0},{"damage":6.0,"enemies":"Cultist","floor":3.0,"turns":3.0},{"damage":6.0,"enemies":"Jaw Worm","floor":4.0,"turns":2.0},{"damage":10.0,"enemies":"Exordium Thugs","floor":5.0,"turns":3.0},{"damage":28.0,"enemies":"Gremlin Nob","floor":6.0,"turns":4.0},{"damage":21.0,"enemies":"Lagavulin","floor":10.0,"turns":5.0},{"damage":5.0,"enemies":"3 Louse","floor":11.0,"turns":2.0},{"damage":0.0,"enemies":"Exordium Wildlife","floor":13.0,"turns":3.0},{"damage":14.0,"enemies":"Gremlin Nob","floor":14.0,"turns":3.0},{"damage":31.0,"enemies":"Hexaghost","floor":16.0,"turns":9.0},{"damage":31.0,"enemies":"Shell Parasite","floor":18.0,"turns":3.0},{"damage":4.0,"enemies":"Masked Bandits","floor":20.0,"turns":3.0},{"damage":8.0,"enemies":"2 Thieves","floor":22.0,"turns":3.0},{"damage":19.0,"enemies":"Gremlin Leader","floor":24.0,"turns":6.0},{"damage":4.0,"enemies":"Snake Plant","floor":27.0,"turns":5.0},{"damage":1.0,"enemies":"Cultist and Chosen","floor":30.0,"turns":5.0},{"damage":11.0,"enemies":"Slavers","floor":31.0,"turns":4.0},{"damage":17.0,"enemies":"Collector","floor":33.0,"turns":7.0},{"damage":6.0,"enemies":"Orb Walker","floor":35.0,"turns":3.0},{"damage":22.0,"enemies":"3 Darklings","floor":37.0,"turns":4.0},{"damage":13,"enemies":"Writhing Mass","floor":38,"turns":6},{"damage":0,"enemies":"Transient","floor":39,"turns":5},{"damage":8,"enemies":"Jaw Worm Horde","floor":41,"turns":4},{"damage":67,"enemies":"Giant Head","floor":46,"turns":7}],"seed_played":"2445398001356560565","potions_obtained":[{"floor":5.0,"key":"PotionOfCapacity"},{"floor":6.0,"key":"Energy Potion"},{"floor":10.0,"key":"Explosive Potion"},{"floor":11.0,"key":"GamblersBrew"},{"floor":13.0,"key":"LiquidBronze"},{"floor":18.0,"key":"SkillPotion"},{"floor":20.0,"key":"FocusPotion"},{"floor":30.0,"key":"FocusPotion"},{"floor":31.0,"key":"FearPotion"},{"floor":33.0,"key":"DuplicationPotion"},{"floor":38,"key":"PotionOfCapacity"},{"floor":39,"key":"AttackPotion"}],"is_trial":false,"path_per_floor":["M","?","M","M","M","E","?","R","T","E","M","$","M","E","R","B",null,"M","$","?","?","M","R","E","$","T","M","$","R","M","E","R","B",null,"M","?","M","M","M","R","M","$","T","?","?","E"],"character_chosen":"DEFECT","items_purchased":["InkBottle","Nunchaku","Conserve Battery","Capacitor","Capacitor","Defragment","Singing Bowl","Bag of Preparation","OrangePellets","Core Surge"],"campfire_rested":5,"item_purchase_floors":[12,19,19,25,25,25,25,42,42,42],"current_hp_per_floor":[75,75,69,63,53,25,7,44,44,23,18,18,18,4,41,10,75,44,44,40,40,32,69,50,50,50,46,46,46,45,34,71,54,75,69,69,47,34,36,74,66,66,66,66,66,0,0],"gold":613,"neow_bonus":"RANDOM_COMMON_RELIC","is_daily":false,"chose_seed":false,"campfire_upgraded":1,"win_rate":0.0,"timestamp":1612583613,"path_taken":["M","?","M","?","M","E","?","R","T","E","M","?","M","E","R","BOSS","M","$","?","?","M","R","E","$","T","?","?","R","?","E","R","BOSS","M","?","M","?","M","R","M","$","T","?","?","E"],"items_purchased_type":["Relic","Relic","Card","Card","Card","Card","Relic","Relic","Relic","Card"],"build_version":"2020-12-18","purchased_purges":1,"victory":false,"max_hp_per_floor":[75,75,75,75,75,75,75,75,75,75,75,75,75,75,75,75,75,75,75,75,75,75,75,75,75,75,75,75,75,75,75,75,75,75,75,75,75,75,77,77,77,77,77,77,77,77,77],"card_choices":[{"not_picked":["Conserve Battery","Leap"],"picked":"Compile Driver","floor":1.0},{"not_picked":["Compile Driver","Barrage"],"picked":"Rip and Tear","floor":3.0},{"not_picked":["Undo","Blizzard"],"picked":"Lockon","floor":4.0},{"not_picked":["Steam","Chaos"],"picked":"Beam Cell","floor":5.0},{"not_picked":["Sweeping Beam","Blizzard"],"picked":"Meteor Strike","floor":6.0},{"not_picked":["Hello World","Ball Lightning"],"picked":"Genetic Algorithm","floor":10.0},{"not_picked":["Double Energy","Storm"],"picked":"Static Discharge","floor":11.0},{"not_picked":["Rip and Tear","Compile Driver"],"picked":"Consume","floor":13.0},{"not_picked":["Conserve Battery","Coolheaded"],"picked":"Biased Cognition","floor":14.0},{"not_picked":["Biased Cognition","Fission"],"picked":"Echo Form","floor":16.0},{"not_picked":["Steam","Loop+1"],"picked":"Cold Snap","floor":18.0},{"not_picked":["Reprogram+1","Undo"],"picked":"Coolheaded","floor":20.0},{"not_picked":["Go for the Eyes","Compile Driver"],"picked":"Steam+1","floor":22.0},{"not_picked":["Consume","Heatsinks"],"picked":"Seek","floor":24.0},{"not_picked":["Turbo+1","Reprogram+1"],"picked":"Doom and Gloom","floor":27.0},{"not_picked":["White Noise","Sweeping Beam"],"picked":"Turbo","floor":30.0},{"not_picked":["Go for the Eyes","Recycle+1"],"picked":"Turbo+1","floor":31.0},{"not_picked":["Seek","Reboot"],"picked":"Core Surge","floor":33.0},{"not_picked":["Stack","Ball Lightning+1"],"picked":"Barrage+1","floor":35.0},{"not_picked":["Leap+1","Barrage+1"],"picked":"Hologram+1","floor":37.0},{"not_picked":["Steam+1","Leap+1"],"picked":"Capacitor","floor":38},{"not_picked":["Rebound+1","Beam Cell","Coolheaded+1"],"picked":"Singing Bowl","floor":39},{"not_picked":["Hologram","Go for the Eyes+1"],"picked":"Sweeping Beam+1","floor":41}],"player_experience":2632618,"relics_obtained":[{"floor":6.0,"key":"Centennial Puzzle"},{"floor":9.0,"key":"Smiling Mask"},{"floor":10.0,"key":"Potion Belt"},{"floor":14.0,"key":"Letter Opener"},{"floor":20.0,"key":"Red Mask"},{"floor":24.0,"key":"The Courier"},{"floor":26.0,"key":"Symbiotic Virus"},{"floor":31.0,"key":"Mercury Hourglass"},{"floor":43,"key":"Bronze Scales"}],"event_choices":[{"damage_healed":0.0,"max_hp_gain":0.0,"max_hp_loss":0.0,"gold_gain":0.0,"cards_transformed":["Dualcast"],"event_name":"Transmorgrifier","player_choice":"Transformed","floor":2.0,"gold_loss":0.0,"damage_taken":0.0,"cards_obtained":["Electrodynamics"]},{"damage_healed":0.0,"max_hp_gain":0.0,"max_hp_loss":0.0,"gold_gain":0.0,"event_name":"Golden Idol","player_choice":"Take Damage","floor":7.0,"gold_loss":0.0,"damage_taken":18.0,"relics_obtained":["Golden Idol"]},{"damage_healed":0.0,"max_hp_gain":0.0,"max_hp_loss":0.0,"gold_gain":0.0,"event_name":"Masked Bandits","player_choice":"Fought Bandits","floor":20.0,"gold_loss":0.0,"damage_taken":0.0},{"damage_healed":0.0,"max_hp_gain":0.0,"max_hp_loss":0.0,"gold_gain":275.0,"event_name":"Golden Shrine","player_choice":"Desecrate","floor":21.0,"gold_loss":0.0,"damage_taken":0.0,"cards_obtained":["Regret"]},{"cards_removed":["Lockon"],"damage_healed":0.0,"max_hp_gain":0.0,"max_hp_loss":0.0,"gold_gain":0.0,"event_name":"NoteForYourself","player_choice":"Took Card","floor":36.0,"gold_loss":0.0,"damage_taken":0.0,"cards_obtained":["Strike_B"]},{"damage_healed":0,"gold_gain":333,"player_choice":"Gave Idol","damage_taken":0,"max_hp_gain":0,"max_hp_loss":0,"event_name":"The Moai Head","floor":44,"relics_lost":["Golden Idol"],"gold_loss":0},{"damage_healed":0,"gold_gain":222,"player_choice":"Wore Mask","damage_taken":0,"max_hp_gain":0,"max_hp_loss":0,"event_name":"Tomb of Lord Red Mask","floor":45,"gold_loss":0}],"is_beta":true,"boss_relics":[{"not_picked":["FrozenCore","Pandora\u0027s Box"],"picked":"Nuclear Battery"},{"not_picked":["Busted Crown","SlaversCollar"],"picked":"Cursed Key"}],"items_purged_floors":[25],"is_endless":false,"potions_floor_spawned":[5,6,10,11,13,18,20,30,31,33,38,39],"killed_by":"Giant Head","ascension_level":1}}