{"host":"0t49mrxx90xkfqmj","time":1612629783,"event":{"mods":["AchievementEnabler","BaseMod","Colored Map","Colored Powertips","Minty Spire (QoL Compilation)","Relic Stats","Synergy Search"],"gold_per_floor":[118,218,231,247,266,266,299,319,369,402,402,413,147,147,147,242,242,257,268,45,57,57,57,86,86,86],"floor_reached":25,"language":"ENG","playtime":1662,"items_purged":["Strike_G"],"score":295,"play_id":"7453088e-68e0-4d40-a393-16dcfe73cfe6","local_time":"20210206184303","is_ascension_mode":true,"campfire_choices":[{"data":"Envenom","floor":6.0,"key":"SMITH"},{"floor":15.0,"key":"REST"},{"data":"A Thousand Cuts","floor":23.0,"key":"SMITH"}],"circlet_count":0,"master_deck":["Strike_G","Strike_G","Strike_G","Strike_G","Defend_G","Defend_G","Defend_G","Defend_G","Defend_G","Survivor","Neutralize","Dagger Throw","PiercingWail","Prepared","Envenom+1","Cloak And Dagger","Blade Dance","Storm of Steel","Well Laid Plans","A Thousand Cuts+1","Terror","Noxious Fumes","Escape Plan+1","Cloak And Dagger+1"],"relics":["HoveringKite","Bronze Scales","PreservedInsect","Eternal Feather","Snake Skull","WristBlade","Oddly Smooth Stone","Vajra"],"acts_visited":["Exordium","TheCity"],"potions_floor_usage":[25,25],"damage_taken":[{"damage":0.0,"enemies":"Cultist","floor":1.0,"turns":5.0},{"damage":2.0,"enemies":"Jaw Worm","floor":3.0,"turns":4.0},{"damage":0.0,"enemies":"2 Louse","floor":4.0,"turns":3.0},{"damage":1.0,"enemies":"2 Fungi Beasts","floor":5.0,"turns":4.0},{"damage":39.0,"enemies":"3 Sentries","floor":7.0,"turns":14.0},{"damage":11.0,"enemies":"Lots of Slimes","floor":8.0,"turns":5.0},{"damage":0.0,"enemies":"Gremlin Nob","floor":10.0,"turns":3.0},{"damage":7.0,"enemies":"Exordium Thugs","floor":12.0,"turns":4.0},{"damage":0.0,"enemies":"3 Sentries","floor":14.0,"turns":2.0},{"damage":23.0,"enemies":"Slime Boss","floor":16.0,"turns":9.0},{"damage":22.0,"enemies":"Spheric Guardian","floor":18.0,"turns":4.0},{"damage":13.0,"enemies":"Shell Parasite","floor":19.0,"turns":6.0},{"damage":6.0,"enemies":"Cultist and Chosen","floor":21.0,"turns":6.0},{"damage":32.0,"enemies":"Slavers","floor":24.0,"turns":4.0},{"damage":12,"enemies":"Shelled Parasite and Fungi","floor":25,"turns":4}],"seed_played":"967636220274306869","potions_obtained":[{"floor":3.0,"key":"Swift Potion"},{"floor":5.0,"key":"SteroidPotion"},{"floor":7.0,"key":"SmokeBomb"},{"floor":19.0,"key":"Strength Potion"},{"floor":24.0,"key":"Fire Potion"}],"is_trial":false,"path_per_floor":["M","?","M","M","M","R","E","M","T","E","?","M","$","E","R","B",null,"M","M","$","M","$","R","E","M"],"character_chosen":"THE_SILENT","items_purchased":["Well Laid Plans","Snake Skull","Oddly Smooth Stone","Noxious Fumes"],"campfire_rested":1,"item_purchase_floors":[13,13,20,20],"current_hp_per_floor":[70,70,68,68,67,67,28,17,17,17,17,10,10,10,40,17,70,48,35,35,29,29,41,9,0,0],"gold":86,"neow_bonus":"BOSS_RELIC","is_daily":false,"chose_seed":false,"campfire_upgraded":2,"win_rate":0.0,"timestamp":1612629783,"path_taken":["M","?","?","M","M","R","E","?","T","E","?","M","$","E","R","BOSS","M","M","$","M","?","R","E","M"],"items_purchased_type":["Card","Relic","Relic","Card"],"build_version":"2020-12-22","purchased_purges":1,"victory":false,"max_hp_per_floor":[70,70,70,70,70,70,70,70,70,70,70,70,70,70,70,70,70,70,70,70,70,70,70,70,70,70],"relic_stats":{"counters":[15,77],"Bronze Scales":[126],"HoveringKite":[36],"Eternal Feather":21,"PreservedInsect":90,"Snake Skull":[54],"obtain_stats":[{"WristBlade":17,"Bronze Scales":7,"HoveringKite":0,"Oddly Smooth Stone":20,"Vajra":24,"Eternal Feather":10,"PreservedInsect":9,"Snake Skull":13,"Ring of the Snake":0},{"WristBlade":10,"Bronze Scales":5,"HoveringKite":0,"Oddly Smooth Stone":12,"Vajra":14,"Eternal Feather":7,"PreservedInsect":6,"Snake Skull":8,"Ring of the Snake":0},{"WristBlade":53,"Bronze Scales":30,"HoveringKite":0,"Oddly Smooth Stone":63,"Vajra":73,"Eternal Feather":38,"PreservedInsect":35,"Snake Skull":42,"Ring of the Snake":0}]},"card_choices":[{"not_picked":["Slice","Endless Agony"],"picked":"Dagger Throw","floor":1.0},{"not_picked":["Backstab","Catalyst"],"picked":"PiercingWail","floor":3.0},{"not_picked":["Acrobatics","Backflip"],"picked":"Prepared","floor":4.0},{"not_picked":["Dagger Spray","Bane"],"picked":"Envenom","floor":5.0},{"not_picked":["Bane","Backstab"],"picked":"Cloak And Dagger","floor":7.0},{"not_picked":["Bane","Dodge and Roll"],"picked":"Blade Dance","floor":8.0},{"not_picked":["Heel Hook","Acrobatics"],"picked":"Storm of Steel","floor":10.0},{"not_picked":["Tactician","Blur","All Out Attack"],"picked":"SKIP","floor":12.0},{"not_picked":["Grand Finale","Wraith Form v2"],"picked":"A Thousand Cuts","floor":16.0},{"not_picked":["Reflex","Blur","Tactician"],"picked":"SKIP","floor":18.0},{"not_picked":["Deadly Poison","Acrobatics"],"picked":"Terror","floor":19.0},{"not_picked":["Heel Hook","Underhanded Strike+1"],"picked":"Escape Plan+1","floor":21.0},{"not_picked":["Storm of Steel","Sucker Punch"],"picked":"Cloak And Dagger+1","floor":24.0}],"player_experience":207754,"relics_obtained":[{"floor":7.0,"key":"Bronze Scales"},{"floor":9.0,"key":"PreservedInsect"},{"floor":10.0,"key":"Eternal Feather"},{"floor":24.0,"key":"Vajra"}],"event_choices":[{"damage_healed":0.0,"max_hp_gain":0.0,"max_hp_loss":0.0,"gold_gain":100.0,"event_name":"Golden Shrine","player_choice":"Pray","floor":2.0,"gold_loss":0.0,"damage_taken":0.0},{"damage_healed":0.0,"max_hp_gain":0.0,"max_hp_loss":0.0,"gold_gain":0.0,"event_name":"The Woman in Blue","player_choice":"Bought 0 Potions","floor":11.0,"gold_loss":0.0,"damage_taken":0.0}],"is_beta":false,"boss_relics":[{"not_picked":["Runic Pyramid","SacredBark"],"picked":"WristBlade"}],"items_purged_floors":[13],"is_endless":false,"potions_floor_spawned":[3,5,7,14,19,24],"killed_by":"Shelled Parasite and Fungi","ascension_level":2}}