{"host":"oigynbtg272c19pw","time":1612615117,"event":{"mods":["BaseMod","Colored Map","Minty Spire (QoL Compilation)","Relic Stats","Slay the Relics Exporter","StSLib"],"gold_per_floor":[111,0,12,12,12,46,46,66,66,26,52,64,64,7,7,80,80,80,80,80,5,5,5,5],"floor_reached":23,"playtime":622,"items_purged":["Strike_P"],"score":548,"play_id":"9d23d29a-423f-4a93-acf8-9acf2b67153c","local_time":"20210206133837","is_ascension_mode":true,"campfire_choices":[{"data":"EmptyFist","floor":13.0,"key":"SMITH"},{"data":"Ragnarok","floor":15.0,"key":"SMITH"}],"circlet_count":0,"master_deck":["AscendersBane","Strike_P+1","Strike_P","Strike_P","Defend_P+1","Defend_P","Defend_P","Defend_P","Eruption","Vigilance","CutThroughFate","EmptyFist+1","FlurryOfBlows","ReachHeaven","Consecrate","WaveOfTheHand","Ragnarok+1","FlurryOfBlows","SpiritShield","BattleHymn+1","DeceiveReality","Tantrum","DeceiveReality+1"],"relics":["PureWater","NeowsBlessing","Ornamental Fan","Pear","Shuriken","StoneCalendar","Ectoplasm","Red Mask"],"acts_visited":["Exordium","TheCity"],"potions_floor_usage":[23],"damage_taken":[{"damage":0.0,"enemies":"2 Louse","floor":1.0,"turns":2.0},{"damage":0.0,"enemies":"Jaw Worm","floor":3.0,"turns":1.0},{"damage":0.0,"enemies":"3 Sentries","floor":6.0,"turns":1.0},{"damage":1.0,"enemies":"Small Slimes","floor":8.0,"turns":2.0},{"damage":3.0,"enemies":"Gremlin Nob","floor":11.0,"turns":3.0},{"damage":4.0,"enemies":"Red Slaver","floor":12.0,"turns":3.0},{"damage":0.0,"enemies":"Slime Boss","floor":16.0,"turns":5.0},{"damage":13,"enemies":"Chosen","floor":18,"turns":5},{"damage":20,"enemies":"Shell Parasite","floor":19,"turns":4},{"damage":1,"enemies":"Chosen and Byrds","floor":20,"turns":5},{"damage":0,"enemies":"Masked Bandits","floor":22,"turns":2},{"damage":25,"enemies":"Slavers","floor":23,"turns":3}],"seed_played":"-8076679486518573871","potions_obtained":[{"floor":3.0,"key":"Strength Potion"},{"floor":6.0,"key":"BlessingOfTheForge"},{"floor":10.0,"key":"Fruit Juice"},{"floor":10.0,"key":"ColorlessPotion"},{"floor":19,"key":"BottledMiracle"}],"is_trial":false,"path_per_floor":["M","$","M","?","?","E","$","M","T","?","E","M","R","?","R","B",null,"M","M","M","$","?","E"],"character_chosen":"WATCHER","items_purchased":["EmptyFist","FlurryOfBlows"],"campfire_rested":0,"item_purchase_floors":[2,2],"current_hp_per_floor":[61,61,61,41,15,25,25,24,24,29,26,22,22,22,22,22,68,55,35,34,34,34,9,9],"gold":5,"neow_bonus":"THREE_ENEMY_KILL","is_daily":false,"chose_seed":false,"campfire_upgraded":2,"win_rate":0.0,"timestamp":1612615117,"path_taken":["M","$","M","?","?","E","$","?","T","?","E","?","R","?","R","BOSS","M","M","M","$","?","E"],"items_purchased_type":["Card","Card"],"build_version":"2020-12-13","purchased_purges":1,"victory":false,"max_hp_per_floor":[68,68,68,68,68,78,78,78,78,83,83,83,83,83,83,83,83,83,83,83,83,83,83,83],"relic_stats":{"counters":[12,36],"Ornamental Fan":[68],"Shuriken":[15],"StoneCalendar":[0],"Ectoplasm":69,"obtain_stats":[{"Pear":6,"NeowsBlessing":0,"Ornamental Fan":5,"Shuriken":9,"StoneCalendar":11,"Ectoplasm":17,"Red Mask":22,"PureWater":0},{"Pear":3,"NeowsBlessing":0,"Ornamental Fan":2,"Shuriken":4,"StoneCalendar":5,"Ectoplasm":7,"Red Mask":11,"PureWater":0},{"Pear":4,"NeowsBlessing":0,"Ornamental Fan":3,"Shuriken":6,"StoneCalendar":9,"Ectoplasm":17,"Red Mask":33,"PureWater":0}]},"card_choices":[{"not_picked":["Pray","Collect"],"picked":"CutThroughFate","floor":1.0},{"not_picked":["Swivel","EmptyFist"],"picked":"ReachHeaven","floor":3.0},{"not_picked":["SashWhip","FollowUp"],"picked":"Consecrate","floor":6.0},{"not_picked":["FollowUp","Indignation"],"picked":"WaveOfTheHand","floor":8.0},{"not_picked":["EmptyFist","CutThroughFate"],"picked":"Ragnarok","floor":11.0},{"not_picked":["EmptyBody","FlyingSleeves"],"picked":"FlurryOfBlows","floor":12.0},{"not_picked":["DevaForm","Judgement"],"picked":"SpiritShield","floor":16.0},{"not_picked":["Crescendo","Protect"],"picked":"BattleHymn+1","floor":18},{"not_picked":["Collect","LikeWater"],"picked":"DeceiveReality","floor":19},{"not_picked":["Halt","ClearTheMind"],"picked":"Tantrum","floor":20},{"not_picked":["FlyingSleeves","Weave"],"picked":"DeceiveReality+1","floor":22}],"player_experience":1549874,"relics_obtained":[{"floor":6.0,"key":"Pear"},{"floor":9.0,"key":"Shuriken"},{"floor":11.0,"key":"StoneCalendar"},{"floor":22,"key":"Red Mask"}],"event_choices":[{"damage_healed":0.0,"max_hp_gain":0.0,"max_hp_loss":0.0,"gold_gain":0.0,"event_name":"Shining Light","player_choice":"Entered Light","floor":4.0,"gold_loss":0.0,"damage_taken":20.0,"cards_upgraded":["Strike_P","Defend_P"]},{"damage_healed":0.0,"max_hp_gain":0.0,"max_hp_loss":0.0,"gold_gain":0.0,"event_name":"Scrap Ooze","player_choice":"Success","floor":5.0,"gold_loss":0.0,"damage_taken":26.0,"relics_obtained":["Ornamental Fan"]},{"damage_healed":0.0,"max_hp_gain":0.0,"max_hp_loss":0.0,"gold_gain":0.0,"event_name":"The Woman in Blue","player_choice":"Bought 3 Potions","floor":10.0,"gold_loss":0.0,"damage_taken":0.0},{"damage_healed":0.0,"max_hp_gain":0.0,"max_hp_loss":0.0,"gold_gain":0.0,"event_name":"World of Goop","player_choice":"Left Gold","floor":14.0,"gold_loss":57.0,"damage_taken":0.0},{"damage_healed":0,"gold_gain":0,"player_choice":"Fought Bandits","damage_taken":0,"max_hp_gain":0,"max_hp_loss":0,"event_name":"Masked Bandits","floor":22,"gold_loss":0}],"is_beta":false,"boss_relics":[{"not_picked":["Calling Bell","SlaversCollar"],"picked":"Ectoplasm"}],"items_purged_floors":[21],"is_endless":false,"potions_floor_spawned":[3,6,19],"killed_by":"Slavers","ascension_level":20}}