{"host":"njo8qgvy2a57fcny","time":1612631919,"event":{"mods":["Aspiration","BaseMod","BetterRewards","CCEM2","Colored Map","Colored Powertips","Conspire","Custom Start","Downfall","Energized Spire","GifTheSpireLib","Halation","Hermit","Hubris","Infinite Spire","Jedi Mod","Jorbs\u0027s Wanderer Trilogy","Mimic Mod","Minty Spire (QoL Compilation)","Quick Restart","Random Character Button","Random Character Mod","Rare Cards Sparkle","Relic Sorter","Reliquary","Replay The Spire","Shop Mod","StSLib","Stuff the Spire","The Animator","The Jungle","The Runesmith","The Servant 0.9.4","Unceasing Turn Reminder","thorton"],"gold_per_floor":[0,16,32,32,43,43,43,68,68,68,98,11,26,26,26,26],"floor_reached":14,"language":"ENG","playtime":914,"items_purged":[],"score":103,"play_id":"e3d2709b-0ef7-465b-9f6d-e03057b9c3f2","local_time":"20210207041839","is_ascension_mode":true,"campfire_choices":[{"data":"bronze:Frontload","floor":1,"key":"SMITH"},{"data":"bronze:Constructor","floor":6,"key":"SMITH"},{"floor":10,"key":"REST"}],"circlet_count":0,"master_deck":["bronze:Strike","bronze:Strike","bronze:Defend","bronze:Defend","bronze:Replicate","bronze:Goto","bronze:CutThrough","bronze:Frontload+1","bronze:Branch+1","bronze:FineTuning","Regret","bronze:Constructor+1","bronze:Terminator","downfall:Malfunctioning","bronze:Constructor","hubris:DuctTapeCard","bronze:Separator","bronze:Repulsor","bronze:ForceShield"],"relics":["bronze:BronzeCore","StuffTheSpire:RedRose","infinitespire:Broken Mirror","hubris:SlimyHat","hubris:DuctTape"],"acts_visited":["Exordium"],"potions_floor_usage":[],"damage_taken":[{"damage":0,"enemies":"2 Louse","floor":2,"turns":4},{"damage":6,"enemies":"Jaw Worm","floor":3,"turns":3},{"damage":3,"enemies":"Small Slimes","floor":5,"turns":3},{"damage":40,"enemies":"Gremlin Nob","floor":8,"turns":6},{"damage":30,"enemies":"3 Sentries","floor":11,"turns":7},{"damage":6,"enemies":"downfall:FleeingMerchant","floor":12,"turns":4},{"damage":4,"enemies":"Exordium Thugs","floor":13,"turns":4},{"damage":11,"enemies":"Lagavulin","floor":14,"turns":2}],"seed_played":"-7982561253800762637","potions_obtained":[{"floor":5,"key":"SteroidPotion"},{"floor":13,"key":"Swift Potion"}],"is_trial":false,"path_per_floor":["R","M","M","?","M","R","T","E","?","R","E","$","M","E"],"character_chosen":"THE_AUTOMATON","items_purchased":["bronze:Repulsor"],"campfire_rested":1,"item_purchase_floors":[12],"current_hp_per_floor":[70,70,64,64,61,61,61,21,21,42,12,6,2,0,0,0],"gold":26,"neow_bonus":"TRANSFORM_TWO_CARDS","is_daily":false,"chose_seed":false,"campfire_upgraded":2,"win_rate":0.0,"timestamp":1612631919,"path_taken":["R","M","M","?","M","R","T","E","?","R","E","?","M","E"],"items_purchased_type":["Card"],"build_version":"2020-12-22","purchased_purges":0,"victory":false,"max_hp_per_floor":[70,70,70,70,70,70,70,70,70,70,70,70,70,70,70,70],"card_choices":[{"not_picked":["bronze:FollowUp","bronze:BronzeArmor"],"picked":"bronze:Branch","floor":2},{"not_picked":["bronze:ChildClass","bronze:OilSpill"],"picked":"bronze:FineTuning","floor":3},{"not_picked":["bronze:BugBarrage","bronze:Frontload"],"picked":"bronze:Constructor","floor":5},{"not_picked":["bronze:Repulsor","bronze:Boost"],"picked":"bronze:Terminator","floor":8},{"not_picked":["bronze:Optimize","bronze:Invalidate"],"picked":"bronze:Constructor","floor":11},{"not_picked":["bronze:Optimize","bronze:DarkDash"],"picked":"bronze:Separator","floor":12},{"not_picked":["bronze:DarkDash","bronze:WildBeam"],"picked":"bronze:ForceShield","floor":13}],"player_experience":797910,"relics_obtained":[{"floor":7,"key":"infinitespire:Broken Mirror"},{"floor":8,"key":"hubris:SlimyHat"},{"floor":11,"key":"hubris:DuctTape"}],"event_choices":[],"is_beta":false,"boss_relics":[],"items_purged_floors":[],"is_endless":false,"potions_floor_spawned":[5,13],"killed_by":"Lagavulin","ascension_level":1}}