{"host":"i09pxcjttd31eh4q","time":1612618954,"event":{"mods":["AchievementEnabler","BaseMod","Colored Map","Keyboard Shortcuts","Minty Spire (QoL Compilation)","StSLib","SuperFastMode"],"gold_per_floor":[11,11,25,25,25,25,25,40,40,40,66,66,66,66,66,140,140,154,154,21,21,21,21,21,21,47,66,83,93,111,121,121,199,199,215,232,132,150,160,185,185,216,216,216,243,243,243,257,257,257,257,257],"floor_reached":51,"language":"KOR","playtime":1891,"items_purged":["Strike_G","Strike_G+1"],"score":1541,"play_id":"3aff6655-dd8b-4eae-addb-168f197cf89a","local_time":"20210206224234","is_ascension_mode":true,"campfire_choices":[{"data":"Deadly Poison","floor":6.0,"key":"SMITH"},{"data":"Crippling Poison","floor":10.0,"key":"SMITH"},{"data":"Neutralize","floor":13.0,"key":"SMITH"},{"data":"Reflex","floor":15.0,"key":"SMITH"},{"data":"Acrobatics","floor":23.0,"key":"SMITH"},{"data":"Adrenaline","floor":32.0,"key":"SMITH"},{"data":"A Thousand Cuts","floor":41.0,"key":"SMITH"},{"floor":49,"key":"RECALL"}],"circlet_count":0,"master_deck":["AscendersBane","Defend_G","Defend_G+1","Defend_G+1","Defend_G","Survivor","Neutralize+1","Deadly Poison+1","Crippling Poison+1","Reflex+1","Adrenaline+1","Acrobatics+1","Adrenaline+1","A Thousand Cuts+1","Prepared+1","Concentrate+1","Calculated Gamble","Tactician"],"relics":["Ring of the Snake","MealTicket","Letter Opener","Unceasing Top","Coffee Dripper","Oddly Smooth Stone","HoveringKite","Nunchaku","War Paint","Anchor"],"acts_visited":["Exordium","TheCity","TheBeyond"],"potions_floor_usage":[50],"damage_taken":[{"damage":2.0,"enemies":"Small Slimes","floor":1.0,"turns":5.0},{"damage":0.0,"enemies":"Jaw Worm","floor":3.0,"turns":4.0},{"damage":2.0,"enemies":"2 Louse","floor":8.0,"turns":3.0},{"damage":8.0,"enemies":"Lagavulin","floor":11.0,"turns":6.0},{"damage":21.0,"enemies":"Hexaghost","floor":16.0,"turns":9.0},{"damage":13.0,"enemies":"Spheric Guardian","floor":18.0,"turns":5.0},{"damage":3.0,"enemies":"Shell Parasite","floor":27.0,"turns":5.0},{"damage":0.0,"enemies":"Shelled Parasite and Fungi","floor":28.0,"turns":5.0},{"damage":0.0,"enemies":"3 Cultists","floor":29.0,"turns":3.0},{"damage":0.0,"enemies":"Sentry and Sphere","floor":30.0,"turns":3.0},{"damage":0.0,"enemies":"Snecko","floor":31.0,"turns":3.0},{"damage":11.0,"enemies":"Champ","floor":33.0,"turns":8.0},{"damage":0.0,"enemies":"3 Darklings","floor":35.0,"turns":3.0},{"damage":0.0,"enemies":"Orb Walker","floor":36.0,"turns":2.0},{"damage":0.0,"enemies":"Jaw Worm Horde","floor":38.0,"turns":2.0},{"damage":0.0,"enemies":"Sphere and 2 Shapes","floor":39.0,"turns":2.0},{"damage":0.0,"enemies":"Reptomancer","floor":40.0,"turns":2.0},{"damage":30.0,"enemies":"Nemesis","floor":42.0,"turns":6.0},{"damage":0.0,"enemies":"Giant Head","floor":45.0,"turns":4.0},{"damage":2,"enemies":"Writhing Mass","floor":48,"turns":3},{"damage":57,"enemies":"Donu and Deca","floor":50,"turns":13},{"damage":16,"enemies":"Time Eater","floor":51,"turns":4}],"seed_played":"-1287965953180541195","potions_obtained":[{"floor":1.0,"key":"Energy Potion"},{"floor":11.0,"key":"Regen Potion"},{"floor":16.0,"key":"FairyPotion"},{"floor":31.0,"key":"ColorlessPotion"},{"floor":35.0,"key":"Explosive Potion"}],"is_trial":false,"path_per_floor":["M","?","M","?","?","R","$","M","T","R","E","?","R","$","R","B",null,"M","?","$","?","$","R","?","?","T","M","M","M","M","M","R","B",null,"M","M","$","M","M","E","R","E","T","?","E","?","?","M","R","B","B"],"character_chosen":"THE_SILENT","items_purchased":["Acrobatics"],"campfire_rested":0,"item_purchase_floors":[20],"current_hp_per_floor":[57,57,57,37,11,11,26,24,24,24,16,16,16,31,31,10,52,39,39,54,36,51,51,51,51,51,48,48,48,48,48,48,37,63,63,63,71,71,71,71,71,41,41,41,41,41,41,39,39,8,0,0],"gold":257,"neow_bonus":"REMOVE_TWO","is_daily":false,"chose_seed":false,"campfire_upgraded":7,"win_rate":0.0,"timestamp":1612618954,"path_taken":["M","?","M","?","?","R","?","?","T","R","E","?","R","?","R","BOSS","M","?","$","?","$","R","?","?","T","M","?","M","M","M","R","BOSS","M","M","$","M","M","E","R","E","T","?","E","?","?","M","R","BOSS","BOSS"],"items_purchased_type":["Card"],"build_version":"2020-12-22","purchased_purges":2,"victory":false,"max_hp_per_floor":[66,66,66,66,66,66,66,66,66,66,66,66,66,66,66,66,66,66,66,66,71,71,71,71,71,71,71,71,71,71,71,71,71,71,71,71,71,71,71,71,71,71,71,67,67,67,67,67,67,67,67,67],"card_choices":[{"not_picked":["Expertise","Accuracy"],"picked":"Deadly Poison","floor":1.0},{"not_picked":["Endless Agony","Underhanded Strike"],"picked":"Crippling Poison","floor":3.0},{"not_picked":["Quick Slash","PiercingWail","Dagger Spray"],"picked":"SKIP","floor":8.0},{"not_picked":["Outmaneuver","Distraction"],"picked":"Reflex","floor":11.0},{"not_picked":["Venomology","A Thousand Cuts"],"picked":"Adrenaline","floor":16.0},{"not_picked":["Poisoned Stab","Sucker Punch","Dash"],"picked":"SKIP","floor":18.0},{"not_picked":["Outmaneuver+1","Dodge and Roll","PiercingWail+1"],"picked":"SKIP","floor":27.0},{"not_picked":["Skewer","Eviscerate","Flying Knee"],"picked":"SKIP","floor":28.0},{"not_picked":["Dagger Throw+1","Choke","Blade Dance"],"picked":"SKIP","floor":29.0},{"not_picked":["Reflex","Dagger Throw","Masterful Stab"],"picked":"SKIP","floor":30.0},{"not_picked":["Quick Slash+1","Outmaneuver"],"picked":"Adrenaline","floor":31.0},{"not_picked":["Malaise","Doppelganger"],"picked":"A Thousand Cuts","floor":33.0},{"not_picked":["Cloak And Dagger+1","Dagger Throw"],"picked":"Prepared","floor":35.0},{"not_picked":["Underhanded Strike+1","Deadly Poison","Backflip+1"],"picked":"SKIP","floor":36.0},{"not_picked":["Acrobatics","Backflip+1","Expertise+1"],"picked":"SKIP","floor":38.0},{"not_picked":["PiercingWail+1","Eviscerate"],"picked":"Concentrate+1","floor":39.0},{"not_picked":["Underhanded Strike+1","Backstab"],"picked":"Calculated Gamble","floor":40.0},{"not_picked":["Heel Hook","Calculated Gamble+1"],"picked":"Escape Plan+1","floor":42.0},{"not_picked":["Underhanded Strike+1","Expertise+1","Dodge and Roll"],"picked":"SKIP","floor":45.0},{"not_picked":["Deflect","Blade Dance+1"],"picked":"Tactician","floor":48}],"player_experience":884145,"relics_obtained":[{"floor":9.0,"key":"Letter Opener"},{"floor":11.0,"key":"Unceasing Top"},{"floor":26.0,"key":"Oddly Smooth Stone"},{"floor":40.0,"key":"Nunchaku"},{"floor":42.0,"key":"War Paint"},{"floor":45.0,"key":"Anchor"}],"event_choices":[{"cards_removed":["Strike_G"],"damage_healed":0.0,"max_hp_gain":0.0,"max_hp_loss":0.0,"gold_gain":0.0,"event_name":"Living Wall","player_choice":"Forget","floor":2.0,"gold_loss":0.0,"damage_taken":0.0},{"damage_healed":0.0,"max_hp_gain":0.0,"max_hp_loss":0.0,"gold_gain":0.0,"event_name":"Shining Light","player_choice":"Entered Light","floor":4.0,"gold_loss":0.0,"damage_taken":20.0,"cards_upgraded":["Defend_G","Strike_G"]},{"damage_healed":0.0,"max_hp_gain":0.0,"max_hp_loss":0.0,"gold_gain":0.0,"event_name":"Scrap Ooze","player_choice":"Success","floor":5.0,"gold_loss":0.0,"damage_taken":26.0,"relics_obtained":["MealTicket"]},{"damage_healed":0.0,"max_hp_gain":0.0,"max_hp_loss":0.0,"gold_gain":0.0,"event_name":"Match and Keep!","player_choice":"0 cards matched","floor":12.0,"gold_loss":0.0,"damage_taken":0.0,"cards_obtained":[]},{"cards_removed":["Strike_G"],"damage_healed":0.0,"max_hp_gain":0.0,"max_hp_loss":0.0,"gold_gain":0.0,"event_name":"Back to Basics","player_choice":"Elegance","floor":19.0,"gold_loss":0.0,"damage_taken":0.0},{"damage_healed":0.0,"max_hp_gain":5.0,"max_hp_loss":0.0,"gold_gain":0.0,"event_name":"Forgotten Altar","player_choice":"Shed Blood","floor":21.0,"gold_loss":0.0,"damage_taken":23.0},{"damage_healed":0.0,"max_hp_gain":0.0,"max_hp_loss":0.0,"gold_gain":0.0,"event_name":"The Mausoleum","player_choice":"Ignored","floor":24.0,"gold_loss":0.0,"damage_taken":0.0},{"damage_healed":0.0,"max_hp_gain":0.0,"max_hp_loss":0.0,"gold_gain":0.0,"event_name":"Accursed Blacksmith","player_choice":"Forge","floor":25.0,"gold_loss":0.0,"damage_taken":0.0,"cards_upgraded":["Adrenaline"]},{"damage_healed":0.0,"max_hp_gain":0.0,"max_hp_loss":4.0,"gold_gain":0.0,"event_name":"Winding Halls","player_choice":"Max HP","floor":44.0,"gold_loss":0.0,"damage_taken":0.0},{"cards_removed":["Escape Plan"],"damage_healed":0.0,"max_hp_gain":0.0,"max_hp_loss":0.0,"gold_gain":0.0,"event_name":"Falling","player_choice":"Removed Skill","floor":46.0,"gold_loss":0.0,"damage_taken":0.0},{"damage_healed":0,"gold_gain":0,"player_choice":"Ignored","damage_taken":0,"max_hp_gain":0,"max_hp_loss":0,"event_name":"Transmorgrifier","floor":47,"gold_loss":0}],"is_beta":false,"boss_relics":[{"not_picked":["Busted Crown","Black Star"],"picked":"Coffee Dripper"},{"not_picked":["Velvet Choker","Ring of the Serpent"],"picked":"HoveringKite"}],"items_purged_floors":[20,37],"is_endless":false,"potions_floor_spawned":[1,11,16,27,31,35,39,48],"killed_by":"Time Eater","ascension_level":20}}