{"host":"ijf4uk0u2tt2bygg","time":1612642337,"event":{"mods":["2.2 Compatiblity","AchievementEnabler","BaseMod","BetterRewards","Block Reminder","Colored Map","Colored Powertips","Curses Come First","DeckTracker","Highlight Path","Minty Spire (QoL Compilation)","Permanent Neow","Quick Restart","Relic Stats","StSLib","Unknown Chances"],"gold_per_floor":[115,134,146,96,147,180,194,194,194,219,9,22,32,43,43,139,139,158,171,33,49,62,388,388,66,66,80,80,94,94,112,112,209,209,222,141,156,156,170,170,170,170],"floor_reached":41,"language":"ENG","playtime":7145,"items_purged":["Strike_B","Defend_B","Strike_B"],"score":479,"play_id":"3e140617-fd84-46fd-899d-81e406c20f5e","local_time":"20210206221217","is_ascension_mode":false,"campfire_choices":[{"data":"Consume","floor":8,"key":"SMITH"},{"data":"Hello World","floor":15,"key":"SMITH"},{"floor":24,"key":"REST"},{"floor":30,"key":"REST"},{"data":"White Noise","floor":32,"key":"SMITH"},{"floor":40,"key":"REST"}],"circlet_count":0,"master_deck":["Strike_B","Strike_B","Defend_B","Defend_B","Zap","Dualcast","Hello World+1","Hello World","Cold Snap","Coolheaded","White Noise+1","Consume+1","Glacier","Barrage","Cold Snap","Barrage","Machine Learning+1","CurseOfTheBell","Rebound+1","Cold Snap+1","Double Energy","Capacitor+1","Rainbow","Stack+1","Consume+1","Barrage+1","Buffer+1","Loop+1","Loop+1","Rebound+1"],"relics":["Inserter","MealTicket","Frozen Egg 2","White Beast Statue","MawBank","Lee\u0027s Waffle","Calling Bell","Unceasing Top","Gremlin Horn","Juzu Bracelet","Old Coin","DollysMirror","Torii","HornCleat","Fusion Hammer"],"acts_visited":["Exordium","TheCity","TheBeyond"],"potions_floor_usage":[6,16,16,16,23,23,27,27,33,41,41,41],"damage_taken":[{"damage":1.0,"enemies":"Jaw Worm","floor":1.0,"turns":3.0},{"damage":4.0,"enemies":"Cultist","floor":2.0,"turns":6.0},{"damage":0.0,"enemies":"2 Louse","floor":3.0,"turns":3.0},{"damage":10,"enemies":"3 Sentries","floor":6,"turns":7},{"damage":8,"enemies":"Looter","floor":7,"turns":5},{"damage":13,"enemies":"Lagavulin","floor":10,"turns":8},{"damage":6,"enemies":"Gremlin Gang","floor":12,"turns":7},{"damage":20,"enemies":"Red Slaver","floor":13,"turns":7},{"damage":10,"enemies":"Exordium Wildlife","floor":14,"turns":8},{"damage":22,"enemies":"Hexaghost","floor":16,"turns":10},{"damage":0,"enemies":"Spheric Guardian","floor":18,"turns":8},{"damage":8,"enemies":"Chosen","floor":19,"turns":6},{"damage":13,"enemies":"Snake Plant","floor":21,"turns":8},{"damage":5,"enemies":"Snecko","floor":22,"turns":8},{"damage":48,"enemies":"Slavers","floor":23,"turns":9},{"damage":1,"enemies":"Centurion and Healer","floor":27,"turns":8},{"damage":16,"enemies":"3 Cultists","floor":29,"turns":8},{"damage":7,"enemies":"Snecko","floor":31,"turns":7},{"damage":0,"enemies":"Champ","floor":33,"turns":12},{"damage":15,"enemies":"3 Shapes","floor":35,"turns":5},{"damage":1,"enemies":"Orb Walker","floor":37,"turns":6},{"damage":31,"enemies":"Transient","floor":39,"turns":5},{"damage":83,"enemies":"Reptomancer","floor":41,"turns":3}],"seed_played":"-2963392855657429905","potions_obtained":[{"floor":3.0,"key":"LiquidMemories"},{"floor":10,"key":"FocusPotion"},{"floor":12,"key":"SkillPotion"},{"floor":13,"key":"BlessingOfTheForge"},{"floor":14,"key":"Fire Potion"},{"floor":16,"key":"GamblersBrew"},{"floor":18,"key":"EntropicBrew"},{"floor":19,"key":"BlessingOfTheForge"},{"floor":21,"key":"Explosive Potion"},{"floor":22,"key":"PowerPotion"},{"floor":23,"key":"Block Potion"},{"floor":27,"key":"PowerPotion"},{"floor":29,"key":"Weak Potion"},{"floor":33,"key":"DistilledChaos"},{"floor":35,"key":"PowerPotion"},{"floor":39,"key":"Regen Potion"}],"is_trial":false,"path_per_floor":["M","M","M","?","T","E","M","R","T","E","$","M","M","M","R","B",null,"M","M","$","M","M","E","R","$","T","M","?","M","R","M","R","B",null,"M","$","M","?","M","R","E"],"character_chosen":"DEFECT","items_purchased":["Lee\u0027s Waffle","Double Energy","DollysMirror","FocusPotion","Loop+1"],"campfire_rested":3,"item_purchase_floors":[11,20,25,25,36],"current_hp_per_floor":[74,70,70,70,70,60,52,52,52,39,82,76,56,46,46,24,82,82,74,82,69,64,16,40,55,55,54,54,38,62,55,55,55,82,67,82,81,78,47,70,0,0],"gold":170,"neow_bonus":"BOSS_RELIC","is_daily":false,"chose_seed":false,"campfire_upgraded":3,"win_rate":0.0,"timestamp":1612642337,"path_taken":["M","M","M","?","?","E","M","R","T","E","?","M","?","M","R","BOSS","M","M","$","M","M","E","R","$","T","M","?","M","R","M","R","BOSS","M","$","M","?","M","R","E"],"items_purchased_type":["Relic","Card","Relic","Potion","Card"],"build_version":"2020-12-22","purchased_purges":3,"victory":false,"max_hp_per_floor":[75,75,75,75,75,75,75,75,75,75,82,82,82,82,82,82,82,82,82,82,82,82,82,82,82,82,82,82,82,82,82,82,82,82,82,82,82,78,78,78,78,78],"relic_stats":{"Lee\u0027s Waffle":28,"Inserter":[78],"Gremlin Horn":[9,9],"Torii":6,"counters":[23,156],"MealTicket":53,"Juzu Bracelet":0,"MawBank":12,"obtain_stats":[{"Lee\u0027s Waffle":11,"Inserter":0,"Gremlin Horn":17,"Torii":26,"Juzu Bracelet":17,"Frozen Egg 2":6,"MawBank":10,"White Beast Statue":9,"Old Coin":23,"Calling Bell":17,"HornCleat":28,"DollysMirror":25,"MealTicket":5,"Fusion Hammer":34,"Cracked Core":0,"Unceasing Top":17},{"Lee\u0027s Waffle":6,"Inserter":0,"Gremlin Horn":10,"Torii":15,"Juzu Bracelet":10,"Frozen Egg 2":4,"MawBank":6,"White Beast Statue":5,"Old Coin":15,"Calling Bell":10,"HornCleat":16,"DollysMirror":15,"MealTicket":3,"Fusion Hammer":19,"Cracked Core":0,"Unceasing Top":10},{"Lee\u0027s Waffle":31,"Inserter":0,"Gremlin Horn":63,"Torii":102,"Juzu Bracelet":63,"Frozen Egg 2":19,"MawBank":31,"White Beast Statue":24,"Old Coin":102,"Calling Bell":63,"HornCleat":110,"DollysMirror":102,"MealTicket":12,"Fusion Hammer":137,"Cracked Core":0,"Unceasing Top":63}],"Unceasing Top":[1]},"card_choices":[{"not_picked":["Streamline","Darkness"],"picked":"Hello World","floor":1.0},{"not_picked":["Streamline","Darkness"],"picked":"Hello World","floor":1.0},{"not_picked":["Ball Lightning","Genetic Algorithm"],"picked":"Cold Snap","floor":2.0},{"not_picked":["Leap","Heatsinks"],"picked":"Coolheaded","floor":3.0},{"not_picked":["Reprogram","Stack"],"picked":"White Noise","floor":6},{"not_picked":["Compile Driver","Auto Shields"],"picked":"Consume","floor":7},{"not_picked":["Consume","Hologram"],"picked":"Glacier","floor":10},{"not_picked":["Streamline","Steam Power"],"picked":"Barrage","floor":12},{"not_picked":["Ball Lightning","Rainbow"],"picked":"Cold Snap","floor":13},{"not_picked":["Skim","Force Field"],"picked":"Barrage","floor":14},{"not_picked":["Fission","Buffer+1"],"picked":"Machine Learning+1","floor":16},{"not_picked":["Redo","Sweeping Beam"],"picked":"Rebound+1","floor":18},{"not_picked":["Go for the Eyes","Compile Driver"],"picked":"Cold Snap+1","floor":19},{"not_picked":["Sweeping Beam","Darkness+1"],"picked":"Capacitor+1","floor":21},{"not_picked":["Capacitor+1","Storm+1"],"picked":"Rainbow","floor":22},{"not_picked":["Barrage","Lockon"],"picked":"Stack+1","floor":23},{"not_picked":["Steam","Sweeping Beam+1"],"picked":"Barrage+1","floor":27},{"not_picked":["Compile Driver","Leap","Streamline"],"picked":"SKIP","floor":29},{"not_picked":["Undo","Stack","Gash"],"picked":"SKIP","floor":31},{"not_picked":["Thunder Strike","Amplify"],"picked":"Buffer+1","floor":33},{"not_picked":["Stack+1","Leap","Steam Power"],"picked":"SKIP","floor":35},{"not_picked":["Conserve Battery+1","White Noise+1"],"picked":"Loop+1","floor":37},{"not_picked":["Reprogram+1","Sweeping Beam"],"picked":"Rebound+1","floor":39}],"player_experience":12680,"relics_obtained":[{"floor":5.0,"key":"MealTicket"},{"floor":6,"key":"Frozen Egg 2"},{"floor":9,"key":"White Beast Statue"},{"floor":10,"key":"MawBank"},{"floor":17,"key":"Unceasing Top"},{"floor":17,"key":"Gremlin Horn"},{"floor":17,"key":"Juzu Bracelet"},{"floor":23,"key":"Old Coin"},{"floor":26,"key":"Torii"}],"event_choices":[{"cards_removed":["Defend_B"],"damage_healed":0.0,"max_hp_gain":0.0,"max_hp_loss":0.0,"gold_gain":0.0,"event_name":"The Cleric","player_choice":"Card Removal","floor":4.0,"gold_loss":50.0,"damage_taken":0.0},{"damage_healed":0,"gold_gain":0,"player_choice":"Opened","damage_taken":0,"relics_obtained":["HornCleat"],"max_hp_gain":0,"max_hp_loss":0,"event_name":"The Mausoleum","floor":28,"gold_loss":0},{"damage_healed":0,"gold_gain":0,"player_choice":"Max HP","damage_taken":0,"max_hp_gain":0,"max_hp_loss":4,"event_name":"Winding Halls","floor":38,"gold_loss":0}],"is_beta":false,"boss_relics":[{"not_picked":["Nuclear Battery","Philosopher\u0027s Stone"],"picked":"Calling Bell"},{"not_picked":["Black Star","Empty Cage"],"picked":"Fusion Hammer"}],"items_purged_floors":[11,20,25],"is_endless":false,"potions_floor_spawned":[3,10,12,13,14,16,18,19,21,22,23,27,29,31,33,35,37,39],"killed_by":"Reptomancer","ascension_level":0}}