{"host":"mnlj73t2ynwgq04b","time":1612623108,"event":{"mods":["100% Spire Juice","Act Like it!","AlwaysNeverKeys","BaseMod","CapriCore","Colored Map","Colored Powertips","FoggyMod","Gensokyo","GifTheSpireLib","Googly Eyes","HexUI Lib","KinomotoSakuraMod(ƒæ÷Æ±æ”£)","Marisa£®ÏF”Í°°ƒß¿Ì…≥£©","Minty Spire (QoL Compilation)","MostiFishMod","Permanent Neow","Quick Restart","Rare Cards Sparkle","Red Circlet Mod","Reimu£®≤©¿ˆ¡È√Œ£©","Relic Filter Mod","Remilia£®¿Ÿ√◊¿Ú—«£©","Shop Mod","Spicy Shops","StSLib","The Immortal","The Senshi","Yakumo Yukari mod","°æπ¶ƒ‹Mod°øªÏ„Á÷Æª∑–ﬁ∏¥≤π∂°","ÛÙª÷∏ƒœ"],"gold_per_floor":[94,94,19,19,0,10,10,10,10,29,29,89,3,34,34,131,131,149,149,149,160,120,0,30,30,30,30,30,30,30,30,30,125,125,143,166,33,33,58,84,84,111,138,138,138,48,48,83,83,83,83,83,9,38,38],"floor_reached":56,"language":"ZHS","playtime":1553,"items_purged":["Clumsy"],"score":1669,"play_id":"68e395cd-7906-4914-8a31-c5c38eafdc9d","local_time":"20210206225148","is_ascension_mode":false,"campfire_choices":[{"data":"Moonworks:JonathanRush","floor":8,"key":"SMITH"},{"data":"Moonworks:NicePresent","floor":11,"key":"SMITH"},{"data":"1","floor":15,"key":"LIFT"},{"data":"2","floor":23,"key":"LIFT"},{"data":"3","floor":25,"key":"LIFT"},{"data":"Moonworks:SinkOrSwim","floor":27,"key":"SMITH"},{"data":"Moonworks:AwakeningOfTalent","floor":30,"key":"SMITH"},{"data":"Moonworks:Defend","floor":32,"key":"SMITH"},{"data":"Moonworks:Encore","floor":44,"key":"SMITH"},{"data":"Gensokyo:GreaterSplit","floor":49,"key":"SMITH"},{"data":"Moonworks:CloudOfSeagulls","floor":52,"key":"SMITH"}],"circlet_count":0,"master_deck":["Moonworks:Defend+1","Moonworks:Defend+1","Moonworks:Defend+1","Moonworks:NicePresent+1","Moonworks:JonathanRush+1","Moonworks:NicePresent+1","Moonworks:AwakeningOfTalent+1","Moonworks:TreasureThief+1","Moonworks:SinkOrSwim+1","Moonworks:ForcedRevival+1","Moonworks:CloudOfSeagulls+1","Moonworks:ScrambledEve+1","Moonworks:AccelHyper+1","Moonworks:Encore+1","Moonworks:NicePresent+1","Moonworks:CloudOfSeagulls+1","Gensokyo:Taser","Gensokyo:GreaterSplit+1","Doubt","Moonworks:WeAreWaruda","Moonworks:HolyNight"],"relics":["Moonworks:BrokenBomb","Moonworks:Homemark","DaveBox","PatriotShield","SynthV:TestCard","Anchor","Happy Flower","Gensokyo:NagashiBinaDoll","Letter Opener","Girya","SlaversCollar","Ginger","Nunchaku","Tiny Chest","Gensokyo:SongOfSouls","Philosopher\u0027s Stone","Blood Vial","MerchantsRug","Juzu Bracelet","Moonworks:LittleGull","War Paint","Ancient Tea Set","Mummified Hand","Bronze Scales","ImprovedEquipment"],"acts_visited":["Gensokyo:Gensokyo","Gensokyo:Gensokyoer","Gensokyo:Gensokyoest","TheEnding"],"potions_floor_usage":[],"damage_taken":[{"damage":0.0,"enemies":"Gensokyo:Gryphon","floor":1.0,"turns":2.0},{"damage":0.0,"enemies":"Gensokyo:2_Kodama","floor":4.0,"turns":1.0},{"damage":0,"enemies":"Gensokyo:Aya","floor":6,"turns":2},{"damage":0,"enemies":"Gensokyo:2_Kodama","floor":10,"turns":2},{"damage":0,"enemies":"Gensokyo:Mamizou","floor":13,"turns":3},{"damage":0,"enemies":"Gensokyo:Mamizou","floor":14,"turns":1},{"damage":0,"enemies":"Gensokyo:Kokoro","floor":16,"turns":2},{"damage":0,"enemies":"Gensokyo:Chomper","floor":18,"turns":1},{"damage":0,"enemies":"Gensokyo:CosmicMonolith","floor":21,"turns":1},{"damage":0,"enemies":"Gensokyo:Koishi","floor":24,"turns":2},{"damage":0,"enemies":"Gensokyo:Eiki","floor":33,"turns":1},{"damage":0,"enemies":"Gensokyo:3_Bats","floor":35,"turns":1},{"damage":2,"enemies":"Gensokyo:Marisa","floor":40,"turns":2},{"damage":0,"enemies":"Gensokyo:Doremy","floor":48,"turns":1},{"damage":1,"enemies":"Gensokyo:Scarlet_Devils","floor":50,"turns":2},{"damage":1,"enemies":"Shield and Spear","floor":54,"turns":1},{"damage":0,"enemies":"The Heart","floor":55,"turns":3}],"seed_played":"623957022360256027","potions_obtained":[{"floor":1.0,"key":"Explosive Potion"},{"floor":13,"key":"GrandPatriotsElixir:ReiMu"},{"floor":21,"key":"ColorlessPotion"},{"floor":40,"key":"ZuzhouPotion:ReiMu"},{"floor":54,"key":"GrandPatriotsElixir:ReiMu"}],"is_trial":false,"path_per_floor":["M","?","$","M","?","E","?","R","T","M","R","T","?","E","R","B",null,"M","?","?","M","?","R","E","R","T","R","?","?","R","$","R","B",null,"M","T","$","?","T","E","?","T","T","R","?","?","?","E","R","B",null,"R","$","E","B",null],"character_chosen":"THE_STARBREAKER","items_purchased":["Anchor","MerchantsRug","Moonworks:CloudOfSeagulls","Bronze Scales"],"campfire_rested":0,"item_purchase_floors":[3,37,37,53],"current_hp_per_floor":[60,36,36,36,45,45,45,45,45,45,45,45,45,45,45,45,60,60,56,56,56,56,56,56,56,56,56,56,56,56,56,56,56,56,56,56,56,56,56,56,56,56,56,56,56,56,48,56,56,56,56,56,56,56,56],"gold":38,"neow_bonus":"HUNDRED_GOLD","is_daily":false,"chose_seed":false,"campfire_upgraded":8,"win_rate":0.0,"timestamp":1612623108,"path_taken":["M","?","?","?","?","E","?","R","T","?","R","?","?","E","R","BOSS","M","?","?","?","?","R","E","R","T","R","?","?","R","?","R","BOSS","M","?","$","?","?","E","?","?","T","R","?","?","?","E","R","BOSS","R","$","E","BOSS"],"items_purchased_type":["Relic","Relic","Card","Relic"],"build_version":"2020-12-22","purchased_purges":1,"victory":true,"max_hp_per_floor":[60,60,60,60,60,60,60,60,60,60,60,60,60,60,60,60,60,60,56,56,56,56,56,56,56,56,56,56,56,56,56,56,56,56,56,56,56,56,56,56,56,56,56,56,56,56,56,56,56,56,56,56,56,56,56],"card_choices":[{"not_picked":["Moonworks:MixPhenomenon","Moonworks:FullSpeedAlicianrone"],"picked":"Moonworks:NicePresent","floor":1.0},{"not_picked":["Moonworks:EvilSpyWorkPreparation","Moonworks:x16BigRocket","Moonworks:CastOff","Moonworks:RagingMadness"],"picked":"Moonworks:JonathanRush","floor":6},{"not_picked":["Moonworks:Assault","Moonworks:DevilHand","Moonworks:BindingChains+1","Moonworks:CompletionReward"],"picked":"Moonworks:NicePresent+1","floor":10},{"not_picked":["Moonworks:DevilHand","Moonworks:BigMagnum+1","Moonworks:SweetBattle+1","Moonworks:Poppoformation+1"],"picked":"Moonworks:AwakeningOfTalent","floor":13},{"not_picked":["Moonworks:MixPhenomenon+1","Moonworks:DeployBits+1","Moonworks:ImOnFire+1","Moonworks:BigBangBell+1"],"picked":"Moonworks:TreasureThief+1","floor":14},{"not_picked":["Moonworks:MeltingMemories","Moonworks:OutOfAmmo","Moonworks:MetallicMonocoque","Moonworks:PlushieMaster+1"],"picked":"Moonworks:SinkOrSwim","floor":16},{"not_picked":["Moonworks:NicePresent+1","Moonworks:ImOnFire+1","Moonworks:Assault","Moonworks:EvilSpyWorkPreparation+1"],"picked":"Moonworks:ForcedRevival+1","floor":18},{"not_picked":["Moonworks:Assault+1","Moonworks:CompletionReward+1","Moonworks:IndiscriminateFireSupport","Moonworks:BigMagnum+1"],"picked":"Moonworks:CloudOfSeagulls","floor":21},{"not_picked":["Moonworks:IndiscriminateFireSupport","Moonworks:ExtendedPhotonRifle","Moonworks:MiracleRedBeanIceCream+1","Moonworks:Flamethrower+1"],"picked":"Moonworks:ScrambledEve+1","floor":24},{"not_picked":["Moonworks:FinalBattle","Moonworks:MetallicMonocoque","Moonworks:RocketCannon","Moonworks:MeltingMemories"],"picked":"Moonworks:Encore","floor":33},{"not_picked":["Moonworks:IndiscriminateFireSupport+1","Moonworks:Assault","Moonworks:DeployBits+1","Moonworks:EvilSpyWorkPreparation+1"],"picked":"Moonworks:NicePresent+1","floor":35},{"not_picked":["Moonworks:SweetBattle+1","Moonworks:CloudOfSeagulls+1","Moonworks:CookingTime+1","Moonworks:Flamethrower","Moonworks:EvilSpyWorkPreparation"],"picked":"SKIP","floor":40},{"not_picked":["Moonworks:ReproductionOfRecords","Moonworks:CastOff+1","Moonworks:JonathanRush+1","Moonworks:TreasureThief"],"picked":"Moonworks:WeAreWaruda","floor":48},{"not_picked":["Moonworks:JonathanRush","Moonworks:EvilSpyWorkPreparation","Moonworks:ForcedRevival","Moonworks:FullSpeedAlicianrone+1"],"picked":"Moonworks:HolyNight","floor":54}],"player_experience":75713,"relics_obtained":[{"floor":1.0,"key":"SynthV:TestCard"},{"floor":9,"key":"Toxic Egg 2"},{"floor":12,"key":"Old Coin"},{"floor":13,"key":"Letter Opener"},{"floor":14,"key":"Girya"},{"floor":24,"key":"Nunchaku"},{"floor":26,"key":"Tiny Chest"},{"floor":36,"key":"Blood Vial"},{"floor":39,"key":"Juzu Bracelet"},{"floor":40,"key":"Moonworks:LittleGull"},{"floor":42,"key":"War Paint"},{"floor":43,"key":"Ancient Tea Set"},{"floor":48,"key":"Mummified Hand"},{"floor":54,"key":"ImprovedEquipment"}],"event_choices":[],"is_beta":false,"boss_relics":[{"not_picked":["FeatherPendant","Cursed Key"],"picked":"SlaversCollar"},{"not_picked":["Snecko Eye","xbg"],"picked":"Philosopher\u0027s Stone"}],"items_purged_floors":[37],"is_endless":false,"potions_floor_spawned":[1,4,13,21,35,40,54],"ascension_level":0}}