{"host":"vyiqbz5w606ur92t","time":1612647164,"event":{"mods":["BaseMod","Downfall","Minty Spire (QoL Compilation)","StSLib"],"gold_per_floor":[99,119,119,131,143,143,143,162,195,205,238,249,269,300,314,409,409,309,320,320,338,355,355,382,171,180,204,204,213,213,239,253,357,357,257,286,308,326,348,375,375,411,437,337,348,348,388,358,372,372,372,372],"floor_reached":50,"language":"ENG","playtime":8355,"items_purged":["Slimebound:Strike_Slimebound","downfall:Bewildered"],"score":897,"play_id":"980fb3a5-9983-421e-8372-13d36132d639","local_time":"20210206213244","is_ascension_mode":true,"campfire_choices":[{"data":"Slimebound:Split","floor":1,"key":"SMITH"},{"floor":18,"key":"DIG"},{"floor":28,"key":"DIG"},{"floor":30,"key":"RECALL"},{"data":"Slimebound:DuplicatedForm","floor":35,"key":"SMITH"},{"data":"Slimebound:DuplicatedForm","floor":44,"key":"SMITH"},{"floor":46,"key":"DIG"}],"circlet_count":0,"master_deck":["AscendersBane","Slimebound:Strike_Slimebound","Slimebound:Tackle","Slimebound:Defend_Slimebound","Slimebound:Defend_Slimebound","Slimebound:Defend_Slimebound","Slimebound:Defend_Slimebound","Slimebound:Split+1","Slimebound:CorrosiveSpit","Slimebound:GoopSpray","Slimebound:Split+1","Slimebound:RollThrough","Slimebound:ViciousTackle","Slimebound:ComboTackle+1","Slimebound:LivingWall","Slimebound:HauntingLick","Slimebound:FlameTackle+1","Slimebound:LeechEnergy+1","Slimebound:Schlurp","Slimebound:DuplicatedForm+1","Slimebound:DisruptingSlam+1","Slimebound:DuplicatedForm+1","Slimebound:GoopSpray+1","Slimebound:Recollect+1","Slimebound:GrowthPunch+1","Slimebound:SamplingLick","Slimebound:SplitLeeching","Slimebound:SelfFormingGoo","Slimebound:SplitAcid","Slimebound:HauntingLick+1","CurseOfTheBell","CurseOfTheBell","Slimebound:SlimeSpikes+1","expansioncontent:YouAreMine","expansioncontent:HyperBeam+1","expansioncontent:GuardianWhirl+1","Slimebound:Replication+1","Slimebound:SplitLeeching+1","Slimebound:SplitBruiser","Slimebound:RollThrough+1"],"relics":["Slimebound:AbsorbEndCombatUpgraded","The Courier","Molten Egg 2","Shovel","PreservedInsect","Kunai","Busted Crown","downfall:HeartBlessingGreen","Bottled Flame","CeramicFish","Smiling Mask","Medical Kit","sneckomod:BabySnecko","FossilizedHelix","downfall:HeartBlessingRed","downfall:ExtraCursedBell","Vajra","Pantograph","Pocketwatch","Thread and Needle","downfall:HeartBlessingBlue","MawBank","Potion Belt","Bag of Preparation"],"acts_visited":["Exordium","TheCity","TheBeyond"],"potions_floor_usage":[8,11,11,22,25,27,32,33,43,48,49,49,49],"damage_taken":[{"damage":5,"enemies":"Small Slimes","floor":2,"turns":5},{"damage":1,"enemies":"Cultist","floor":4,"turns":3},{"damage":5,"enemies":"2 Louse","floor":5,"turns":3},{"damage":8,"enemies":"Lots of Slimes","floor":8,"turns":3},{"damage":24,"enemies":"Lagavulin","floor":9,"turns":7},{"damage":10,"enemies":"2 Fungi Beasts","floor":10,"turns":3},{"damage":8,"enemies":"Gremlin Nob","floor":11,"turns":3},{"damage":14,"enemies":"Lots of Slimes","floor":12,"turns":3},{"damage":0,"enemies":"Large Slime","floor":13,"turns":4},{"damage":15,"enemies":"Lagavulin","floor":14,"turns":5},{"damage":4,"enemies":"2 Fungi Beasts","floor":15,"turns":3},{"damage":24,"enemies":"IC_STATUS_ARCHETYPE","floor":16,"turns":8},{"damage":41,"enemies":"Shell Parasite","floor":19,"turns":4},{"damage":24,"enemies":"3 Byrds","floor":21,"turns":4},{"damage":31,"enemies":"Snake Plant","floor":22,"turns":3},{"damage":15,"enemies":"downfall:FleeingMerchant","floor":25,"turns":4},{"damage":16,"enemies":"Sentry and Sphere","floor":27,"turns":5},{"damage":27,"enemies":"Centurion and Healer","floor":31,"turns":6},{"damage":0,"enemies":"Chosen and Byrds","floor":32,"turns":6},{"damage":29,"enemies":"SI_MIRROR_ARCHETYPE","floor":33,"turns":9},{"damage":6,"enemies":"3 Darklings","floor":36,"turns":6},{"damage":0,"enemies":"3 Shapes","floor":37,"turns":3},{"damage":5,"enemies":"3 Darklings","floor":39,"turns":6},{"damage":29,"enemies":"Reptomancer","floor":42,"turns":6},{"damage":0,"enemies":"Sphere and 2 Shapes","floor":43,"turns":3},{"damage":11,"enemies":"4 Shapes","floor":45,"turns":4},{"damage":22,"enemies":"Giant Head","floor":47,"turns":7},{"damage":0,"enemies":"downfall:FleeingMerchant","floor":48,"turns":3},{"damage":4,"enemies":"Writhing Mass","floor":49,"turns":5},{"damage":104,"enemies":"WA_ARCHETYPE_DIVINITY","floor":50,"turns":9}],"seed_played":"-4928606790363860806","potions_obtained":[{"floor":2,"key":"SpeedPotion"},{"floor":4,"key":"Guardian:BlockOnCardUsePotion"},{"floor":9,"key":"Strength Potion"},{"floor":15,"key":"SpeedPotion"},{"floor":20,"key":"EssenceOfSteel"},{"floor":20,"key":"Energy Potion"},{"floor":22,"key":"SkillPotion"},{"floor":27,"key":"Strength Potion"},{"floor":33,"key":"SmokeBomb"},{"floor":37,"key":"Block Potion"},{"floor":39,"key":"BlessingOfTheForge"},{"floor":45,"key":"Explosive Potion"}],"is_trial":false,"path_per_floor":["R","M","?","M","M","?","T","M","E","M","E","M","M","E","M","B",null,"R","M","?","M","M","?","T","$","?","M","R","?","R","M","M","B",null,"R","M","M","?","M","?","T","E","M","R","M","R","E","$","M","B"],"character_chosen":"SLIMEBOUND","items_purchased":["Medical Kit","Block Potion","Bag of Preparation","DistilledChaos","AttackPotion","Ancient Potion","Slimebound:RollThrough+1"],"campfire_rested":0,"item_purchase_floors":[25,25,48,48,48,48,48],"current_hp_per_floor":[65,66,66,69,66,66,66,63,47,45,41,35,39,28,28,12,56,56,34,34,33,19,19,19,25,25,32,32,32,32,28,36,45,65,65,71,71,71,66,56,56,42,66,76,77,77,77,81,77,0,0,0],"gold":372,"neow_bonus":"TEN_PERCENT_HP_BONUS","is_daily":false,"chose_seed":false,"campfire_upgraded":3,"win_rate":0.0,"timestamp":1612647164,"path_taken":["R","M","?","?","?","?","T","M","E","M","E","M","M","E","M","BOSS","R","M","?","M","?","?","T","$","?","M","R","?","R","?","M","BOSS","R","M","M","?","M","?","T","E","M","R","M","R","E","$","M","BOSS"],"items_purchased_type":["Relic","Potion","Relic","Potion","Potion","Potion","Card"],"build_version":"2020-12-22","purchased_purges":2,"victory":false,"max_hp_per_floor":[71,71,71,71,71,71,71,71,71,71,71,71,71,71,71,71,71,71,71,71,71,71,71,71,71,71,71,71,71,71,71,71,71,71,71,71,71,71,71,71,71,71,71,81,81,81,81,81,81,81,81,81],"card_choices":[{"not_picked":["Slimebound:ProtectTheBoss","Slimebound:Nibble"],"picked":"Slimebound:GoopSpray","floor":2},{"not_picked":["Slimebound:Schlurp","Slimebound:RejuvenatingLick"],"picked":"Slimebound:RollThrough","floor":4},{"not_picked":["Slimebound:Grow","Slimebound:ComboTackle"],"picked":"Slimebound:ViciousTackle","floor":5},{"not_picked":["Slimebound:Recollect","Slimebound:Grow"],"picked":"Slimebound:ComboTackle+1","floor":8},{"not_picked":["Slimebound:DouseInSlime","Slimebound:GoopSpray"],"picked":"Slimebound:LivingWall","floor":9},{"not_picked":["Slimebound:LivingWall","Slimebound:DisruptingSlam+1"],"picked":"Slimebound:HauntingLick","floor":10},{"not_picked":["Slimebound:GoopTackle+1","Slimebound:LeechEnergy+1"],"picked":"Slimebound:FlameTackle+1","floor":11},{"not_picked":["Slimebound:PressTheAttack+1","Slimebound:MinionMaster"],"picked":"Slimebound:LeechEnergy+1","floor":12},{"not_picked":["Slimebound:ComboTackle+1","Slimebound:ItLooksTasty+1"],"picked":"Slimebound:Schlurp","floor":13},{"not_picked":["Slimebound:HungryTackle+1","Slimebound:SlimeBrawl"],"picked":"Slimebound:DuplicatedForm","floor":14},{"not_picked":["Slimebound:GoopTackle+1","Slimebound:FinishingTackle+1"],"picked":"Slimebound:DisruptingSlam+1","floor":15},{"not_picked":["Slimebound:MinionMaster","Slimebound:PrepareCrush"],"picked":"Slimebound:DuplicatedForm","floor":16},{"not_picked":["Slimebound:LeechEnergy+1"],"picked":"SKIP","floor":19},{"not_picked":[],"picked":"Slimebound:GoopSpray+1","floor":21},{"not_picked":["Slimebound:MegaLick"],"picked":"SKIP","floor":22},{"not_picked":[],"picked":"Slimebound:Recollect+1","floor":25},{"not_picked":[],"picked":"Slimebound:GrowthPunch+1","floor":27},{"not_picked":[],"picked":"Slimebound:SplitLeeching","floor":31},{"not_picked":["Slimebound:LevelUp"],"picked":"SKIP","floor":32},{"not_picked":[],"picked":"Slimebound:SelfFormingGoo","floor":33},{"not_picked":[],"picked":"Slimebound:SplitAcid","floor":36},{"not_picked":[],"picked":"Slimebound:HauntingLick+1","floor":37},{"not_picked":[],"picked":"Slimebound:SlimeSpikes+1","floor":39},{"not_picked":["expansioncontent:Chronoboost","expansioncontent:PolyBeam"],"picked":"expansioncontent:YouAreMine","floor":40},{"not_picked":["expansioncontent:GuardianWhirl","expansioncontent:InvincibleStrength"],"picked":"expansioncontent:HyperBeam","floor":40},{"not_picked":["expansioncontent:Hexaburn","expansioncontent:LastStand"],"picked":"expansioncontent:GuardianWhirl","floor":40},{"not_picked":[],"picked":"Slimebound:Replication+1","floor":42},{"not_picked":[],"picked":"Slimebound:SplitLeeching+1","floor":43},{"not_picked":["Slimebound:MinionMaster"],"picked":"SKIP","floor":45},{"not_picked":["Slimebound:MegaLick"],"picked":"SKIP","floor":47},{"not_picked":[],"picked":"Slimebound:SplitBruiser","floor":48},{"not_picked":["Slimebound:FinishingTackle+1"],"picked":"SKIP","floor":49}],"player_experience":1554943,"relics_obtained":[{"floor":7,"key":"Molten Egg 2"},{"floor":9,"key":"Shovel"},{"floor":11,"key":"PreservedInsect"},{"floor":14,"key":"Kunai"},{"floor":18,"key":"Bottled Flame"},{"floor":24,"key":"Smiling Mask"},{"floor":28,"key":"FossilizedHelix"},{"floor":38,"key":"Vajra"},{"floor":38,"key":"Pantograph"},{"floor":38,"key":"Pocketwatch"},{"floor":42,"key":"Thread and Needle"},{"floor":46,"key":"MawBank"},{"floor":47,"key":"Potion Belt"}],"event_choices":[{"damage_healed":0,"gold_gain":0,"player_choice":"Got Potions","damage_taken":0,"max_hp_gain":0,"max_hp_loss":0,"event_name":"Lab","floor":20,"gold_loss":0}],"is_beta":false,"boss_relics":[{"not_picked":["expansioncontent:StudyCardRelic","Empty Cage"],"picked":"Busted Crown"},{"not_picked":["Runic Dome","Fusion Hammer"],"picked":"Slimebound:AbsorbEndCombatUpgraded"}],"items_purged_floors":[25,48],"is_endless":false,"potions_floor_spawned":[2,4,9,10,15,22,27,33,37,39,42,45],"killed_by":"WA_ARCHETYPE_DIVINITY","ascension_level":11}}