{"host":"5kirneupyg4uzd3w","time":1612615455,"event":{"mods":["BaseMod","Colored Map","Custom Start","Minty Spire (QoL Compilation)","StSLib","SuperFastMode"],"gold_per_floor":[109,109,109,126,139,167,167,192,217,246,246,2,22,43,43,131,131,144,34,53,12,12,38,38,73,73,122,140,140,40,56,56,131,131,147,147,164,174,193,193,228,228,228,262,275,288,323,323,323,323,323,323,323,90,118,118,118],"floor_reached":56,"language":"KOR","playtime":1873,"items_purged":["Strike_R","Defend_R","Defend_R"],"score":2224,"play_id":"1f1646f3-b0aa-4f58-913c-5ebbe64e9227","local_time":"20210206214415","is_ascension_mode":true,"campfire_choices":[{"floor":7.0,"key":"REST"},{"floor":15.0,"key":"REST"},{"data":"Evolve","floor":24.0,"key":"SMITH"},{"floor":32.0,"key":"REST"},{"data":"Body Slam","floor":40.0,"key":"SMITH"},{"data":"Second Wind","floor":42.0,"key":"SMITH"},{"floor":49.0,"key":"RECALL"},{"data":"Dual Wield","floor":53.0,"key":"SMITH"}],"circlet_count":0,"master_deck":["AscendersBane","Defend_R","Defend_R","Bash+1","Body Slam+1","Metallicize+1","Pommel Strike+1","Evolve+1","Dual Wield+1","Wild Strike+1","Uppercut+1","Blood for Blood+1","Offering","Shrug It Off","Offering","Feel No Pain+1","Barricade+1","Second Wind+1","Impervious","Demon Form+1","Doubt","Impervious"],"relics":["Burning Blood","Molten Egg 2","Orichalcum","Frozen Egg 2","TheAbacus","Mark of Pain","Lantern","Pen Nib","Eternal Feather","Regal Pillow","Nloth\u0027s Gift","Black Star","Bronze Scales","Toy Ornithopter","TungstenRod","Bottled Lightning","Potion Belt","Letter Opener","Kunai","Whetstone"],"acts_visited":["Exordium","TheCity","TheBeyond","TheEnding"],"potions_floor_usage":[56],"damage_taken":[{"damage":12.0,"enemies":"Small Slimes","floor":1.0,"turns":6.0},{"damage":9.0,"enemies":"Jaw Worm","floor":4.0,"turns":6.0},{"damage":0.0,"enemies":"Cultist","floor":5.0,"turns":2.0},{"damage":59.0,"enemies":"Gremlin Nob","floor":6.0,"turns":5.0},{"damage":17.0,"enemies":"3 Sentries","floor":8.0,"turns":11.0},{"damage":15.0,"enemies":"3 Louse","floor":10.0,"turns":6.0},{"damage":13.0,"enemies":"Lots of Slimes","floor":13.0,"turns":4.0},{"damage":0.0,"enemies":"Gremlin Gang","floor":14.0,"turns":4.0},{"damage":28.0,"enemies":"Slime Boss","floor":16.0,"turns":8.0},{"damage":12.0,"enemies":"Shell Parasite","floor":18.0,"turns":4.0},{"damage":8.0,"enemies":"3 Byrds","floor":20.0,"turns":6.0},{"damage":15.0,"enemies":"Book of Stabbing","floor":23.0,"turns":4.0},{"damage":39.0,"enemies":"Gremlin Leader","floor":25.0,"turns":5.0},{"damage":8.0,"enemies":"3 Cultists","floor":28.0,"turns":4.0},{"damage":6.0,"enemies":"Shelled Parasite and Fungi","floor":31.0,"turns":3.0},{"damage":47.0,"enemies":"Champ","floor":33.0,"turns":11.0},{"damage":12.0,"enemies":"Orb Walker","floor":35.0,"turns":2.0},{"damage":15.0,"enemies":"3 Darklings","floor":37.0,"turns":5.0},{"damage":12.0,"enemies":"Sphere and 2 Shapes","floor":38.0,"turns":9.0},{"damage":10.0,"enemies":"Maw","floor":39.0,"turns":7.0},{"damage":12.0,"enemies":"Reptomancer","floor":41.0,"turns":5.0},{"damage":12.0,"enemies":"Giant Head","floor":44.0,"turns":6.0},{"damage":10.0,"enemies":"Writhing Mass","floor":45.0,"turns":8.0},{"damage":10.0,"enemies":"Transient","floor":46.0,"turns":6.0},{"damage":10.0,"enemies":"Reptomancer","floor":47.0,"turns":5.0},{"damage":10.0,"enemies":"Donu and Deca","floor":50.0,"turns":5.0},{"damage":22.0,"enemies":"Time Eater","floor":51.0,"turns":11.0},{"damage":70.0,"enemies":"Shield and Spear","floor":55.0,"turns":5.0},{"damage":16,"enemies":"The Heart","floor":56,"turns":3}],"seed_played":"3301415026669001575","potions_obtained":[{"floor":4.0,"key":"DistilledChaos"},{"floor":5.0,"key":"LiquidBronze"},{"floor":8.0,"key":"SkillPotion"},{"floor":20.0,"key":"DuplicationPotion"},{"floor":25.0,"key":"SteroidPotion"},{"floor":28.0,"key":"Explosive Potion"},{"floor":33.0,"key":"AttackPotion"},{"floor":39.0,"key":"Weak Potion"},{"floor":41.0,"key":"ColorlessPotion"},{"floor":44.0,"key":"DistilledChaos"},{"floor":55.0,"key":"Block Potion"}],"is_trial":false,"path_per_floor":["M","?","T","M","M","E","R","E","T","M","?","$","M","M","R","B",null,"M","?","M","$","?","E","R","E","T","T","M","?","$","M","R","B",null,"M","$","M","M","M","R","E","R","T","E","M","M","E","?","R","B","B",null,"R","$","E","B"],"character_chosen":"IRONCLAD","items_purchased":["TheAbacus","Shrug It Off","Energy Potion","Strength Potion"],"campfire_rested":3,"item_purchase_floors":[12,21,54,54],"current_hp_per_floor":[62,62,62,59,65,12,34,23,23,14,14,14,7,13,35,13,60,54,54,52,52,52,43,43,10,10,10,8,8,8,8,54,13,60,54,54,45,39,35,44,38,50,50,44,40,41,37,75,75,71,60,71,75,75,11,0,0],"gold":118,"neow_bonus":"REMOVE_CARD","is_daily":false,"chose_seed":false,"campfire_upgraded":4,"win_rate":0.0,"timestamp":1612615455,"path_taken":["M","?","?","?","M","E","R","E","T","M","?","$","M","?","R","BOSS","M","?","?","$","?","E","R","E","T","?","M","?","$","M","R","BOSS","M","?","M","M","M","R","E","R","T","E","?","M","E","?","R","BOSS","BOSS","R","$","E","BOSS"],"items_purchased_type":["Relic","Card","Potion","Potion"],"build_version":"2020-12-22","purchased_purges":3,"victory":false,"max_hp_per_floor":[75,75,75,75,75,75,75,75,75,75,75,75,75,75,75,75,75,75,75,75,75,75,75,75,75,75,75,75,75,75,75,75,75,75,75,75,75,75,75,75,75,75,75,75,75,75,75,75,75,75,75,75,75,75,75,75,75],"card_choices":[{"not_picked":["Armaments","Dual Wield"],"picked":"Body Slam","floor":1.0},{"not_picked":["Dual Wield","Double Tap"],"picked":"Pommel Strike+1","floor":4.0},{"not_picked":["Warcry","Havoc","Perfected Strike+1"],"picked":"SKIP","floor":5.0},{"not_picked":["Disarm","Thunderclap+1"],"picked":"Evolve","floor":6.0},{"not_picked":["Cleave+1","True Grit"],"picked":"Dual Wield","floor":8.0},{"not_picked":["Sword Boomerang+1","Clash+1"],"picked":"Wild Strike+1","floor":10.0},{"not_picked":["Cleave+1","Reckless Charge+1"],"picked":"Uppercut+1","floor":13.0},{"not_picked":["Dual Wield","Heavy Blade+1"],"picked":"Blood for Blood+1","floor":14.0},{"not_picked":["Impervious","Immolate+1"],"picked":"Offering","floor":16.0},{"not_picked":["Thunderclap+1","Clothesline+1","Cleave+1"],"picked":"SKIP","floor":18.0},{"not_picked":["Bloodletting","Anger+1","Cleave+1"],"picked":"SKIP","floor":20.0},{"not_picked":["Anger+1","Armaments","Havoc"],"picked":"SKIP","floor":23.0},{"not_picked":["Twin Strike+1","Sword Boomerang+1"],"picked":"Offering","floor":25.0},{"not_picked":["Heavy Blade+1","True Grit","Rage"],"picked":"SKIP","floor":28.0},{"not_picked":["Shrug It Off","Fire Breathing+1"],"picked":"Feel No Pain+1","floor":31.0},{"not_picked":["Brutality+1","Immolate+1"],"picked":"Barricade+1","floor":33.0},{"not_picked":["Intimidate","Clothesline+1"],"picked":"Second Wind","floor":35.0},{"not_picked":["Heavy Blade+1","Iron Wave+1","Clothesline+1"],"picked":"SKIP","floor":37.0},{"not_picked":["Whirlwind+1","Warcry","Wild Strike+1"],"picked":"SKIP","floor":38.0},{"not_picked":["Perfected Strike+1","Fire Breathing+1","Clash+1"],"picked":"SKIP","floor":39.0},{"not_picked":["Dropkick+1","Fire Breathing+1"],"picked":"Impervious","floor":41.0},{"not_picked":["Second Wind","Double Tap","Searing Blow+1"],"picked":"SKIP","floor":44.0},{"not_picked":["Warcry","Carnage+1","Clash+1"],"picked":"SKIP","floor":45.0},{"not_picked":["Twin Strike+1","Headbutt+1","Sword Boomerang+1"],"picked":"SKIP","floor":46.0},{"not_picked":["Flex","Offering"],"picked":"Demon Form+1","floor":47.0},{"not_picked":["Exhume","Seeing Red"],"picked":"Impervious","floor":55.0}],"player_experience":302812,"relics_obtained":[{"floor":3.0,"key":"Molten Egg 2"},{"floor":6.0,"key":"Orichalcum"},{"floor":8.0,"key":"Frozen Egg 2"},{"floor":9.0,"key":"CeramicFish"},{"floor":23.0,"key":"Lantern"},{"floor":25.0,"key":"Pen Nib"},{"floor":26.0,"key":"Eternal Feather"},{"floor":27.0,"key":"Regal Pillow"},{"floor":41.0,"key":"Bronze Scales"},{"floor":41.0,"key":"Toy Ornithopter"},{"floor":44.0,"key":"TungstenRod"},{"floor":44.0,"key":"Bottled Lightning"},{"floor":47.0,"key":"Potion Belt"},{"floor":47.0,"key":"Letter Opener"},{"floor":55.0,"key":"Kunai"},{"floor":55.0,"key":"Whetstone"}],"event_choices":[{"damage_healed":0.0,"max_hp_gain":0.0,"max_hp_loss":0.0,"gold_gain":0.0,"cards_transformed":["Strike_R"],"event_name":"Living Wall","player_choice":"Change","floor":2.0,"gold_loss":0.0,"damage_taken":0.0,"cards_obtained":["Metallicize"]},{"cards_removed":["Strike_R"],"damage_healed":0.0,"max_hp_gain":0.0,"max_hp_loss":0.0,"gold_gain":0.0,"event_name":"Purifier","player_choice":"Purged","floor":11.0,"gold_loss":0.0,"damage_taken":0.0},{"cards_removed":["Strike_R"],"damage_healed":0.0,"max_hp_gain":0.0,"max_hp_loss":0.0,"gold_gain":0.0,"event_name":"Designer","player_choice":"Upgrade and Remove","floor":19.0,"gold_loss":110.0,"damage_taken":0.0,"cards_upgraded":["Metallicize"]},{"damage_healed":0.0,"max_hp_gain":0.0,"max_hp_loss":0.0,"gold_gain":0.0,"event_name":"N\u0027loth","player_choice":"Traded Relic","floor":29.0,"relics_lost":["CeramicFish"],"gold_loss":0.0,"damage_taken":0.0,"relics_obtained":["Nloth\u0027s Gift"]},{"damage_healed":38.0,"max_hp_gain":0.0,"max_hp_loss":0.0,"gold_gain":0.0,"event_name":"MindBloom","player_choice":"Heal","floor":48.0,"gold_loss":0.0,"damage_taken":0.0,"cards_obtained":["Doubt"]}],"is_beta":false,"boss_relics":[{"not_picked":["Sozu","Runic Dome"],"picked":"Mark of Pain"},{"not_picked":["Velvet Choker","SlaversCollar"],"picked":"Black Star"}],"items_purged_floors":[12,30,54],"is_endless":false,"potions_floor_spawned":[4,5,8,10,20,25,28,33,39,41,44,45,55],"killed_by":"The Heart","ascension_level":20}}