{"host":"hcg2wesxzfo46upw","time":1612611027,"event":{"mods":["2.2 Compatiblity","AchievementEnabler","Act Like it!","Aspiration","BaseMod","Beaked The Cultist","Better Altar","Better Match","Better Note","Better Sensory Stone","Better Skull","Better Third Choice","ChefMod","Clockwork Mod","Conspire","Downfall","Elementarium","Gensokyo","GifTheSpireLib","Glutton Mod","Hubris","Infinite Spire","Jedi Mod","Mad Scientist","Minty Spire (QoL Compilation)","Pale of the Ancients","Reliquary","Replay The Spire","Robot Space Explorer","Shade Mod","Spicy Shops","Spikes Relics","StSLib","Stuff the Spire","The Blackbeard","The Bug Knight","The Construct","The Cursed","The Death Knight","The Disciple","The Edgeheg","The Jungle","The Marked","The Necromancer","The Runesmith","Wandering Minibosses"],"gold_per_floor":[119,38,152,48,61,61,77,77,77,93,112,132,57,73,73,173,173,186,186,186,200,217,217,236,236,317,331,331,331],"floor_reached":28,"language":"ENG","playtime":1247,"items_purged":[],"score":214,"play_id":"5eace3af-8084-4271-92f1-f50a62885667","local_time":"20210206123027","is_ascension_mode":false,"campfire_choices":[{"data":"theMarked:SoldierOfQuellstein","floor":6,"key":"SMITH"},{"floor":23,"key":"REST"},{"floor":25,"key":"REST"}],"circlet_count":0,"master_deck":["theMarked:Strike","theMarked:Strike","theMarked:Strike","theMarked:Strike","theMarked:Strike","theMarked:Defend","theMarked:Defend","theMarked:Defend","theMarked:Defend","theMarked:SoldierOfQuellstein+1","theMarked:Aftermath+1","theMarked:EmpowerWeapon","Gensokyo:RPG","theMarked:EmpowerWeapon+1","theMarked:RepellingDischarge","theMarked:ElectricStrings","theMarked:ThrowWeapon","theMarked:ShockingTouch","theMarked:Overcharge","Transmutation+1","theMarked:RogueSparks","theMarked:Vacuum","theMarked:BanishingStrike","downfall:Haunted","downfall:Haunted","downfall:Bewildered","theMarked:MagusForm","StuffTheSpire:CuriosityCurse","theMarked:Improvise+1","theMarked:SwordAndMagic","theMarked:DispelDoubt","theMarked:EmpowerWeapon+1"],"relics":["hubris:VirtuousBlindfold","infinitespire:PuzzleCube","StuffTheSpire:Barrel","theMarked:NailFile","aspiration:FutureDiary","Du-Vu Doll","Juzu Bracelet","Sundial","wanderingMiniBosses:CarrionFlame"],"acts_visited":["Exordium","TheCity"],"potions_floor_usage":[12,16,22,22,27,28],"damage_taken":[{"damage":2,"enemies":"Gensokyo:2_Kodama","floor":1,"turns":3},{"damage":0,"enemies":"Gensokyo:3_Fairies","floor":5,"turns":4},{"damage":0,"enemies":"Gensokyo:Gryphon","floor":7,"turns":3},{"damage":11,"enemies":"Gensokyo:CorruptedTreant","floor":10,"turns":3},{"damage":0,"enemies":"Gensokyo:3_Kodama","floor":11,"turns":1},{"damage":2,"enemies":"Gensokyo:2_Rabbits","floor":12,"turns":3},{"damage":4,"enemies":"Gensokyo:CorruptedTreant","floor":14,"turns":1},{"damage":10,"enemies":"Gensokyo:Yukari","floor":16,"turns":5},{"damage":0,"enemies":"Spheric Guardian","floor":18,"turns":2},{"damage":20,"enemies":"3 Byrds","floor":21,"turns":4},{"damage":42,"enemies":"Centurion and Healer","floor":22,"turns":6},{"damage":25,"enemies":"Snake Plant","floor":24,"turns":4},{"damage":20,"enemies":"3 Cultists","floor":27,"turns":6},{"damage":9,"enemies":"conspire:HollyBat","floor":28,"turns":4}],"seed_played":"733862778412748029","potions_obtained":[{"floor":1,"key":"jedi:tentaclejuice"},{"floor":5,"key":"theMarked:SummonPotion"},{"floor":12,"key":"champ:CounterPotion"},{"floor":16,"key":"Reflective Coating"},{"floor":24,"key":"BlessingOfTheForge"},{"floor":27,"key":"Guardian:BlockOnCardUsePotion"}],"is_trial":false,"path_per_floor":["M","$","?","COS","M","R","M","?","T","M","M","M","?","M","R","B",null,"M","?","?","M","M","R","M","R","T","M","M"],"character_chosen":"THE_DEFAULT","items_purchased":["theMarked:EmpowerWeapon"],"campfire_rested":2,"item_purchase_floors":[2],"current_hp_per_floor":[68,68,43,43,43,43,43,50,50,39,39,37,37,33,54,44,70,70,70,70,50,8,29,4,25,25,5,0,0],"gold":331,"neow_bonus":"BOSS_RELIC","is_daily":false,"chose_seed":false,"campfire_upgraded":1,"win_rate":0.0,"timestamp":1612611027,"path_taken":["M","$","?","COS","M","R","?","?","T","?","M","M","?","?","R","BOSS","M","?","?","M","M","R","M","R","T","M","M"],"items_purchased_type":["Card"],"build_version":"2020-12-22","purchased_purges":0,"victory":false,"max_hp_per_floor":[70,70,70,70,70,70,70,70,70,70,70,70,70,70,70,70,70,70,70,70,70,70,70,70,70,70,70,70,70],"card_choices":[{"not_picked":["theMarked:ElectricStrings","theMarked:TwofoldDefense"],"picked":"theMarked:Aftermath","floor":1},{"not_picked":["theMarked:ChainLightning+1","theMarked:KeepCalmAndFight+1"],"picked":"theMarked:EmpowerWeapon+1","floor":5},{"not_picked":["theMarked:TakeCover","theMarked:TwofoldDefense"],"picked":"theMarked:RepellingDischarge","floor":5},{"not_picked":["theMarked:PowerFlow","theMarked:Heritage"],"picked":"theMarked:ElectricStrings","floor":7},{"not_picked":["theMarked:RepellingDischarge","theMarked:Electrocute"],"picked":"theMarked:ThrowWeapon","floor":10},{"not_picked":["theMarked:Parkour","theMarked:Aftermath"],"picked":"theMarked:ShockingTouch","floor":11},{"not_picked":["theMarked:Frustration","theMarked:PowerFlow"],"picked":"theMarked:Overcharge","floor":12},{"not_picked":["Sadistic Nature+1","ReplayTheSpireMod:Brewmster+1"],"picked":"Transmutation+1","floor":13},{"not_picked":["theMarked:Standoff","theMarked:TakeCover"],"picked":"theMarked:RogueSparks","floor":14},{"not_picked":["theMarked:MagusForm","theMarked:DispelDoubt"],"picked":"theMarked:Vacuum","floor":16},{"not_picked":["theMarked:Parkour","theMarked:Improvise"],"picked":"theMarked:BanishingStrike","floor":18},{"not_picked":["theMarked:AttractMetal","theMarked:Generate"],"picked":"theMarked:Improvise+1","floor":21},{"not_picked":["theMarked:Frustration+1","theMarked:HeightenedSenses"],"picked":"theMarked:SwordAndMagic","floor":22},{"not_picked":["theMarked:SwordAndMagic","theMarked:ElectricStrings"],"picked":"theMarked:DispelDoubt","floor":24},{"not_picked":["theMarked:AttractMetal+1","theMarked:Frustration+1"],"picked":"theMarked:EmpowerWeapon+1","floor":27}],"player_experience":273996,"relics_obtained":[{"floor":9,"key":"theMarked:NailFile"},{"floor":26,"key":"Sundial"},{"floor":27,"key":"wanderingMiniBosses:CarrionFlame"}],"event_choices":[{"damage_healed":0,"gold_gain":114,"player_choice":"RE GO ","damage_taken":28,"relics_obtained":["infinitespire:PuzzleCube"],"max_hp_gain":0,"max_hp_loss":0,"event_name":"betterSkull:BetterSkull","floor":3,"gold_loss":0,"cards_upgraded":[]},{"damage_healed":0,"gold_gain":0,"player_choice":"2","damage_taken":0,"max_hp_gain":0,"max_hp_loss":0,"event_name":"betterMatch:BetterMatch","floor":13,"gold_loss":0,"cards_obtained":["betterMatch:ColorlessRareCard"]}],"is_beta":false,"boss_relics":[{"not_picked":["construct:WeddingRing","aspiration:RitualDagger"],"picked":"aspiration:FutureDiary"}],"items_purged_floors":[],"is_endless":false,"potions_floor_spawned":[1,5,12,16,24,27],"killed_by":"conspire:HollyBat","ascension_level":0}}