{"host":"7wi4qgm5yw4j7oz0","time":1612629983,"event":{"mods":["AchievementEnabler","BaseMod","Block Reminder","Colored Map","Colored Powertips","Highlight Path","Minty Spire (QoL Compilation)","Permanent Neow","Quick Restart","Random Character Button","Rare Cards Sparkle","StSLib","everything is the same but u backflip on backflip"],"gold_per_floor":[116,136,211,211,223,223,223,237,237,251,267,267,36,36,36,132,132,142,142,97,97,113,130,130,141,141,41,56,69,84,98,98,201,201,216,59,59,59,109,109,141,141,167,187,187,200,217,227,227,227],"floor_reached":51,"language":"KOR","playtime":2944,"items_purged":["Strike_R","Sever Soul"],"score":1029,"play_id":"59c59786-a077-4470-8f18-2627d4242057","local_time":"20210207014623","is_ascension_mode":true,"campfire_choices":[{"data":"Fiend Fire","floor":6.0,"key":"SMITH"},{"data":"Rampage","floor":12.0,"key":"SMITH"},{"data":"Bash","floor":15.0,"key":"SMITH"},{"floor":24.0,"key":"REST"},{"floor":32.0,"key":"REST"},{"data":"Barricade","floor":40.0,"key":"SMITH"},{"data":"Body Slam","floor":49.0,"key":"SMITH"}],"circlet_count":0,"master_deck":["Defend_R","Defend_R","Defend_R","Defend_R","Bash+1","Shrug It Off","Offering","Fiend Fire+1","Battle Trance","Rampage+1","Panacea","Barricade+1","Flex+1","Body Slam+1","Warcry+1","Finesse","Entrench+1"],"relics":["Burning Blood","Matryoshka","TheAbacus","Velvet Choker","InkBottle","Akabeko","SacredBark","Oddly Smooth Stone","Magic Flower","Bag of Marbles","Orichalcum","Bronze Scales"],"acts_visited":["Exordium","TheCity","TheBeyond"],"potions_floor_usage":[50,50,50],"damage_taken":[{"damage":4.0,"enemies":"2 Louse","floor":1.0,"turns":4.0},{"damage":0.0,"enemies":"Cultist","floor":2.0,"turns":3.0},{"damage":9.0,"enemies":"Jaw Worm","floor":5.0,"turns":5.0},{"damage":6.0,"enemies":"Red Slaver","floor":8.0,"turns":1.0},{"damage":12.0,"enemies":"Exordium Thugs","floor":10.0,"turns":4.0},{"damage":6.0,"enemies":"Large Slime","floor":11.0,"turns":1.0},{"damage":6.0,"enemies":"The Guardian","floor":16.0,"turns":3.0},{"damage":20.0,"enemies":"3 Byrds","floor":18.0,"turns":5.0},{"damage":23.0,"enemies":"2 Thieves","floor":22.0,"turns":3.0},{"damage":20.0,"enemies":"Cultist and Chosen","floor":23.0,"turns":6.0},{"damage":0.0,"enemies":"Snake Plant","floor":25.0,"turns":1.0},{"damage":15.0,"enemies":"Centurion and Healer","floor":28.0,"turns":4.0},{"damage":4.0,"enemies":"Snecko","floor":29.0,"turns":3.0},{"damage":12.0,"enemies":"Shelled Parasite and Fungi","floor":30.0,"turns":3.0},{"damage":12.0,"enemies":"Snake Plant","floor":31.0,"turns":2.0},{"damage":36.0,"enemies":"Collector","floor":33.0,"turns":4.0},{"damage":16.0,"enemies":"3 Shapes","floor":35.0,"turns":10.0},{"damage":6.0,"enemies":"Mind Bloom Boss Battle","floor":39.0,"turns":5.0},{"damage":6.0,"enemies":"Reptomancer","floor":41.0,"turns":2.0},{"damage":11.0,"enemies":"Orb Walker","floor":44.0,"turns":2.0},{"damage":6.0,"enemies":"4 Shapes","floor":46.0,"turns":7.0},{"damage":6.0,"enemies":"Sphere and 2 Shapes","floor":47.0,"turns":3.0},{"damage":30.0,"enemies":"Jaw Worm Horde","floor":48.0,"turns":7.0},{"damage":28,"enemies":"Awakened One","floor":50,"turns":10}],"seed_played":"7786196115033302366","potions_obtained":[{"floor":2.0,"key":"EntropicBrew"},{"floor":8.0,"key":"FearPotion"},{"floor":10.0,"key":"BlessingOfTheForge"},{"floor":22.0,"key":"ColorlessPotion"},{"floor":44.0,"key":"GamblersBrew"},{"floor":47.0,"key":"BloodPotion"}],"is_trial":false,"path_per_floor":["M","M","?","?","M","R","?","M","T","M","M","R","$","?","R","B",null,"M","?","$","?","M","M","R","M","T","$","M","M","M","M","R","B",null,"M","$","?","$","?","R","E","?","T","M","?","M","M","M","R","B",null],"character_chosen":"IRONCLAD","items_purchased":["TheAbacus","Body Slam","Oddly Smooth Stone"],"campfire_rested":2,"item_purchase_floors":[13,20,36],"current_hp_per_floor":[58,64,53,53,50,50,50,50,50,44,44,44,44,44,44,44,71,57,57,57,57,40,26,50,56,56,56,47,49,43,37,61,31,68,58,58,58,58,58,58,61,61,61,59,59,62,65,44,44,73],"gold":227,"neow_bonus":"REMOVE_TWO","is_daily":false,"chose_seed":false,"campfire_upgraded":5,"win_rate":0.0,"timestamp":1612629983,"path_taken":["M","M","?","?","?","R","?","M","T","?","M","R","?","?","R","BOSS","M","?","$","?","M","?","R","M","T","$","M","M","M","M","R","BOSS","M","$","?","$","?","R","E","?","T","M","?","M","M","M","R","BOSS"],"items_purchased_type":["Relic","Card","Relic"],"build_version":"2020-12-22","purchased_purges":2,"victory":true,"max_hp_per_floor":[80,80,80,80,80,80,80,80,80,80,80,80,80,80,80,80,80,80,80,80,80,80,80,80,80,80,80,80,80,80,80,80,80,80,80,80,80,80,80,80,80,80,80,80,80,80,80,80,80,80],"card_choices":[{"not_picked":["Havoc","True Grit"],"picked":"Shrug It Off","floor":1.0},{"not_picked":["Headbutt","Heavy Blade"],"picked":"Sever Soul","floor":2.0},{"not_picked":["Clash","Ghostly Armor"],"picked":"Fiend Fire","floor":5.0},{"not_picked":["Clash","Sever Soul"],"picked":"Battle Trance","floor":8.0},{"not_picked":["Perfected Strike","Shrug It Off"],"picked":"Rampage","floor":10.0},{"not_picked":["Dual Wield","Power Through","Clash"],"picked":"SKIP","floor":11.0},{"not_picked":["Dual Wield","Power Through","Clash"],"picked":"SKIP","floor":11.0},{"not_picked":["Exhume","Limit Break"],"picked":"Barricade","floor":16.0},{"not_picked":["Twin Strike","Thunderclap"],"picked":"Flex+1","floor":18.0},{"not_picked":["True Grit","Thunderclap+1","Armaments"],"picked":"SKIP","floor":22.0},{"not_picked":["Flex","Perfected Strike+1","Barricade"],"picked":"SKIP","floor":23.0},{"not_picked":["Twin Strike","Pommel Strike","Wild Strike"],"picked":"SKIP","floor":25.0},{"not_picked":["Armaments+1","Sentinel"],"picked":"Warcry+1","floor":28.0},{"not_picked":["Body Slam+1","Dual Wield","Armaments+1"],"picked":"SKIP","floor":29.0},{"not_picked":["Clash+1","Spot Weakness+1","Sword Boomerang"],"picked":"SKIP","floor":30.0},{"not_picked":["Dual Wield","Limit Break","Sword Boomerang"],"picked":"SKIP","floor":31.0},{"not_picked":["Whirlwind","Havoc+1","Sword Boomerang+1"],"picked":"SKIP","floor":35.0},{"not_picked":["Trip","Good Instincts"],"picked":"Finesse","floor":37.0},{"not_picked":["Hemokinesis","Pommel Strike+1","Wild Strike"],"picked":"SKIP","floor":41.0},{"not_picked":["Headbutt+1","Body Slam","Iron Wave+1"],"picked":"SKIP","floor":44.0},{"not_picked":["Pommel Strike+1","Metallicize+1","Feed"],"picked":"SKIP","floor":46.0},{"not_picked":["Clothesline","Shockwave+1"],"picked":"Entrench+1","floor":47.0},{"not_picked":["Pommel Strike","Combust","Body Slam"],"picked":"SKIP","floor":48.0}],"player_experience":244266,"relics_obtained":[{"floor":9.0,"key":"Matryoshka"},{"floor":26.0,"key":"InkBottle"},{"floor":26.0,"key":"Akabeko"},{"floor":39.0,"key":"Magic Flower"},{"floor":41.0,"key":"Bag of Marbles"},{"floor":43.0,"key":"Orichalcum"},{"floor":43.0,"key":"Bronze Scales"}],"event_choices":[{"damage_healed":0.0,"max_hp_gain":0.0,"max_hp_loss":0.0,"gold_gain":75.0,"event_name":"World of Goop","player_choice":"Gather Gold","floor":3.0,"gold_loss":0.0,"damage_taken":11.0},{"damage_healed":0.0,"max_hp_gain":0.0,"max_hp_loss":0.0,"gold_gain":0.0,"cards_transformed":["Strike_R"],"event_name":"Transmorgrifier","player_choice":"Transformed","floor":4.0,"gold_loss":0.0,"damage_taken":0.0,"cards_obtained":["Offering"]},{"damage_healed":0.0,"max_hp_gain":0.0,"max_hp_loss":0.0,"gold_gain":0.0,"event_name":"The Woman in Blue","player_choice":"Bought 0 Potions","floor":7.0,"gold_loss":0.0,"damage_taken":0.0},{"damage_healed":0.0,"max_hp_gain":0.0,"max_hp_loss":0.0,"gold_gain":0.0,"event_name":"Match and Keep!","player_choice":"1 cards matched","floor":14.0,"gold_loss":0.0,"damage_taken":0.0,"cards_obtained":["Panacea"]},{"damage_healed":0.0,"max_hp_gain":0.0,"max_hp_loss":0.0,"gold_gain":0.0,"event_name":"The Mausoleum","player_choice":"Ignored","floor":19.0,"gold_loss":0.0,"damage_taken":0.0},{"cards_removed":["Strike_R"],"damage_healed":0.0,"max_hp_gain":0.0,"max_hp_loss":0.0,"gold_gain":0.0,"event_name":"Bonfire Elementals","player_choice":"Offered Basic","floor":21.0,"gold_loss":0.0,"damage_taken":0.0},{"damage_healed":0.0,"max_hp_gain":0.0,"max_hp_loss":0.0,"gold_gain":0.0,"event_name":"SensoryStone","player_choice":"Memory 1","floor":37.0,"gold_loss":0.0,"damage_taken":0.0},{"damage_healed":0.0,"max_hp_gain":0.0,"max_hp_loss":0.0,"gold_gain":0.0,"event_name":"MindBloom","player_choice":"Fight","floor":39.0,"gold_loss":0.0,"damage_taken":0.0},{"damage_healed":0.0,"max_hp_gain":0.0,"max_hp_loss":0.0,"gold_gain":0.0,"event_name":"Mysterious Sphere","player_choice":"Ignored","floor":42.0,"gold_loss":0.0,"damage_taken":0.0},{"damage_healed":0.0,"max_hp_gain":0.0,"max_hp_loss":0.0,"gold_gain":0.0,"event_name":"Tomb of Lord Red Mask","player_choice":"Ignored","floor":45.0,"gold_loss":0.0,"damage_taken":0.0}],"is_beta":false,"boss_relics":[{"not_picked":["Pandora\u0027s Box","Black Star"],"picked":"Velvet Choker"},{"not_picked":["Runic Dome","Tiny House"],"picked":"SacredBark"}],"items_purged_floors":[13,27],"is_endless":false,"potions_floor_spawned":[2,8,10,11,22,28,29,31,35,44,47],"ascension_level":5}}