{"host":"j4g6ia6asvpyu2b0","time":1612637488,"event":{"mods":["BaseMod","Colored Map","Minty Spire (QoL Compilation)","Permanent Neow","Quick Restart","Relic Stats","StSLib","Unceasing Turn Reminder"],"gold_per_floor":[16,16,16,31,55,90,90,121,121,137,180,180,180,13,13,141,141,155,168,168,187,200,239,239,282,282,282,306,306,306,337,337,458,458,481,495,495,420,435,435,473,491,538,554,567,248,291,291,291,291,291],"floor_reached":50,"language":"ENG","playtime":2288,"items_purged":["Strike_G","Strike_G"],"score":890,"play_id":"982106a9-8306-46fe-9222-e3ad5345f168","local_time":"20210206115128","is_ascension_mode":true,"campfire_choices":[{"floor":7,"key":"RECALL"},{"data":"Cloak And Dagger","floor":15,"key":"SMITH"},{"data":"Well Laid Plans","floor":27,"key":"SMITH"},{"data":"Tools of the Trade","floor":29,"key":"SMITH"},{"data":"Corpse Explosion","floor":32,"key":"SMITH"},{"data":"A Thousand Cuts","floor":40,"key":"SMITH"},{"data":"Madness","floor":49,"key":"SMITH"}],"circlet_count":0,"master_deck":["Strike_G","Defend_G","Defend_G","Defend_G","Defend_G","Defend_G","Survivor","Neutralize","Apotheosis+1","Well Laid Plans+1","Quick Slash","Backflip","Sucker Punch","Corpse Explosion+1","Escape Plan","Cloak And Dagger+1","Flash of Steel","Infinite Blades","Tools of the Trade+1","Cloak And Dagger+1","Backflip","Blade Dance+1","Escape Plan+1","Dagger Throw+1","Dagger Throw","PiercingWail","Backflip+1","A Thousand Cuts+1","CurseOfTheBell","Blade Dance+1","Blade Dance","Madness+1","Madness","Parasite","Flying Knee+1","Infinite Blades","Finisher+1","Dodge and Roll+1","Blade Dance+1","Finisher","Cloak And Dagger"],"relics":["Ring of the Snake","Golden Idol","Regal Pillow","Ornamental Fan","Kunai","Eternal Feather","Art of War","Runic Dome","Ancient Tea Set","Lantern","Bottled Lightning","PreservedInsect","Calling Bell","Happy Flower","Darkstone Periapt","TungstenRod","Potion Belt","Nunchaku","Shuriken"],"acts_visited":["Exordium","TheCity","TheBeyond"],"potions_floor_usage":[6,11,18,50],"damage_taken":[{"damage":0,"enemies":"Small Slimes","floor":1,"turns":4},{"damage":0,"enemies":"2 Louse","floor":4,"turns":3},{"damage":0,"enemies":"Cultist","floor":5,"turns":4},{"damage":3,"enemies":"Gremlin Nob","floor":6,"turns":4},{"damage":5,"enemies":"Lagavulin","floor":8,"turns":9},{"damage":0,"enemies":"Blue Slaver","floor":10,"turns":5},{"damage":0,"enemies":"3 Sentries","floor":11,"turns":3},{"damage":0,"enemies":"The Guardian","floor":16,"turns":11},{"damage":5,"enemies":"2 Thieves","floor":18,"turns":3},{"damage":0,"enemies":"Shell Parasite","floor":19,"turns":5},{"damage":1,"enemies":"Shelled Parasite and Fungi","floor":21,"turns":6},{"damage":12,"enemies":"Centurion and Healer","floor":22,"turns":4},{"damage":0,"enemies":"Book of Stabbing","floor":23,"turns":6},{"damage":16,"enemies":"Gremlin Leader","floor":25,"turns":9},{"damage":0,"enemies":"Cultist and Chosen","floor":28,"turns":4},{"damage":1,"enemies":"Slavers","floor":31,"turns":4},{"damage":33,"enemies":"Collector","floor":33,"turns":10},{"damage":9,"enemies":"3 Darklings","floor":35,"turns":5},{"damage":7,"enemies":"3 Shapes","floor":36,"turns":4},{"damage":8,"enemies":"Writhing Mass","floor":39,"turns":6},{"damage":0,"enemies":"Nemesis","floor":41,"turns":5},{"damage":0,"enemies":"4 Shapes","floor":42,"turns":4},{"damage":15,"enemies":"Jaw Worm Horde","floor":44,"turns":3},{"damage":6,"enemies":"Sphere and 2 Shapes","floor":45,"turns":5},{"damage":0,"enemies":"Reptomancer","floor":47,"turns":5},{"damage":79,"enemies":"Time Eater","floor":50,"turns":6}],"seed_played":"-8434944735319546488","potions_obtained":[{"floor":5,"key":"Poison Potion"},{"floor":6,"key":"CunningPotion"},{"floor":8,"key":"SpeedPotion"},{"floor":19,"key":"Block Potion"},{"floor":21,"key":"GamblersBrew"},{"floor":23,"key":"ColorlessPotion"},{"floor":25,"key":"Energy Potion"},{"floor":41,"key":"LiquidBronze"},{"floor":42,"key":"DuplicationPotion"}],"is_trial":false,"path_per_floor":["M","?","?","M","M","E","R","E","T","M","E","?","?","$","R","B",null,"M","M","?","M","M","E","?","E","T","R","M","R","?","E","R","B",null,"M","M","?","$","M","R","E","M","T","M","M","$","E","?","R","B"],"character_chosen":"THE_SILENT","items_purchased":["Flash of Steel","Infinite Blades","Nunchaku","Finisher"],"campfire_rested":0,"item_purchase_floors":[14,14,46,46],"current_hp_per_floor":[70,53,53,53,53,50,50,45,45,45,45,33,26,26,38,38,70,65,65,65,64,52,52,52,36,36,51,51,66,53,52,67,34,75,66,59,51,51,49,70,70,70,70,55,49,49,49,49,73,0,0],"gold":291,"neow_bonus":"RANDOM_COLORLESS_2","is_daily":false,"chose_seed":false,"campfire_upgraded":6,"win_rate":0.0,"timestamp":1612637488,"path_taken":["M","?","?","M","M","E","R","E","T","?","E","?","?","?","R","BOSS","M","M","?","M","M","E","?","E","T","R","?","R","?","E","R","BOSS","M","M","?","$","M","R","E","M","T","M","M","$","E","?","R","BOSS"],"items_purchased_type":["Card","Card","Relic","Card"],"build_version":"2020-12-22","purchased_purges":2,"victory":false,"max_hp_per_floor":[70,70,70,70,70,70,70,70,70,70,70,70,70,70,70,70,70,70,70,70,70,70,70,70,70,70,70,70,70,75,75,75,75,75,75,75,75,75,81,81,81,81,81,81,81,81,81,81,81,81,81],"relic_stats":{"Darkstone Periapt":6,"Regal Pillow":0,"Happy Flower":[14],"counters":[26,137],"Golden Idol":162,"Eternal Feather":102,"PreservedInsect":104,"Nunchaku":[5],"Ornamental Fan":[452],"Shuriken":[5],"Art of War":[9],"Kunai":[113],"obtain_stats":[{"Darkstone Periapt":34,"Potion Belt":41,"Regal Pillow":6,"Lantern":25,"Happy Flower":34,"Golden Idol":2,"Eternal Feather":11,"PreservedInsect":31,"Ancient Tea Set":23,"Calling Bell":34,"Runic Dome":17,"Nunchaku":46,"Ornamental Fan":8,"Shuriken":47,"Art of War":12,"Kunai":9,"Bottled Lightning":26,"TungstenRod":34,"Ring of the Snake":0},{"Darkstone Periapt":17,"Potion Belt":21,"Regal Pillow":4,"Lantern":14,"Happy Flower":17,"Golden Idol":1,"Eternal Feather":7,"PreservedInsect":16,"Ancient Tea Set":13,"Calling Bell":17,"Runic Dome":8,"Nunchaku":24,"Ornamental Fan":5,"Shuriken":25,"Art of War":7,"Kunai":5,"Bottled Lightning":14,"TungstenRod":17,"Ring of the Snake":0},{"Darkstone Periapt":94,"Potion Belt":114,"Regal Pillow":15,"Lantern":76,"Happy Flower":94,"Golden Idol":4,"Eternal Feather":32,"PreservedInsect":84,"Ancient Tea Set":67,"Calling Bell":94,"Runic Dome":43,"Nunchaku":126,"Ornamental Fan":24,"Shuriken":131,"Art of War":32,"Kunai":24,"Bottled Lightning":76,"TungstenRod":94,"Ring of the Snake":0}],"TungstenRod":15,"Ring of the Snake":[52]},"card_choices":[{"not_picked":["Sadistic Nature","The Bomb"],"picked":"Apotheosis","floor":0},{"not_picked":["Crippling Poison","Prepared"],"picked":"Well Laid Plans","floor":1},{"not_picked":["Heel Hook","Outmaneuver"],"picked":"Quick Slash","floor":4},{"not_picked":["Choke","All Out Attack"],"picked":"Backflip","floor":5},{"not_picked":["Finisher","Dodge and Roll"],"picked":"Sucker Punch","floor":6},{"not_picked":["Sucker Punch","Backflip"],"picked":"Corpse Explosion","floor":8},{"not_picked":["Concentrate","Dagger Throw"],"picked":"Escape Plan","floor":10},{"not_picked":["Backflip","Concentrate"],"picked":"Cloak And Dagger","floor":11},{"not_picked":["Phantasmal Killer","Corpse Explosion"],"picked":"Tools of the Trade","floor":16},{"not_picked":["Infinite Blades+1","PiercingWail"],"picked":"Cloak And Dagger+1","floor":18},{"not_picked":["Acrobatics","Predator"],"picked":"Backflip","floor":19},{"not_picked":["Slice","Flying Knee"],"picked":"Blade Dance+1","floor":21},{"not_picked":["All Out Attack","Flying Knee+1"],"picked":"Escape Plan+1","floor":22},{"not_picked":["Glass Knife","Riddle With Holes"],"picked":"Dagger Throw+1","floor":23},{"not_picked":["Setup","All Out Attack"],"picked":"Dagger Throw","floor":25},{"not_picked":["Bane+1","Outmaneuver"],"picked":"PiercingWail","floor":28},{"not_picked":["Calculated Gamble","Dagger Throw"],"picked":"Backflip+1","floor":31},{"not_picked":["Storm of Steel","Doppelganger"],"picked":"A Thousand Cuts","floor":33},{"not_picked":["Outmaneuver","Terror+1"],"picked":"Blade Dance+1","floor":35},{"not_picked":["Bane","Dagger Throw"],"picked":"Blade Dance","floor":36},{"not_picked":["Glass Knife","Prepared"],"picked":"Flying Knee+1","floor":39},{"not_picked":["Calculated Gamble","Dagger Throw"],"picked":"Infinite Blades","floor":41},{"not_picked":["Leg Sweep+1","Flying Knee+1"],"picked":"Finisher+1","floor":42},{"not_picked":["Deflect","Underhanded Strike"],"picked":"Dodge and Roll+1","floor":44},{"not_picked":["Concentrate","Dodge and Roll"],"picked":"Blade Dance+1","floor":45},{"not_picked":["Dagger Spray","PiercingWail"],"picked":"Cloak And Dagger","floor":47}],"player_experience":1160752,"relics_obtained":[{"floor":6,"key":"Regal Pillow"},{"floor":8,"key":"Ornamental Fan"},{"floor":9,"key":"Kunai"},{"floor":11,"key":"Eternal Feather"},{"floor":23,"key":"Ancient Tea Set"},{"floor":25,"key":"Lantern"},{"floor":26,"key":"Bottled Lightning"},{"floor":31,"key":"PreservedInsect"},{"floor":34,"key":"Happy Flower"},{"floor":34,"key":"Darkstone Periapt"},{"floor":34,"key":"TungstenRod"},{"floor":41,"key":"Potion Belt"},{"floor":47,"key":"Shuriken"}],"event_choices":[{"damage_healed":0,"gold_gain":0,"player_choice":"Take Damage","damage_taken":17,"relics_obtained":["Golden Idol"],"max_hp_gain":0,"max_hp_loss":0,"event_name":"Golden Idol","floor":2,"gold_loss":0},{"damage_healed":0,"gold_gain":0,"player_choice":"Forge","damage_taken":0,"max_hp_gain":0,"max_hp_loss":0,"event_name":"Accursed Blacksmith","floor":3,"gold_loss":0,"cards_upgraded":["Apotheosis"]},{"damage_healed":0,"gold_gain":0,"player_choice":"Success","damage_taken":12,"relics_obtained":["Art of War"],"max_hp_gain":0,"max_hp_loss":0,"event_name":"Scrap Ooze","floor":12,"gold_loss":0},{"cards_removed":["Strike_G"],"damage_healed":0,"gold_gain":0,"player_choice":"Card Removal","damage_taken":7,"max_hp_gain":0,"max_hp_loss":0,"event_name":"Golden Wing","floor":13,"gold_loss":0},{"damage_healed":0,"gold_gain":0,"player_choice":"Ignored","damage_taken":0,"max_hp_gain":0,"max_hp_loss":0,"event_name":"Ghosts","floor":20,"gold_loss":0},{"cards_removed":["Strike_G"],"damage_healed":0,"gold_gain":0,"player_choice":"Elegance","damage_taken":0,"max_hp_gain":0,"max_hp_loss":0,"event_name":"Back to Basics","floor":24,"gold_loss":0},{"damage_healed":0,"gold_gain":0,"player_choice":"Shed Blood","damage_taken":18,"max_hp_gain":5,"max_hp_loss":0,"event_name":"Forgotten Altar","floor":30,"gold_loss":0},{"damage_healed":0,"gold_gain":0,"player_choice":"Embrace Madness","damage_taken":9,"max_hp_gain":0,"max_hp_loss":0,"event_name":"Winding Halls","floor":37,"gold_loss":0,"cards_obtained":["Madness","Madness"]},{"damage_healed":0,"gold_gain":0,"player_choice":"Ignored","damage_taken":0,"max_hp_gain":0,"max_hp_loss":0,"event_name":"Tomb of Lord Red Mask","floor":48,"gold_loss":0}],"is_beta":false,"boss_relics":[{"not_picked":["SlaversCollar","Ectoplasm"],"picked":"Runic Dome"},{"not_picked":["Tiny House","Ring of the Serpent"],"picked":"Calling Bell"}],"items_purged_floors":[38,46],"is_endless":false,"potions_floor_spawned":[5,6,8,19,21,23,25,28,33,41,42,44],"killed_by":"Time Eater","ascension_level":3}}