{"host":"0srjqcvl8k9r4fi9","time":1612639188,"event":{"mods":["AchievementEnabler","BaseMod","Minty Spire (QoL Compilation)","Uncapped"],"gold_per_floor":[109,109,119,44,57,88,88,98,144,160,160,160,160],"floor_reached":12,"language":"ENG","playtime":629,"items_purged":["Strike_R"],"score":108,"play_id":"8898f458-11dd-42b7-a143-0ba5a7911f44","local_time":"20210206131948","is_ascension_mode":true,"campfire_choices":[{"data":"Exhume","floor":7,"key":"SMITH"}],"circlet_count":0,"master_deck":["Strike_R","Strike_R","Strike_R","Strike_R","Defend_R","Defend_R","Defend_R","Defend_R","Bash","Pummel","Havoc","Rampage","Exhume+1","True Grit","Blood for Blood"],"relics":["Burning Blood","Question Card","Anchor"],"acts_visited":["Exordium"],"potions_floor_usage":[12,12,12],"damage_taken":[{"damage":10,"enemies":"Cultist","floor":1,"turns":5},{"damage":4,"enemies":"2 Louse","floor":3,"turns":3},{"damage":8,"enemies":"Jaw Worm","floor":5,"turns":5},{"damage":47,"enemies":"Gremlin Nob","floor":6,"turns":5},{"damage":4,"enemies":"2 Fungi Beasts","floor":8,"turns":4},{"damage":10,"enemies":"Large Slime","floor":10,"turns":8},{"damage":30,"enemies":"3 Sentries","floor":12,"turns":5}],"seed_played":"5972468646596352691","potions_obtained":[{"floor":1,"key":"FearPotion"},{"floor":6,"key":"SpeedPotion"},{"floor":10,"key":"AttackPotion"}],"is_trial":false,"path_per_floor":["M","?","M","$","M","E","R","M","T","M","?","E"],"character_chosen":"IRONCLAD","items_purchased":[],"campfire_rested":0,"item_purchase_floors":[],"current_hp_per_floor":[76,73,75,75,73,32,32,34,34,30,30,0,0],"gold":160,"neow_bonus":"TEN_PERCENT_HP_BONUS","is_daily":false,"chose_seed":false,"campfire_upgraded":1,"win_rate":0.0,"timestamp":1612639188,"path_taken":["M","?","M","$","M","E","R","M","T","M","?","E"],"items_purchased_type":[],"build_version":"2020-12-22","purchased_purges":1,"victory":false,"max_hp_per_floor":[88,88,88,88,88,88,88,88,88,88,88,88,88],"card_choices":[{"not_picked":["Carnage","Clothesline"],"picked":"Pummel","floor":1},{"not_picked":["Heavy Blade","Warcry","Intimidate"],"picked":"Havoc","floor":3},{"not_picked":["Perfected Strike","Body Slam","Iron Wave"],"picked":"Rampage","floor":5},{"not_picked":["Burning Pact","Sword Boomerang","Twin Strike"],"picked":"Exhume","floor":6},{"not_picked":["Clothesline","Intimidate","Thunderclap"],"picked":"True Grit","floor":8},{"not_picked":["True Grit","Sword Boomerang","Clash"],"picked":"Blood for Blood","floor":10}],"player_experience":346908,"relics_obtained":[{"floor":6,"key":"Anchor"}],"event_choices":[{"damage_healed":0,"gold_gain":0,"player_choice":"Success","damage_taken":3,"relics_obtained":["Question Card"],"max_hp_gain":0,"max_hp_loss":0,"event_name":"Scrap Ooze","floor":2,"gold_loss":0},{"damage_healed":0,"gold_gain":0,"player_choice":"Ignored","damage_taken":0,"max_hp_gain":0,"max_hp_loss":0,"event_name":"Liars Game","floor":11,"gold_loss":0}],"is_beta":false,"boss_relics":[],"items_purged_floors":[4],"is_endless":false,"potions_floor_spawned":[1,6,10],"killed_by":"3 Sentries","ascension_level":7}}