{"host":"yrtk68ixj64vhhh3","time":1612601323,"event":{"mods":["AchievementEnabler","Aspiration","BaseMod","Better Altar","Better Match","Better Silent Start","Colored Map","Colored Powertips","Conspire","Dio Mod","Downfall","Energized Spire","Hubris","Infinite Spire","Minty Spire (QoL Compilation)","Prisma Mod","RNG Fix","StSLib","Steal the Spire","Td1madao Mod","The Animator","The Poker Player","The Wild Card","TheBandit","TheHero"],"gold_per_floor":[110,130,130,140,215,215,249,249,249,349,349,367,387,44,44,173,173,197,197,248,272,293,293,328,328,328,328,351,261,261,261,261,261,261],"floor_reached":33,"language":"ENG","playtime":2108,"items_purged":[],"score":289,"play_id":"e6d66ae5-37ca-4e20-aa43-c1f546d70c14","local_time":"20210206214843","is_ascension_mode":true,"campfire_choices":[{"floor":6,"key":"RECALL"},{"floor":8,"key":"REST"},{"floor":15,"key":"REST"},{"floor":23,"key":"REST"},{"floor":25,"key":"REST"},{"floor":27,"key":"REST"},{"floor":30,"key":"REST"},{"floor":32,"key":"REST"}],"circlet_count":0,"master_deck":["Strike_B+1","Strike_B","Strike_B","Strike_B","Defend_B","Defend_B","Defend_B","Defend_B","Zap","Dualcast","Fusion","Sweeping Beam","Defragment","Beam Cell","Conserve Battery","Cold Snap","Static Discharge+1","Leap","Rainbow","Stack","hubris:Ukulele","Tempest","Go for the Eyes","Reinforced Body","hubris:Prefetch"],"relics":["Cracked Core","aspiration:Nostalgia","PrismaMod:PrismaSapphire","infinitespire:EmpoweringShard","Question Card","Golden Idol","Frozen Egg 2","energizedSpire:MagnifyingGlass","infinitespire:Freezer","hubris:TinFlute","infinitespire:Joker Card"],"acts_visited":["Exordium","TheCity"],"potions_floor_usage":[16,16,16,24,33],"damage_taken":[{"damage":4,"enemies":"Jaw Worm","floor":1,"turns":3},{"damage":1,"enemies":"Cultist","floor":2,"turns":3},{"damage":5,"enemies":"2 Louse","floor":4,"turns":3},{"damage":25,"enemies":"Lagavulin","floor":7,"turns":8},{"damage":11,"enemies":"Exordium Wildlife","floor":12,"turns":3},{"damage":10,"enemies":"Exordium Thugs","floor":13,"turns":5},{"damage":8,"enemies":"Hexaghost","floor":16,"turns":8},{"damage":5,"enemies":"Chosen","floor":18,"turns":3},{"damage":25,"enemies":"2 Thieves","floor":21,"turns":3},{"damage":23,"enemies":"Snecko","floor":22,"turns":4},{"damage":37,"enemies":"Slavers","floor":24,"turns":6},{"damage":18,"enemies":"Chosen and Byrds","floor":28,"turns":6},{"damage":66,"enemies":"Champ","floor":33,"turns":11}],"seed_played":"-3734323972246134777","potions_obtained":[{"floor":1,"key":"LiquidMemories"},{"floor":3,"key":"Dexterity Potion"},{"floor":3,"key":"AttackPotion"},{"floor":13,"key":"LiquidBronze"},{"floor":16,"key":"Ancient Potion"},{"floor":21,"key":"sneckomod:MuddlingPotion"},{"floor":22,"key":"bronze:BurnAndBuffPotion"}],"is_trial":false,"path_per_floor":["M","M","?","M","?","R","E","R","T","?","?","M","M","$","R","B",null,"M","?","T","M","M","R","E","R","T","R","M","?","R","?","R","B"],"character_chosen":"DEFECT","items_purchased":["Frozen Egg 2","Static Discharge+1","Leap"],"campfire_rested":7,"item_purchase_floors":[14,14,14],"current_hp_per_floor":[71,70,70,65,54,54,29,51,51,51,51,40,30,30,52,44,75,70,68,68,43,20,40,3,23,23,43,25,25,45,45,65,0,0],"gold":261,"neow_bonus":"NOSTALGIA","is_daily":false,"chose_seed":false,"campfire_upgraded":0,"win_rate":0.0,"timestamp":1612601323,"path_taken":["M","M","?","M","?","R","E","R","T","?","?","M","?","$","R","BOSS","M","?","?","M","M","R","E","R","T","R","M","?","R","?","R","BOSS"],"items_purchased_type":["Relic","Card","Card"],"build_version":"2020-12-22","purchased_purges":0,"victory":false,"max_hp_per_floor":[75,75,75,75,75,75,75,75,75,75,75,75,75,75,75,75,75,75,68,68,68,68,68,68,68,68,68,68,68,68,68,68,68,68],"card_choices":[{"not_picked":["Compile Driver","Gash"],"picked":"Fusion","floor":1},{"not_picked":["Go for the Eyes","Cold Snap"],"picked":"Sweeping Beam","floor":2},{"not_picked":["Barrage","Cold Snap"],"picked":"Defragment","floor":4},{"not_picked":["conspire:Rain","Barrage"],"picked":"Beam Cell","floor":7},{"not_picked":["Doom and Gloom","Double Energy","Ball Lightning"],"picked":"Conserve Battery","floor":12},{"not_picked":["Streamline","hubris:DoWhile","Beam Cell"],"picked":"Cold Snap","floor":13},{"not_picked":["All For One","hubris:Prefetch","hubris:DoWhile"],"picked":"Rainbow","floor":16},{"not_picked":["Consume","Leap","Rebound"],"picked":"Stack","floor":18},{"not_picked":["Sweeping Beam","Ball Lightning","Recycle"],"picked":"hubris:Ukulele","floor":21},{"not_picked":["hubris:Ukulele","Sweeping Beam+1","Heatsinks+1"],"picked":"Tempest","floor":22},{"not_picked":["Darkness","Machine Learning+1","Fusion"],"picked":"Go for the Eyes","floor":24},{"not_picked":["Beam Cell","Compile Driver","Conserve Battery+1"],"picked":"Reinforced Body","floor":28}],"player_experience":706854,"relics_obtained":[{"floor":7,"key":"infinitespire:EmpoweringShard"},{"floor":9,"key":"Question Card"},{"floor":20,"key":"infinitespire:Freezer"},{"floor":24,"key":"hubris:TinFlute"},{"floor":26,"key":"infinitespire:Joker Card"}],"event_choices":[{"damage_healed":0,"gold_gain":0,"player_choice":"Got Potions","damage_taken":0,"max_hp_gain":0,"max_hp_loss":0,"event_name":"Lab","floor":3,"gold_loss":0},{"damage_healed":0,"gold_gain":75,"player_choice":"Gather Gold","damage_taken":11,"max_hp_gain":0,"max_hp_loss":0,"event_name":"World of Goop","floor":5,"gold_loss":0},{"damage_healed":0,"gold_gain":100,"player_choice":"Pray","damage_taken":0,"max_hp_gain":0,"max_hp_loss":0,"event_name":"Golden Shrine","floor":10,"gold_loss":0},{"damage_healed":0,"gold_gain":0,"player_choice":"Take Wound","damage_taken":0,"relics_obtained":["Golden Idol"],"max_hp_gain":0,"max_hp_loss":0,"event_name":"Golden Idol","floor":11,"gold_loss":0,"cards_obtained":["Injury"]},{"cards_removed":["Injury"],"damage_healed":0,"gold_gain":0,"player_choice":"Upgrade and Remove","damage_taken":0,"max_hp_gain":0,"max_hp_loss":0,"event_name":"Designer","floor":29,"gold_loss":90,"cards_upgraded":["Strike_B"]},{"damage_healed":0,"gold_gain":0,"cards_transformed":["Slimebound:CheckThePlaybook"],"player_choice":"Transformed","damage_taken":0,"max_hp_gain":0,"max_hp_loss":0,"event_name":"Transmorgrifier","floor":31,"gold_loss":0,"cards_obtained":["hubris:Prefetch"]}],"is_beta":false,"boss_relics":[{"not_picked":["Empty Cage","aspiration:SilentSkillbook"],"picked":"energizedSpire:MagnifyingGlass"}],"items_purged_floors":[],"is_endless":false,"potions_floor_spawned":[1,13,16,21,22],"killed_by":"Champ","ascension_level":2}}