{"host":"BaronFel","time":1612584673,"event":{"mods":["BaseMod","Filter the Spire","Highlight Path","Minty Spire (QoL Compilation)","Relic Stats","ojb\u0027s Info Mod"],"gold_per_floor":[11,11,11,28,43,43,57,57,84,96,126,126,160,170,170,249,249,264,264,264,274,284,284,284],"floor_reached":23,"language":"ENG","playtime":1816,"items_purged":[],"score":406,"play_id":"d8821a0f-9afd-405e-9d71-be195fa2ea79","local_time":"20210205221113","is_ascension_mode":true,"campfire_choices":[{"data":"Lockon","floor":6,"key":"SMITH"},{"data":"Self Repair","floor":8,"key":"SMITH"},{"data":"Ball Lightning","floor":12,"key":"SMITH"},{"data":"Reinforced Body","floor":15,"key":"SMITH"}],"circlet_count":0,"master_deck":["AscendersBane","Strike_B","Strike_B","Defend_B","Defend_B","Defend_B","Defend_B","Zap","Dualcast","Sweeping Beam+1","Lockon+1","Self Repair+1","Compile Driver","Ball Lightning+1","Reinforced Body+1","Machine Learning","Electrodynamics","White Noise+1"],"relics":["Cracked Core","Centennial Puzzle","Bag of Preparation","Gambling Chip","SlaversCollar"],"acts_visited":["Exordium","TheCity"],"potions_floor_usage":[16,21,22,23],"damage_taken":[{"damage":2,"enemies":"Cultist","floor":1,"turns":4},{"damage":0,"enemies":"Small Slimes","floor":4,"turns":3},{"damage":2,"enemies":"Jaw Worm","floor":5,"turns":4},{"damage":12,"enemies":"2 Fungi Beasts","floor":7,"turns":3},{"damage":0,"enemies":"Exordium Wildlife","floor":10,"turns":2},{"damage":8,"enemies":"Gremlin Nob","floor":11,"turns":3},{"damage":15,"enemies":"Lagavulin","floor":13,"turns":7},{"damage":0,"enemies":"Large Slime","floor":14,"turns":2},{"damage":12,"enemies":"The Guardian","floor":16,"turns":9},{"damage":17,"enemies":"2 Thieves","floor":18,"turns":3},{"damage":9,"enemies":"Shell Parasite","floor":21,"turns":5},{"damage":9,"enemies":"Centurion and Healer","floor":22,"turns":7},{"damage":43,"enemies":"Book of Stabbing","floor":23,"turns":4}],"seed_played":"-4283715824769603203","potions_obtained":[{"floor":7,"key":"LiquidMemories"},{"floor":11,"key":"LiquidBronze"},{"floor":16,"key":"DuplicationPotion"},{"floor":21,"key":"BlessingOfTheForge"},{"floor":22,"key":"PotionOfCapacity"}],"is_trial":false,"path_per_floor":["M","$","?","M","M","R","M","R","T","M","E","R","E","M","R","B",null,"M","?","?","M","M","E"],"character_chosen":"DEFECT","items_purchased":[],"campfire_rested":0,"item_purchase_floors":[],"current_hp_per_floor":[62,62,62,62,60,60,55,55,55,55,57,57,52,62,62,60,68,51,51,31,42,43,0,0],"gold":284,"neow_bonus":"REMOVE_TWO","is_daily":false,"chose_seed":false,"campfire_upgraded":4,"win_rate":0.0,"timestamp":1612584673,"path_taken":["M","?","?","?","M","R","M","R","T","M","E","R","E","M","R","BOSS","M","?","?","M","M","E"],"items_purchased_type":[],"build_version":"2020-12-18","purchased_purges":0,"victory":false,"max_hp_per_floor":[71,71,71,71,71,71,71,71,71,71,71,71,71,71,71,71,71,71,71,76,76,76,76,76],"relic_stats":{"Centennial Puzzle":[21],"counters":[13,56],"Gambling Chip":[29],"Bag of Preparation":[14],"obtain_stats":[{"SlaversCollar":17,"Centennial Puzzle":9,"Gambling Chip":13,"Bag of Preparation":11,"Cracked Core":0},{"SlaversCollar":9,"Centennial Puzzle":4,"Gambling Chip":7,"Bag of Preparation":6,"Cracked Core":0},{"SlaversCollar":37,"Centennial Puzzle":14,"Gambling Chip":26,"Bag of Preparation":19,"Cracked Core":0}]},"card_choices":[{"not_picked":["Hologram","Undo"],"picked":"Sweeping Beam","floor":1},{"not_picked":["Double Energy","Cold Snap"],"picked":"Lockon","floor":4},{"not_picked":["Sweeping Beam","Beam Cell"],"picked":"Self Repair","floor":5},{"not_picked":["Hologram","Consume","Reinforced Body"],"picked":"SKIP","floor":7},{"not_picked":["Skim","Multi-Cast"],"picked":"Compile Driver","floor":10},{"not_picked":["Hologram","Coolheaded"],"picked":"Ball Lightning","floor":11},{"not_picked":["Streamline","Compile Driver"],"picked":"Reinforced Body","floor":13},{"not_picked":["Rebound","Gash"],"picked":"Machine Learning","floor":14},{"not_picked":["Creative AI","Rainbow"],"picked":"Electrodynamics","floor":16},{"not_picked":["Conserve Battery","Hello World"],"picked":"White Noise+1","floor":18},{"not_picked":["Hologram","Cold Snap","Doom and Gloom"],"picked":"SKIP","floor":21},{"not_picked":["Capacitor","Reprogram+1","Redo"],"picked":"SKIP","floor":22}],"player_experience":1145827,"relics_obtained":[{"floor":9,"key":"Centennial Puzzle"},{"floor":11,"key":"Bag of Preparation"},{"floor":13,"key":"Gambling Chip"}],"event_choices":[{"damage_healed":0,"gold_gain":0,"player_choice":"Upgraded","damage_taken":0,"max_hp_gain":0,"max_hp_loss":0,"event_name":"Upgrade Shrine","floor":3,"gold_loss":0,"cards_upgraded":["Sweeping Beam"]},{"damage_healed":0,"gold_gain":0,"player_choice":"Ignored","damage_taken":0,"max_hp_gain":0,"max_hp_loss":0,"event_name":"Vampires","floor":19,"gold_loss":0},{"damage_healed":0,"gold_gain":0,"player_choice":"Shed Blood","damage_taken":25,"max_hp_gain":5,"max_hp_loss":0,"event_name":"Forgotten Altar","floor":20,"gold_loss":0}],"is_beta":true,"boss_relics":[{"not_picked":["Sozu","Ectoplasm"],"picked":"SlaversCollar"}],"items_purged_floors":[],"is_endless":false,"potions_floor_spawned":[7,11,14,16,21,22],"killed_by":"Book of Stabbing","ascension_level":20}}