{"host":"u7bb6mvzuirwfcqo","time":1612632591,"event":{"mods":["2.2 Compatiblity","AchievementEnabler","BaseMod","Card Forge","Downfall","Hermit","Minty Spire (QoL Compilation)","Relic Stats","Replay The Spire","StSLib"],"gold_per_floor":[99,119,139,139,139,239,239,239,250,262,280,354,367,378,396,501,501,501,515,515,15,15,15,15,30,30,30,43,63,81,95,95,95,95],"floor_reached":32,"language":"ENG","playtime":1484,"items_purged":["bronze:Strike"],"score":238,"play_id":"d8fad5f1-2ed3-4059-aef1-9df4ad817f33","local_time":"20210206122951","is_ascension_mode":false,"campfire_choices":[{"data":"bronze:Format","floor":18.0,"key":"SMITH"},{"data":"bronze:ClassDefault","floor":23,"key":"SMITH"},{"data":"bronze:Boost","floor":26,"key":"SMITH"}],"circlet_count":0,"master_deck":["bronze:Strike","bronze:Strike","bronze:Strike","bronze:Defend","bronze:Defend","bronze:Defend","bronze:Defend","bronze:Replicate+1","bronze:Goto+1","bronze:DelayedGuard+1","bronze:DelayedSlice","bronze:WhirlingStrike","bronze:BronzeOrb","bronze:Boost+1","bronze:FineTuning","bronze:Branch","bronze:ClassDefault+1","bronze:Flail","bronze:Format+1","RitualDagger+1","bronze:Iterate","bronze:Shell+1","bronze:Assembly+1","bronze:BronzeOrb"],"relics":["bronze:BronzeCore","Hammer of Thor","Seething Fire","Anvil of the Gods","Garlic","Darkstone Periapt","SlaversCollar","Toxic Egg 2","Bag of Marbles","Replay:Bottled Steam"],"acts_visited":["Exordium","TheCity"],"potions_floor_usage":[],"damage_taken":[{"damage":6.0,"enemies":"Jaw Worm","floor":2.0,"turns":4.0},{"damage":7.0,"enemies":"Small Slimes","floor":3.0,"turns":4.0},{"damage":0.0,"enemies":"Cultist","floor":5.0,"turns":1.0},{"damage":0.0,"enemies":"Exordium Wildlife","floor":9.0,"turns":3.0},{"damage":3.0,"enemies":"Blue Slaver","floor":10.0,"turns":2.0},{"damage":0.0,"enemies":"3 Louse","floor":11.0,"turns":2.0},{"damage":0.0,"enemies":"Lots of Slimes","floor":13.0,"turns":3.0},{"damage":0.0,"enemies":"Blue Slaver","floor":14.0,"turns":3.0},{"damage":0.0,"enemies":"Red Slaver","floor":15.0,"turns":2.0},{"damage":30.0,"enemies":"WA_ARCHETYPE_RETAIN","floor":16.0,"turns":7.0},{"damage":18.0,"enemies":"Shell Parasite","floor":19.0,"turns":4.0},{"damage":0.0,"enemies":"downfall:FleeingMerchant","floor":21.0,"turns":4.0},{"damage":0,"enemies":"Snecko","floor":25,"turns":3},{"damage":4,"enemies":"Centurion and Healer","floor":28,"turns":5},{"damage":20,"enemies":"Shelled Parasite and Fungi","floor":29,"turns":6},{"damage":13,"enemies":"Snecko","floor":30,"turns":5},{"damage":12,"enemies":"Sentry and Sphere","floor":31,"turns":6},{"damage":10,"enemies":"Cultist and Chosen","floor":32,"turns":4}],"seed_played":"4911986683099297350","potions_obtained":[{"floor":1.0,"key":"bronze:CleanCodePotion"},{"floor":1.0,"key":"DistilledChaos"},{"floor":10.0,"key":"LiquidMemories"},{"floor":14.0,"key":"Toxic Potion"},{"floor":19.0,"key":"Elixir"},{"floor":20.0,"key":"CultistPotion"}],"is_trial":false,"path_per_floor":["R","M","M","?","M","?","T","?","M","M","M","T","M","M","M","B",null,"R","M","?","$","?","R","T","M","R","?","M","M","M","M","M"],"character_chosen":"THE_AUTOMATON","items_purchased":["Toxic Egg 2","Bag of Marbles"],"campfire_rested":0,"item_purchase_floors":[21,21],"current_hp_per_floor":[77,71,64,64,64,64,64,64,64,61,61,61,61,61,61,31,77,77,59,59,59,59,59,59,59,59,59,55,35,22,10,0,0,0],"gold":95,"neow_bonus":"TEN_PERCENT_HP_BONUS","is_daily":false,"chose_seed":false,"campfire_upgraded":3,"win_rate":0.0,"timestamp":1612632591,"path_taken":["R","M","M","?","M","?","T","?","M","?","M","?","M","M","M","BOSS","R","M","?","$","?","R","T","M","R","?","M","M","M","M","M"],"items_purchased_type":["Relic","Relic"],"build_version":"2020-12-22","purchased_purges":1,"victory":false,"max_hp_per_floor":[77,77,77,77,77,77,77,77,77,77,77,77,77,77,77,77,77,77,77,77,77,77,77,77,77,77,77,77,77,77,77,77,77,77],"relic_stats":{"Darkstone Periapt":0,"counters":[18,68],"obtain_stats":[{"Darkstone Periapt":12,"SlaversCollar":17,"bronze:BronzeCore":0,"downfall:BrokenWingStatue":4,"Anvil of the Gods":0,"Hammer of Thor":0,"Garlic":7,"Bag of Marbles":21,"Seething Fire":0,"Toxic Egg 2":21,"Replay:Bottled Steam":24},{"Darkstone Periapt":6,"SlaversCollar":10,"bronze:BronzeCore":0,"downfall:BrokenWingStatue":2,"Anvil of the Gods":0,"Hammer of Thor":0,"Garlic":3,"Bag of Marbles":12,"Seething Fire":0,"Toxic Egg 2":12,"Replay:Bottled Steam":12},{"Darkstone Periapt":16,"SlaversCollar":31,"bronze:BronzeCore":0,"downfall:BrokenWingStatue":8,"Anvil of the Gods":0,"Hammer of Thor":0,"Garlic":9,"Bag of Marbles":39,"Seething Fire":0,"Toxic Egg 2":39,"Replay:Bottled Steam":39}]},"card_choices":[{"not_picked":["bronze:Backtrace","bronze:Deprecate"],"picked":"bronze:DelayedGuard","floor":2.0},{"not_picked":["bronze:CloningBeam","bronze:Invalidate"],"picked":"bronze:DelayedSlice","floor":3.0},{"not_picked":["bronze:DelayedSlice","bronze:Deprecate"],"picked":"bronze:WhirlingStrike","floor":5.0},{"not_picked":["bronze:Turbo","bronze:Overheat"],"picked":"bronze:BronzeOrb","floor":9.0},{"not_picked":["bronze:Repulsor","bronze:CleanCode"],"picked":"bronze:Boost","floor":10.0},{"not_picked":["bronze:Iterate","bronze:Turbo"],"picked":"bronze:FineTuning","floor":11.0},{"not_picked":["bronze:Iterate","bronze:BronzeArmor"],"picked":"bronze:Branch","floor":13.0},{"not_picked":["bronze:Turbo","bronze:OilSpill"],"picked":"bronze:ClassDefault","floor":14.0},{"not_picked":["bronze:Invalidate","bronze:DigitalCarnage"],"picked":"bronze:Flail","floor":15.0},{"not_picked":["bronze:Break","bronze:ThunderWave"],"picked":"bronze:Format","floor":16.0},{"not_picked":["bronze:OilSpill+1","bronze:DelayedGuard+1","bronze:BitShift"],"picked":"SKIP","floor":19.0},{"not_picked":["bronze:BuggyMess","bronze:Return"],"picked":"bronze:Iterate","floor":21.0},{"not_picked":["bronze:Iterate","bronze:Overheat+1","bronze:CutThrough+1"],"picked":"SKIP","floor":25},{"not_picked":["bronze:BitShift+1","bronze:Shield+1"],"picked":"bronze:Assembly+1","floor":28},{"not_picked":["bronze:BugBarrage+1","bronze:Repulsor","bronze:ItsAFeature"],"picked":"SKIP","floor":29},{"not_picked":["bronze:OilSpill","bronze:BuggyMess+1","bronze:BugBarrage"],"picked":"SKIP","floor":30},{"not_picked":["bronze:Turbo+1","bronze:Branch"],"picked":"bronze:BronzeOrb","floor":31}],"player_experience":23546,"relics_obtained":[{"floor":7.0,"key":"Garlic"},{"floor":12.0,"key":"Darkstone Periapt"},{"floor":24,"key":"Replay:Bottled Steam"}],"event_choices":[{"damage_healed":0,"gold_gain":0,"player_choice":"Read","damage_taken":0,"max_hp_gain":0,"max_hp_loss":0,"event_name":"The Library","floor":22,"gold_loss":0,"cards_obtained":["bronze:Shell"]},{"damage_healed":0,"gold_gain":0,"player_choice":"Got Potions","damage_taken":0,"max_hp_gain":0,"max_hp_loss":0,"event_name":"Lab","floor":27,"gold_loss":0}],"is_beta":false,"boss_relics":[{"not_picked":["Kintsugi","bronze:MakeshiftBattery"],"picked":"SlaversCollar"}],"items_purged_floors":[21],"is_endless":false,"potions_floor_spawned":[10,11,14,19,28,29],"killed_by":"Cultist and Chosen","ascension_level":0}}