{"host":"8vrmceg1p8ljousa","time":1612617548,"event":{"mods":["BaseMod","Highlight Path","Marisa????????","Minty Spire (QoL Compilation)","Remilia??????","StSLib","The Animator","The Cursed","The Disciple","The Hierophant"],"gold_per_floor":[365,385,46,46,46,46,60,60,60,74,74,98,114,145,145,145,145],"floor_reached":16,"language":"ENG","playtime":623,"items_purged":[],"score":100,"play_id":"2fd7fb8c-eb2f-41f9-9c00-a4f6b31f5b16","local_time":"20210206151908","is_ascension_mode":false,"campfire_choices":[{"data":"PathToVictory","floor":6,"key":"SMITH"},{"data":"Study","floor":8,"key":"SMITH"},{"data":"ThirdEye","floor":11,"key":"SMITH"},{"floor":15,"key":"REST"}],"circlet_count":0,"master_deck":["Strike_P","Strike_P","Strike_P","Defend_P","Defend_P","Defend_P","Defend_P","Eruption","Vigilance","JustLucky","Consecrate","Study+1","PathToVictory+1","JustLucky","ThirdEye+1","Pray","Weave"],"relics":["PureWater","Mummified Hand","Art of War","Odd Mushroom","Potion Belt"],"acts_visited":["Exordium"],"potions_floor_usage":[12,14,16,16],"damage_taken":[{"damage":1,"enemies":"Jaw Worm","floor":1,"turns":5},{"damage":0,"enemies":"2 Louse","floor":2,"turns":2},{"damage":2,"enemies":"Cultist","floor":7,"turns":4},{"damage":3,"enemies":"Red Slaver","floor":10,"turns":4},{"damage":1,"enemies":"The Mushroom Lair","floor":12,"turns":2},{"damage":11,"enemies":"Exordium Wildlife","floor":13,"turns":4},{"damage":34,"enemies":"Gremlin Nob","floor":14,"turns":5},{"damage":41,"enemies":"The Guardian","floor":16,"turns":9}],"seed_played":"3232471589246124759","potions_obtained":[{"floor":1,"key":"ColorlessPotion"},{"floor":2,"key":"ColorlessPotion"},{"floor":7,"key":"ColorlessPotion"},{"floor":13,"key":"StancePotion"}],"is_trial":false,"path_per_floor":["M","M","$","?","?","R","M","R","T","M","R","?","M","E","R","B"],"character_chosen":"WATCHER","items_purchased":["Mummified Hand","Study","PathToVictory"],"campfire_rested":1,"item_purchase_floors":[3,3,3],"current_hp_per_floor":[64,64,64,57,65,65,63,63,63,60,60,59,48,14,33,0,0],"gold":145,"neow_bonus":"TWO_FIFTY_GOLD","is_daily":false,"chose_seed":false,"campfire_upgraded":3,"win_rate":0.0,"timestamp":1612617548,"path_taken":["M","M","$","?","?","R","M","R","T","M","R","?","M","E","R","BOSS"],"items_purchased_type":["Relic","Card","Card"],"build_version":"2020-12-22","purchased_purges":0,"victory":false,"max_hp_per_floor":[65,65,65,65,65,65,65,65,65,65,65,65,65,65,65,65,65],"card_choices":[{"not_picked":["Perseverance","Halt"],"picked":"JustLucky","floor":1},{"not_picked":["ClearTheMind","Meditate"],"picked":"Consecrate","floor":2},{"not_picked":["BowlingBash","Conclude"],"picked":"JustLucky","floor":7},{"not_picked":["JustLucky","BattleHymn"],"picked":"ThirdEye","floor":10},{"not_picked":["DeceiveReality","EmptyFist"],"picked":"Pray","floor":12},{"not_picked":["Fasting2","LessonLearned","LikeWater"],"picked":"SKIP","floor":13},{"not_picked":["CarveReality","Evaluate"],"picked":"Weave","floor":14}],"player_experience":82833,"relics_obtained":[{"floor":9,"key":"Art of War"},{"floor":12,"key":"Odd Mushroom"},{"floor":14,"key":"Potion Belt"}],"event_choices":[{"cards_removed":["Strike_P"],"damage_healed":0,"gold_gain":0,"player_choice":"Card Removal","damage_taken":7,"max_hp_gain":0,"max_hp_loss":0,"event_name":"Golden Wing","floor":4,"gold_loss":0},{"damage_healed":21,"gold_gain":0,"player_choice":"Banana","damage_taken":0,"max_hp_gain":0,"max_hp_loss":0,"event_name":"Big Fish","floor":5,"gold_loss":0},{"damage_healed":0,"gold_gain":0,"player_choice":"Fought Mushrooms","damage_taken":0,"max_hp_gain":0,"max_hp_loss":0,"event_name":"Mushrooms","floor":12,"gold_loss":0}],"is_beta":false,"boss_relics":[],"items_purged_floors":[],"is_endless":false,"potions_floor_spawned":[1,2,7,13],"killed_by":"The Guardian","ascension_level":0}}