{"host":"x000krxjblg8jdg4","time":1612575002,"event":{"mods":["BaseMod","Downfall","Hermit","Minty Spire (QoL Compilation)","StSLib","The Cursed","The Runesmith","The Servant 0.9.4"],"gold_per_floor":[110,110,127,139,155,186,197,197,197,216,391,391,12,30,30,134,134,148,159,16,16,27,27,27],"floor_reached":23,"language":"ENG","playtime":755,"items_purged":["Doubt"],"score":195,"play_id":"d8ee280d-0e98-4849-a1dd-c62f51116384","local_time":"20210205233002","is_ascension_mode":false,"campfire_choices":[{"floor":8,"key":"REST"},{"floor":15,"key":"REST"}],"circlet_count":0,"master_deck":["Strike_B","Strike_B","Strike_B","Strike_B","Defend_B","Defend_B","Defend_B","Defend_B","Zap+1","Dualcast","Electrodynamics","Conserve Battery","Gash","Ball Lightning","Lockon","Heatsinks","Capacitor","Conserve Battery","Streamline","Genetic Algorithm","All For One","Beam Cell","Redo","Loop"],"relics":["Cracked Core","Potion Belt","Bottled Lightning","Question Card","Black Star","Membership Card"],"acts_visited":["Exordium","TheCity"],"potions_floor_usage":[16,16,16],"damage_taken":[{"damage":1,"enemies":"Jaw Worm","floor":1,"turns":4},{"damage":0,"enemies":"Cultist","floor":3,"turns":3},{"damage":0,"enemies":"2 Louse","floor":4,"turns":1},{"damage":5,"enemies":"Looter","floor":5,"turns":3},{"damage":19,"enemies":"Lagavulin","floor":6,"turns":5},{"damage":6,"enemies":"3 Louse","floor":7,"turns":2},{"damage":1,"enemies":"Red Slaver","floor":10,"turns":3},{"damage":6,"enemies":"Lots of Slimes","floor":14,"turns":2},{"damage":27,"enemies":"Slime Boss","floor":16,"turns":6},{"damage":14,"enemies":"Chosen","floor":18,"turns":5},{"damage":17,"enemies":"Shell Parasite","floor":19,"turns":6},{"damage":31,"enemies":"Snecko","floor":22,"turns":6},{"damage":9,"enemies":"Book of Stabbing","floor":23,"turns":2}],"seed_played":"-24384599812393675","potions_obtained":[{"floor":4,"key":"Fire Potion"},{"floor":6,"key":"Strength Potion"},{"floor":10,"key":"BlessingOfTheForge"},{"floor":14,"key":"DistilledChaos"}],"is_trial":false,"path_per_floor":["M","?","M","M","M","E","M","R","T","M","?","?","$","M","R","B",null,"M","M","$","?","M","E"],"character_chosen":"DEFECT","items_purchased":["Streamline","Question Card","Membership Card"],"campfire_rested":2,"item_purchase_floors":[13,13,20],"current_hp_per_floor":[74,74,74,74,69,50,44,66,66,65,65,65,65,59,75,48,75,61,44,44,35,4,0,0],"gold":27,"neow_bonus":"ONE_RANDOM_RARE_CARD","is_daily":false,"chose_seed":false,"campfire_upgraded":0,"win_rate":0.0,"timestamp":1612575002,"path_taken":["M","?","M","?","M","E","M","R","T","M","?","?","$","M","R","BOSS","M","M","$","?","M","E"],"items_purchased_type":["Card","Relic","Relic"],"build_version":"2020-12-22","purchased_purges":1,"victory":false,"max_hp_per_floor":[75,75,75,75,75,75,75,75,75,75,75,75,75,75,75,75,75,75,75,75,75,75,75,75],"card_choices":[{"not_picked":["Hologram","Storm"],"picked":"Conserve Battery","floor":1},{"not_picked":["Consume","Barrage"],"picked":"Gash","floor":3},{"not_picked":["Hologram","Compile Driver"],"picked":"Ball Lightning","floor":4},{"not_picked":["Fusion","Compile Driver"],"picked":"Lockon","floor":5},{"not_picked":["Amplify","Coolheaded"],"picked":"Heatsinks","floor":6},{"not_picked":["Glacier","Chaos"],"picked":"Capacitor","floor":7},{"not_picked":["Compile Driver","Stack"],"picked":"Conserve Battery","floor":10},{"not_picked":["Cold Snap","Chaos","Hologram"],"picked":"Genetic Algorithm","floor":14},{"not_picked":["Reboot","Amplify","Biased Cognition"],"picked":"All For One","floor":16},{"not_picked":["Hologram","Coolheaded","Leap"],"picked":"Beam Cell","floor":18},{"not_picked":["Beam Cell","Barrage","Streamline"],"picked":"Redo","floor":19},{"not_picked":["Capacitor","White Noise","Gash"],"picked":"Loop","floor":22}],"player_experience":54074,"relics_obtained":[{"floor":6,"key":"Potion Belt"},{"floor":9,"key":"Bottled Lightning"}],"event_choices":[{"damage_healed":0,"gold_gain":0,"player_choice":"Upgraded","damage_taken":0,"max_hp_gain":0,"max_hp_loss":0,"event_name":"Upgrade Shrine","floor":2,"gold_loss":0,"cards_upgraded":["Zap"]},{"damage_healed":0,"gold_gain":175,"player_choice":"AGREE","damage_taken":0,"max_hp_gain":0,"max_hp_loss":0,"event_name":"Liars Game","floor":11,"gold_loss":0,"cards_obtained":["Doubt"]},{"damage_healed":0,"gold_gain":0,"player_choice":"Leave","damage_taken":0,"max_hp_gain":0,"max_hp_loss":0,"event_name":"The Cleric","floor":12,"gold_loss":0},{"damage_healed":0,"gold_gain":0,"player_choice":"Stopped","damage_taken":9,"max_hp_gain":0,"max_hp_loss":0,"event_name":"Cursed Tome","floor":21,"gold_loss":0}],"is_beta":false,"boss_relics":[{"not_picked":["Nuclear Battery","Coffee Dripper"],"picked":"Black Star"}],"items_purged_floors":[13],"is_endless":false,"potions_floor_spawned":[4,6,10,14],"killed_by":"Book of Stabbing","ascension_level":0}}