{"host":"2wfkxmfk74kgfdwc","time":1612592948,"event":{"mods":["BaseMod","Colored Map","Colored Powertips","Minty Spire (QoL Compilation)","Permanent Neow","Quick Restart","Relic Filter Mod","Relic Stats","Reliquary","Spire Arcade","StSLib","Wide Potions","óô»ðÖ¸ÄÏ"],"gold_per_floor":[116,116,127,52,52,52,72,72,72],"floor_reached":8,"language":"ZHS","playtime":184,"items_purged":["Strike_R"],"score":53,"play_id":"4060db90-75a1-4562-9d15-c6f832290c3e","local_time":"20210206142908","is_ascension_mode":true,"campfire_choices":[{"data":"Body Slam","floor":6,"key":"SMITH"}],"circlet_count":0,"master_deck":["Strike_R","Strike_R","Strike_R","Defend_R","Defend_R","Defend_R","Defend_R","Body Slam+1","True Grit"],"relics":["Burning Blood","FaceOfCleric","reliquary:Firecrackers"],"acts_visited":["Exordium"],"potions_floor_usage":[],"damage_taken":[{"damage":5,"enemies":"Small Slimes","floor":1,"turns":4},{"damage":4,"enemies":"Cultist","floor":3,"turns":5},{"damage":6,"enemies":"Jaw Worm","floor":7,"turns":5},{"damage":0,"enemies":"Lagavulin","floor":8,"turns":1}],"seed_played":"-1120794401859554642","potions_obtained":[],"is_trial":false,"path_per_floor":["M","?","M","$","T","R","M","E"],"character_chosen":"IRONCLAD","items_purchased":[],"campfire_rested":0,"item_purchase_floors":[],"current_hp_per_floor":[72,72,73,73,73,73,74,74,74],"gold":72,"neow_bonus":"REMOVE_TWO","is_daily":false,"chose_seed":false,"campfire_upgraded":1,"win_rate":0.0,"timestamp":1612592948,"path_taken":["M","?","M","$","?","R","M","E"],"items_purchased_type":[],"build_version":"2020-12-22","purchased_purges":1,"victory":false,"max_hp_per_floor":[72,72,73,73,73,73,74,74,74],"relic_stats":{"FaceOfCleric":2,"counters":[4,15],"obtain_stats":[{"FaceOfCleric":2,"reliquary:Firecrackers":5,"Burning Blood":0},{"FaceOfCleric":1,"reliquary:Firecrackers":2,"Burning Blood":0},{"FaceOfCleric":4,"reliquary:Firecrackers":9,"Burning Blood":0}],"Burning Blood":15},"card_choices":[{"not_picked":["Armaments","Headbutt"],"picked":"Body Slam","floor":1},{"not_picked":["Sword Boomerang","Body Slam"],"picked":"True Grit","floor":3},{"not_picked":["Thunderclap","Metallicize","Spot Weakness"],"picked":"SKIP","floor":7}],"player_experience":5443,"relics_obtained":[{"floor":5,"key":"reliquary:Firecrackers"}],"event_choices":[{"damage_healed":0,"gold_gain":0,"player_choice":"Trade","damage_taken":0,"relics_obtained":["FaceOfCleric"],"max_hp_gain":0,"max_hp_loss":0,"event_name":"FaceTrader","floor":2,"gold_loss":0}],"is_beta":false,"boss_relics":[],"items_purged_floors":[4],"is_endless":false,"potions_floor_spawned":[],"killed_by":"Lagavulin","ascension_level":3}}