{"host":"tiwza2kisyyrpq7h","time":1612638599,"event":{"mods":["BaseMod","BetterRewards","Colored Powertips","Minty Spire (QoL Compilation)","Quick Restart","Rare Cards Sparkle","StSLib","SuperFastMode","The Servant 0.9.4","óô»ðÖ¸ÄÏ"],"gold_per_floor":[118,43,62,74,90,90,90,5,53,53,86,100,115,135,135,213,213,226,226,226,241,74,109,109,138,138,164,164,164,176,176,176,253,253,265,290,290,309,327,327,352,352,352,387,387,397,408,3,3,3,3,3,3,3,38,38,38],"floor_reached":56,"language":"ZHS","playtime":2694,"items_purged":["Strike_G"],"score":2055,"play_id":"f6dc491d-7f56-49ce-9a89-7902f8cff65d","local_time":"20210207030959","is_ascension_mode":true,"campfire_choices":[{"data":"Blade Dance","floor":6.0,"key":"SMITH"},{"data":"Dash","floor":10.0,"key":"SMITH"},{"data":"Accuracy","floor":15.0,"key":"SMITH"},{"data":"After Image","floor":24.0,"key":"SMITH"},{"data":"Acrobatics","floor":29.0,"key":"SMITH"},{"data":"Tactician","floor":32.0,"key":"SMITH"},{"floor":40.0,"key":"RECALL"},{"data":"Reflex","floor":42.0,"key":"SMITH"},{"data":"Noxious Fumes","floor":45.0,"key":"SMITH"},{"data":"Leg Sweep","floor":49.0,"key":"SMITH"},{"data":"Blade Dance","floor":53.0,"key":"SMITH"}],"circlet_count":0,"master_deck":["AscendersBane","Strike_G","Strike_G","Defend_G","Defend_G","Defend_G","Defend_G","Defend_G","Survivor","Neutralize","Dagger Spray","Blade Dance+1","Dash+1","Reflex+1","Accuracy+1","Leg Sweep+1","Noxious Fumes","After Image+1","Noxious Fumes+1","Choke+1","Blade Dance","Blade Dance+1","Acrobatics+1","Tactician+1","Bullet Time","Crippling Poison+1"],"relics":["Snecko Eye","Lantern","Centennial Puzzle","Coffee Dripper","Nilry\u0027s Codex","Lee\u0027s Waffle","Omamori","Akabeko","Ninja Scroll","Busted Crown","StoneCalendar","Ornamental Fan","Strawberry","Bronze Scales","Unceasing Top","Bottled Lightning"],"acts_visited":["Exordium","TheCity","TheBeyond","TheEnding"],"potions_floor_usage":[],"damage_taken":[{"damage":1.0,"enemies":"2 Louse","floor":1.0,"turns":3.0},{"damage":2.0,"enemies":"Jaw Worm","floor":3.0,"turns":6.0},{"damage":0.0,"enemies":"Small Slimes","floor":4.0,"turns":4.0},{"damage":1.0,"enemies":"Looter","floor":5.0,"turns":5.0},{"damage":5.0,"enemies":"Lagavulin","floor":11.0,"turns":5.0},{"damage":0.0,"enemies":"2 Fungi Beasts","floor":12.0,"turns":3.0},{"damage":0.0,"enemies":"Large Slime","floor":13.0,"turns":4.0},{"damage":1.0,"enemies":"Lots of Slimes","floor":14.0,"turns":4.0},{"damage":8.0,"enemies":"The Guardian","floor":16.0,"turns":10.0},{"damage":5.0,"enemies":"Chosen","floor":18.0,"turns":6.0},{"damage":0.0,"enemies":"Spheric Guardian","floor":21.0,"turns":3.0},{"damage":3.0,"enemies":"Book of Stabbing","floor":23.0,"turns":4.0},{"damage":0.0,"enemies":"Gremlin Leader","floor":25.0,"turns":7.0},{"damage":14.0,"enemies":"Slavers","floor":27.0,"turns":4.0},{"damage":5.0,"enemies":"Snake Plant","floor":30.0,"turns":3.0},{"damage":55.0,"enemies":"Champ","floor":33.0,"turns":9.0},{"damage":0.0,"enemies":"3 Shapes","floor":35.0,"turns":3.0},{"damage":3.0,"enemies":"Mind Bloom Boss Battle","floor":36.0,"turns":6.0},{"damage":0.0,"enemies":"3 Darklings","floor":38.0,"turns":4.0},{"damage":9.0,"enemies":"4 Shapes","floor":39.0,"turns":3.0},{"damage":4.0,"enemies":"Nemesis","floor":41.0,"turns":3.0},{"damage":1.0,"enemies":"Giant Head","floor":44.0,"turns":6.0},{"damage":7.0,"enemies":"Maw","floor":46.0,"turns":7.0},{"damage":0.0,"enemies":"Transient","floor":47.0,"turns":6.0},{"damage":9.0,"enemies":"Donu and Deca","floor":50.0,"turns":7.0},{"damage":27.0,"enemies":"Time Eater","floor":51.0,"turns":10.0},{"damage":0.0,"enemies":"Shield and Spear","floor":55.0,"turns":6.0},{"damage":68,"enemies":"The Heart","floor":56,"turns":2}],"seed_played":"6049480892097506843","potions_obtained":[{"floor":1.0,"key":"SkillPotion"},{"floor":5.0,"key":"ColorlessPotion"},{"floor":14.0,"key":"CunningPotion"},{"floor":21.0,"key":"CunningPotion"},{"floor":23.0,"key":"BlessingOfTheForge"},{"floor":27.0,"key":"EssenceOfSteel"},{"floor":30.0,"key":"FearPotion"},{"floor":36.0,"key":"GamblersBrew"},{"floor":39.0,"key":"FearPotion"}],"is_trial":false,"path_per_floor":["M","?","M","M","M","R","?","$","T","R","E","M","M","M","R","B",null,"M","?","?","M","$","E","R","E","T","E","?","R","M","?","R","B",null,"M","?","?","M","M","R","E","R","T","E","R","M","M","$","R","B","B",null,"R","$","E","B"],"character_chosen":"THE_SILENT","items_purchased":["Dash","Lee\u0027s Waffle","Unceasing Top"],"campfire_rested":0,"item_purchase_floors":[8,22,48],"current_hp_per_floor":[58,58,56,56,55,55,48,48,48,48,43,43,43,42,42,34,58,53,32,14,14,78,75,75,75,75,61,61,61,56,56,56,1,59,59,56,56,56,47,47,43,43,50,49,49,42,42,42,42,33,6,65,65,65,65,0,0],"gold":38,"neow_bonus":"BOSS_RELIC","is_daily":false,"chose_seed":false,"campfire_upgraded":10,"win_rate":0.0,"timestamp":1612638599,"path_taken":["M","?","M","M","M","R","?","?","T","R","E","M","M","M","R","BOSS","M","?","?","M","$","E","R","E","T","E","?","R","?","?","R","BOSS","M","?","?","M","M","R","E","R","T","E","R","M","M","$","R","BOSS","BOSS","R","$","E","BOSS"],"items_purchased_type":["Card","Relic","Relic"],"build_version":"2020-12-22","purchased_purges":1,"victory":false,"max_hp_per_floor":[66,66,66,66,66,66,66,66,66,66,66,66,66,66,66,66,66,66,66,71,71,78,78,78,78,78,78,78,78,78,78,78,78,78,78,78,78,78,78,78,78,78,85,85,85,85,85,85,85,85,85,85,85,85,85,85,85],"card_choices":[{"not_picked":["Backstab","Sucker Punch"],"picked":"Dagger Spray","floor":1.0},{"not_picked":["Deflect","Quick Slash"],"picked":"Underhanded Strike","floor":3.0},{"not_picked":["Underhanded Strike","Concentrate"],"picked":"Blade Dance","floor":4.0},{"not_picked":["Masterful Stab","Underhanded Strike","Outmaneuver"],"picked":"SKIP","floor":5.0},{"not_picked":["Masterful Stab","Underhanded Strike","Outmaneuver"],"picked":"SKIP","floor":5.0},{"not_picked":["Masterful Stab","Underhanded Strike","Outmaneuver"],"picked":"SKIP","floor":5.0},{"not_picked":["Masterful Stab","Underhanded Strike","Outmaneuver"],"picked":"SKIP","floor":5.0},{"not_picked":["Deadly Poison","Flying Knee"],"picked":"Reflex","floor":11.0},{"not_picked":["All Out Attack","Skewer"],"picked":"Accuracy","floor":12.0},{"not_picked":["Eviscerate","Crippling Poison"],"picked":"Leg Sweep","floor":13.0},{"not_picked":["Prepared","Cloak And Dagger"],"picked":"Noxious Fumes","floor":14.0},{"not_picked":["Wraith Form v2","Unload"],"picked":"After Image","floor":16.0},{"not_picked":["Bane","Underhanded Strike"],"picked":"Noxious Fumes","floor":18.0},{"not_picked":["Deflect","Flying Knee","Escape Plan"],"picked":"SKIP","floor":21.0},{"not_picked":["Skewer","Setup"],"picked":"Choke+1","floor":23.0},{"not_picked":["Dagger Throw","Unload"],"picked":"Blade Dance","floor":25.0},{"not_picked":["Dagger Throw","Infinite Blades"],"picked":"Blade Dance","floor":27.0},{"not_picked":["Quick Slash","Prepared"],"picked":"Tactician","floor":30.0},{"not_picked":["Burst","Adrenaline"],"picked":"Bullet Time","floor":33.0},{"not_picked":["Bane"],"picked":"SKIP","floor":35.0},{"not_picked":[],"picked":"Crippling Poison+1","floor":36.0},{"not_picked":["Dagger Spray"],"picked":"SKIP","floor":38.0},{"not_picked":["All Out Attack"],"picked":"SKIP","floor":39.0},{"not_picked":["Dagger Spray+1"],"picked":"SKIP","floor":41.0},{"not_picked":["Bane"],"picked":"SKIP","floor":44.0},{"not_picked":["Slice"],"picked":"SKIP","floor":46.0},{"not_picked":["Flechettes"],"picked":"SKIP","floor":47.0},{"not_picked":["Masterful Stab+1"],"picked":"SKIP","floor":55.0}],"player_experience":971010,"relics_obtained":[{"floor":9.0,"key":"Lantern"},{"floor":11.0,"key":"Centennial Puzzle"},{"floor":19.0,"key":"Nilry\u0027s Codex"},{"floor":23.0,"key":"Omamori"},{"floor":25.0,"key":"Akabeko"},{"floor":27.0,"key":"Ninja Scroll"},{"floor":36.0,"key":"StoneCalendar"},{"floor":41.0,"key":"Ornamental Fan"},{"floor":43.0,"key":"Strawberry"},{"floor":44.0,"key":"Bronze Scales"},{"floor":55.0,"key":"Bottled Lightning"}],"event_choices":[{"cards_removed":["Strike_G"],"damage_healed":0.0,"max_hp_gain":0.0,"max_hp_loss":0.0,"gold_gain":0.0,"event_name":"The Cleric","player_choice":"Card Removal","floor":2.0,"gold_loss":75.0,"damage_taken":0.0},{"cards_removed":["Strike_G"],"damage_healed":0.0,"max_hp_gain":0.0,"max_hp_loss":0.0,"gold_gain":0.0,"event_name":"Golden Wing","player_choice":"Card Removal","floor":7.0,"gold_loss":0.0,"damage_taken":7.0},{"damage_healed":0.0,"max_hp_gain":0.0,"max_hp_loss":0.0,"gold_gain":0.0,"event_name":"Cursed Tome","player_choice":"Obtained Book","floor":19.0,"gold_loss":0.0,"damage_taken":21.0},{"damage_healed":0.0,"max_hp_gain":5.0,"max_hp_loss":0.0,"gold_gain":0.0,"event_name":"Forgotten Altar","player_choice":"Shed Blood","floor":20.0,"gold_loss":0.0,"damage_taken":23.0},{"damage_healed":0.0,"max_hp_gain":0.0,"max_hp_loss":0.0,"gold_gain":0.0,"event_name":"The Library","player_choice":"Read","floor":28.0,"gold_loss":0.0,"damage_taken":0.0,"cards_obtained":["Acrobatics"]},{"damage_healed":0.0,"max_hp_gain":0.0,"max_hp_loss":0.0,"gold_gain":0.0,"event_name":"Vampires","player_choice":"Ignored","floor":31.0,"gold_loss":0.0,"damage_taken":0.0},{"damage_healed":0.0,"max_hp_gain":0.0,"max_hp_loss":0.0,"gold_gain":0.0,"event_name":"MindBloom","player_choice":"Fight","floor":36.0,"gold_loss":0.0,"damage_taken":0.0},{"cards_removed":["Underhanded Strike"],"damage_healed":0.0,"max_hp_gain":0.0,"max_hp_loss":0.0,"gold_gain":0.0,"event_name":"Falling","player_choice":"Removed Attack","floor":37.0,"gold_loss":0.0,"damage_taken":0.0}],"is_beta":false,"boss_relics":[{"not_picked":["Philosopher\u0027s Stone","Fusion Hammer"],"picked":"Coffee Dripper"},{"not_picked":["Runic Dome","Runic Pyramid"],"picked":"Busted Crown"}],"items_purged_floors":[48],"is_endless":false,"potions_floor_spawned":[1,5,14,21,23,27,30,36,39],"killed_by":"The Heart","ascension_level":20}}