{"host":"yiwf5cuj7e45awf3","time":1612615670,"event":{"mods":["BaseMod","Downfall","Hermit","Highlight Path","Hubris","Infinite Spire","Lobotomy","Marisa£®ÏF”Í°°ƒß¿Ì…≥£©","Minty Spire (QoL Compilation)","READ ME - Guardian Mod","Remilia£®¿Ÿ√◊¿Ú—«£©","Replay The Spire","StSLib","The Animator","The Construct","The Cursed","The Disciple","The Hierophant","The Jungle","The Necromancer","The Runesmith","The Servant 0.9.4"],"gold_per_floor":[109,109,126,126,126,126,28,46,95,95,125,125,137,163,163,259,259,273,273,273,273],"floor_reached":20,"language":"ZHS","playtime":1393,"items_purged":[],"score":170,"play_id":"092112ed-b095-47a3-9cd7-99387783ee77","local_time":"20210206204750","is_ascension_mode":false,"campfire_choices":[{"data":"infinitespire:Menacing","floor":6,"key":"SMITH"},{"data":"TheCursedMod:BloodBarrier","floor":10,"key":"SMITH"},{"data":"Specialist","floor":12,"key":"SMITH"},{"floor":15,"key":"DIG"}],"circlet_count":0,"master_deck":["TheCursedMod:Strike_TheCursed","TheCursedMod:Strike_TheCursed","TheCursedMod:Strike_TheCursed","TheCursedMod:Strike_TheCursed","TheCursedMod:Defend_TheCursed","TheCursedMod:Defend_TheCursed","TheCursedMod:Defend_TheCursed","TheCursedMod:Defend_TheCursed","TheCursedMod:CursedWand","TheCursedMod:CleanUpWorkshop","TheCursedMod:Dregs","WallGazer","TheCursedMod:Hemoplague+1","VoidDream","TheCursedMod:CursedShiv","Languid","Overencumbered","infinitespire:Menacing+1","Specialist+1","OSAHOGD","TheCursedMod:BloodBarrier+1","SnowQueen","TheCursedMod:ManaBullet","BigBird","TheCursedMod:ManaCirculation","ShyLook","TheCursedMod:OutForBlood","FairyFestival","TheCursedMod:CursedShiv","Specialist+1"],"relics":["TheCursedMod:BlackMagic101","CogitoBucket","War Paint","infinitespire:Satchel","Simple Rune","Lantern","Ring of Chaos","BackwardClock"],"acts_visited":["Exordium","TheCity"],"potions_floor_usage":[16,16,16],"damage_taken":[{"damage":0,"enemies":"2 Louse","floor":1,"turns":4},{"damage":5,"enemies":"Cultist","floor":3,"turns":4},{"damage":3,"enemies":"Jaw Worm","floor":8,"turns":4},{"damage":6,"enemies":"3 Louse","floor":13,"turns":5},{"damage":41,"enemies":"3 Sentries","floor":14,"turns":11},{"damage":37,"enemies":"Fading Forest","floor":16,"turns":11},{"damage":45,"enemies":"Shell Parasite","floor":18,"turns":8},{"damage":34,"enemies":"Spheric Guardian","floor":20,"turns":4}],"seed_played":"-3717394213852286123","potions_obtained":[{"floor":1,"key":"Flashbang"},{"floor":8,"key":"Toxic Potion"},{"floor":14,"key":"Toxic Potion"}],"is_trial":false,"path_per_floor":["M","?","M","?","?","R","$","M","T","R","?","R","M","E","R","B",null,"M","?","M"],"character_chosen":"THE_CURSED","items_purchased":["Specialist"],"campfire_rested":0,"item_purchase_floors":[7],"current_hp_per_floor":[75,75,70,70,70,70,70,67,67,67,67,67,61,20,20,7,75,30,30,0,0],"gold":273,"neow_bonus":"","is_daily":false,"chose_seed":false,"campfire_upgraded":3,"win_rate":0.0,"timestamp":1612615670,"path_taken":["M","?","?","?","?","R","$","M","T","R","?","R","?","E","R","BOSS","M","?","?"],"items_purchased_type":["Card"],"build_version":"2020-12-22","purchased_purges":0,"victory":false,"max_hp_per_floor":[75,75,75,75,75,75,75,75,75,75,75,75,75,75,75,75,75,75,75,75,75],"card_choices":[{"not_picked":["MHz","Alriune"],"picked":"WallGazer","floor":1},{"not_picked":["TheCursedMod:Stigma","TheCursedMod:CircleOfFocus"],"picked":"TheCursedMod:Hemoplague","floor":1},{"not_picked":["OSAHOGD","ShyLook"],"picked":"VoidDream","floor":3},{"not_picked":["TheCursedMod:Torture","TheCursedMod:CircleOfFocus"],"picked":"TheCursedMod:CursedShiv","floor":3},{"not_picked":["infinitespire:Oblivion","infinitespire:Punishment"],"picked":"infinitespire:Menacing","floor":4},{"not_picked":["FairyFestival","BeautyBeast"],"picked":"OSAHOGD","floor":8},{"not_picked":["TheCursedMod:EmpowerCircles","TheCursedMod:AshesToAshes"],"picked":"TheCursedMod:BloodBarrier","floor":8},{"not_picked":["Bloodbath","BeautyBeast"],"picked":"SnowQueen","floor":13},{"not_picked":["TheCursedMod:RapidMovement","TheCursedMod:CircleOfFlame"],"picked":"TheCursedMod:ManaBullet","floor":13},{"not_picked":["BeautyBeast","SpiderBud"],"picked":"BigBird","floor":14},{"not_picked":["TheCursedMod:ReleasedKnowledge","TheCursedMod:CursedShiv"],"picked":"TheCursedMod:ManaCirculation","floor":14},{"not_picked":["OldLady","BigBadWolf"],"picked":"ShyLook","floor":16},{"not_picked":["TheCursedMod:StunningStrike","TheCursedMod:AntiAging"],"picked":"TheCursedMod:OutForBlood","floor":16},{"not_picked":["SingingMachine","LongBird"],"picked":"FairyFestival","floor":18},{"not_picked":["TheCursedMod:CursedMace","TheCursedMod:RavingStaff+1"],"picked":"TheCursedMod:CursedShiv","floor":18}],"player_experience":84456,"relics_obtained":[{"floor":9,"key":"War Paint"},{"floor":14,"key":"Simple Rune"},{"floor":15,"key":"Lantern"}],"event_choices":[{"damage_healed":0,"gold_gain":0,"player_choice":"Bought 0 Potions","damage_taken":0,"max_hp_gain":0,"max_hp_loss":0,"event_name":"The Woman in Blue","floor":2,"gold_loss":0},{"damage_healed":0,"gold_gain":0,"player_choice":"Grow","damage_taken":0,"max_hp_gain":0,"max_hp_loss":0,"event_name":"Living Wall","floor":5,"gold_loss":0,"cards_upgraded":["TheCursedMod:Hemoplague"]},{"damage_healed":0,"gold_gain":30,"player_choice":"Searched \u00272\u0027 times","damage_taken":0,"relics_obtained":["infinitespire:Satchel"],"max_hp_gain":0,"max_hp_loss":0,"event_name":"Dead Adventurer","floor":11,"gold_loss":0},{"damage_healed":0,"gold_gain":0,"player_choice":"Copied","damage_taken":0,"max_hp_gain":0,"max_hp_loss":0,"event_name":"Duplicator","floor":19,"gold_loss":0,"cards_obtained":["Specialist"]}],"is_beta":false,"boss_relics":[{"not_picked":["hubris:Backtick","Honey Jar"],"picked":"Ring of Chaos"}],"items_purged_floors":[],"is_endless":false,"potions_floor_spawned":[1,8,14],"killed_by":"Spheric Guardian","ascension_level":0}}