{"host":"gzk4gkgy3zij1c51","time":1612582599,"event":{"mods":["BaseMod","Colored Map","Downfall","Highlight Path","Marked Mod","Minty Spire (QoL Compilation)","Relic Stats","StSLib","everything is the same but u backflip on backflip"],"gold_per_floor":[99,99,113,128,141,158,158,58,69,169,198,212,232,265,281,383,383,283,300,315,329,342,342,342,417,104,115,140,153,153,171,184,282,282,282,302,73,73,61,111,111,11,38,56,90,108,108,136,148,148,148,148],"floor_reached":50,"language":"ENG","playtime":3736,"items_purged":["downfall:Haunted","downfall:Haunted"],"score":813,"play_id":"dd9d4d87-c945-4de6-81f9-85acf1394a78","local_time":"20210206033639","is_ascension_mode":true,"campfire_choices":[{"floor":1.0,"key":"RECALL"},{"data":"champ:GladiatorStyle","floor":8.0,"key":"SMITH"},{"data":"champ:StrikeOfGenius","floor":18.0,"key":"SMITH"},{"data":"champ:TornadoPunch","floor":23.0,"key":"SMITH"},{"data":"champ:UltimateStance","floor":30.0,"key":"SMITH"},{"data":"champ:SkillfulDodge","floor":35.0,"key":"SMITH"},{"data":"expansioncontent:DashGenerateEvil","floor":42.0,"key":"SMITH"},{"floor":47,"key":"REST"}],"circlet_count":0,"master_deck":["champ:Strike","champ:Strike","champ:Strike","champ:Defend","champ:Defend","champ:Defend","champ:Defend","champ:Execute","champ:Taunt+1","champ:ShieldSigil","champ:GladiatorStyle+1","champ:ShieldSigil","champ:BringItOn","champ:Lariat","Doubt","champ:StrikeOfGenius+1","Doubt","Writhe","champ:PreciseThrust","champ:PerfectedStrike","champ:FlashCut","champ:Circumvent","champ:TornadoPunch+1","champ:VampiricStrike","champ:Haymaker+1","champ:BerserkersShout+1","champ:Duel+1","champ:Devastate","champ:UltimateStance+1","champ:SkillfulDodge+1","champ:StanceDance","champ:EnchantSword","champ:FanOfKnives+1","champ:ViciousMockery+1","champ:Backstep","champ:UltimateStance","expansioncontent:DashGenerateEvil+1","champ:GladiatorStyle","champ:GladiatorStyle","champ:ShieldWall","champ:LastStand"],"relics":["champ:ChampionCrown","Bronze Scales","downfall:HeartBlessingRed","Darkstone Periapt","Bottled Lightning","Mercury Hourglass","sneckomod:SneckoTalon","downfall:HeartBlessingGreen","The Courier","Oddly Smooth Stone","PreservedInsect","Snecko Eye","Singing Bowl","Bird Faced Urn","downfall:HeartBlessingBlue","Strawberry","FossilizedHelix","Toxic Egg 2"],"acts_visited":["Exordium","TheCity","TheBeyond"],"potions_floor_usage":[46,50,50],"damage_taken":[{"damage":10.0,"enemies":"2 Louse","floor":3.0,"turns":3.0},{"damage":35.0,"enemies":"Cultist","floor":4.0,"turns":3.0},{"damage":20.0,"enemies":"Small Slimes","floor":5.0,"turns":3.0},{"damage":33.0,"enemies":"2 Fungi Beasts","floor":6.0,"turns":5.0},{"damage":13.0,"enemies":"Blue Slaver","floor":9.0,"turns":4.0},{"damage":33.0,"enemies":"Lagavulin","floor":11.0,"turns":8.0},{"damage":12.0,"enemies":"Exordium Wildlife","floor":12.0,"turns":4.0},{"damage":0.0,"enemies":"3 Louse","floor":13.0,"turns":3.0},{"damage":40.0,"enemies":"Gremlin Nob","floor":14.0,"turns":5.0},{"damage":4.0,"enemies":"Large Slime","floor":15.0,"turns":5.0},{"damage":39.0,"enemies":"SI_SHIV_ARCHETYPE","floor":16.0,"turns":5.0},{"damage":0.0,"enemies":"Spheric Guardian","floor":19.0,"turns":3.0},{"damage":2.0,"enemies":"Chosen","floor":20.0,"turns":4.0},{"damage":40.0,"enemies":"Snake Plant","floor":21.0,"turns":4.0},{"damage":31.0,"enemies":"Snecko","floor":22.0,"turns":5.0},{"damage":0.0,"enemies":"downfall:FleeingMerchant","floor":26.0,"turns":4.0},{"damage":10.0,"enemies":"Shelled Parasite and Fungi","floor":27.0,"turns":3.0},{"damage":13.0,"enemies":"Book of Stabbing","floor":28.0,"turns":3.0},{"damage":74.0,"enemies":"Chosen and Byrds","floor":29.0,"turns":6.0},{"damage":9.0,"enemies":"Snake Plant","floor":31.0,"turns":3.0},{"damage":10.0,"enemies":"Snecko","floor":32.0,"turns":2.0},{"damage":80.0,"enemies":"WA_ARCHETYPE_CALM","floor":33.0,"turns":8.0},{"damage":24.0,"enemies":"Orb Walker","floor":36.0,"turns":4.0},{"damage":45.0,"enemies":"downfall:FleeingMerchant","floor":37.0,"turns":4.0},{"damage":10.0,"enemies":"downfall:FleeingMerchant","floor":39.0,"turns":2.0},{"damage":21.0,"enemies":"downfall:FleeingMerchant","floor":40.0,"turns":5.0},{"damage":32.0,"enemies":"Giant Head","floor":43.0,"turns":6.0},{"damage":20.0,"enemies":"3 Darklings","floor":44.0,"turns":5.0},{"damage":63.0,"enemies":"Reptomancer","floor":45.0,"turns":4.0},{"damage":28,"enemies":"Writhing Mass","floor":46,"turns":5},{"damage":70,"enemies":"Giant Head","floor":48,"turns":8},{"damage":25,"enemies":"Transient","floor":49,"turns":5},{"damage":100,"enemies":"IC_BLOCK_ARCHETYPE","floor":50,"turns":4}],"seed_played":"7277963186233306364","potions_obtained":[{"floor":3.0,"key":"Block Potion"},{"floor":4.0,"key":"Explosive Potion"},{"floor":9.0,"key":"DuplicationPotion"},{"floor":11.0,"key":"champ:OpenerPotion"},{"floor":14.0,"key":"LiquidBronze"},{"floor":19.0,"key":"champ:TechniquePotion"},{"floor":25.0,"key":"downfall:CursedFountainPotion"},{"floor":27.0,"key":"EssenceOfSteel"},{"floor":28.0,"key":"Regen Potion"},{"floor":29.0,"key":"PowerPotion"},{"floor":31.0,"key":"Block Potion"},{"floor":40.0,"key":"hexamod:SoulburnPotion"},{"floor":43.0,"key":"Slimebound:ThreeZeroPotion"},{"floor":48,"key":"Swift Potion"},{"floor":49,"key":"Explosive Potion"}],"is_trial":false,"path_per_floor":["R","?","M","M","M","M","T","R","M","?","E","M","M","E","M","B",null,"R","M","M","M","M","R","T","?","$","M","E","M","R","M","M","B",null,"R","M","$","?","$","?","T","R","E","M","E","M","R","E","M","B"],"character_chosen":"THE_CHAMP","items_purchased":["champ:Devastate","Oddly Smooth Stone","Singing Bowl","champ:Backstep","expansioncontent:DashGenerateEvil","champ:GladiatorStyle","champ:GladiatorStyle"],"campfire_rested":1,"item_purchase_floors":[26,26,37,37,39,39,39],"current_hp_per_floor":[90,90,90,90,90,87,87,87,84,119,86,74,74,34,30,16,98,98,98,96,66,35,35,35,125,125,125,112,88,88,91,91,56,108,108,84,84,84,84,75,75,85,76,82,39,29,74,22,30,0,0,0],"gold":148,"neow_bonus":"UPGRADE_CARD","is_daily":false,"chose_seed":false,"campfire_upgraded":6,"win_rate":0.0,"timestamp":1612582599,"path_taken":["R","?","M","M","M","M","T","R","M","?","E","M","M","E","M","BOSS","R","M","M","M","M","R","T","?","$","M","E","M","R","?","M","BOSS","R","M","$","?","$","?","T","R","E","M","E","M","R","E","M","BOSS"],"items_purchased_type":["Card","Relic","Relic","Card","Card","Card","Card"],"build_version":"2020-12-22","purchased_purges":2,"victory":false,"max_hp_per_floor":[90,90,90,90,90,90,90,90,90,125,125,125,125,125,125,125,125,125,125,125,125,125,125,125,125,125,125,125,125,125,125,125,125,125,125,125,125,125,125,127,127,137,146,148,148,150,150,150,152,152,152,152],"relic_stats":{"Darkstone Periapt":30,"Singing Bowl":10,"counters":[33,141],"Bronze Scales":[320],"Bird Faced Urn":[38],"Snecko Eye":[76,66,99,75],"PreservedInsect":308,"obtain_stats":[{"Darkstone Periapt":10,"downfall:HeartBlessingRed":8,"Singing Bowl":37,"Oddly Smooth Stone":26,"champ:ChampionCrown":0,"downfall:HeartBlessingGreen":18,"The Courier":24,"PreservedInsect":28,"sneckomod:SneckoTalon":17,"Mercury Hourglass":14,"downfall:HeartBlessingBlue":42,"Bronze Scales":7,"Bird Faced Urn":40,"Strawberry":43,"Snecko Eye":34,"Bottled Lightning":11,"Toxic Egg 2":48,"FossilizedHelix":45},{"Darkstone Periapt":5,"downfall:HeartBlessingRed":4,"Singing Bowl":24,"Oddly Smooth Stone":16,"champ:ChampionCrown":0,"downfall:HeartBlessingGreen":11,"The Courier":15,"PreservedInsect":18,"sneckomod:SneckoTalon":11,"Mercury Hourglass":9,"downfall:HeartBlessingBlue":26,"Bronze Scales":4,"Bird Faced Urn":26,"Strawberry":27,"Snecko Eye":22,"Bottled Lightning":6,"Toxic Egg 2":31,"FossilizedHelix":29},{"Darkstone Periapt":18,"downfall:HeartBlessingRed":14,"Singing Bowl":97,"Oddly Smooth Stone":65,"champ:ChampionCrown":0,"downfall:HeartBlessingGreen":48,"The Courier":61,"PreservedInsect":71,"sneckomod:SneckoTalon":48,"Mercury Hourglass":38,"downfall:HeartBlessingBlue":104,"Bronze Scales":14,"Bird Faced Urn":104,"Strawberry":110,"Snecko Eye":89,"Bottled Lightning":26,"Toxic Egg 2":132,"FossilizedHelix":119}],"Mercury Hourglass":[307]},"card_choices":[{"not_picked":["champ:Haymaker","champ:CrownThrow"],"picked":"champ:ShieldSigil","floor":3.0},{"not_picked":["champ:GutPunch","champ:BringItOn"],"picked":"champ:GladiatorStyle","floor":4.0},{"not_picked":["champ:Shatter","champ:BerserkersShout"],"picked":"champ:ShieldSigil","floor":5.0},{"not_picked":["champ:BerserkersShout","champ:BladeFlurry"],"picked":"champ:BringItOn","floor":6.0},{"not_picked":["champ:BringItOn","champ:Haymaker"],"picked":"champ:Lariat","floor":9.0},{"not_picked":["champ:FaceSlap","champ:Lariat"],"picked":"champ:PreciseThrust","floor":11.0},{"not_picked":["champ:PreciseThrust","champ:Circumvent"],"picked":"champ:PerfectedStrike","floor":12.0},{"not_picked":["champ:GladiatorStyle","champ:ShieldSigil"],"picked":"champ:FlashCut","floor":13.0},{"not_picked":["champ:FaceSlap","champ:SetATrap"],"picked":"champ:Circumvent","floor":14.0},{"not_picked":["champ:Haymaker","champ:EnchantCrown"],"picked":"champ:TornadoPunch","floor":15.0},{"not_picked":["champ:EnchantSword","champ:IgnorePain"],"picked":"champ:VampiricStrike","floor":16.0},{"not_picked":["champ:RecklessLeap+1","champ:BringItOn","champ:PreciseThrust"],"picked":"SKIP","floor":19.0},{"not_picked":["champ:BerserkersShout","champ:PreciseThrust","champ:BringItOn"],"picked":"SKIP","floor":20.0},{"not_picked":["champ:BladeFlurry","champ:Circumvent"],"picked":"champ:Haymaker+1","floor":21.0},{"not_picked":["champ:Circumvent","champ:FlashCut"],"picked":"champ:BerserkersShout+1","floor":22.0},{"not_picked":["champ:Backstep","champ:Encircle"],"picked":"champ:Duel+1","floor":26.0},{"not_picked":["champ:DefensiveShout","champ:RapidStrikes+1"],"picked":"champ:UltimateStance","floor":27.0},{"not_picked":["champ:Circumvent","champ:RecklessLeap","champ:BringItOn"],"picked":"SKIP","floor":28.0},{"not_picked":["champ:ViciousMockery","champ:CrownThrow+1"],"picked":"champ:SkillfulDodge","floor":29.0},{"not_picked":["champ:Shatter+1","champ:Haymaker+1"],"picked":"champ:StanceDance","floor":31.0},{"not_picked":["champ:Haymaker","champ:Circumvent","champ:RageSigil"],"picked":"SKIP","floor":32.0},{"not_picked":["champ:IgnorePain","champ:SteelEdge"],"picked":"champ:EnchantSword","floor":33.0},{"not_picked":["champ:Backstep","champ:GutPunch+1"],"picked":"champ:FanOfKnives+1","floor":36.0},{"not_picked":["champ:AdrenalArmor","champ:SetATrap+1"],"picked":"champ:ViciousMockery+1","floor":37.0},{"not_picked":["champ:BladeFlurry","champ:DefensiveShout+1"],"picked":"champ:UltimateStance","floor":39.0},{"not_picked":["champ:BringItOn","champ:Parry+1","champ:FanOfKnives+1"],"picked":"Singing Bowl","floor":40.0},{"not_picked":["champ:IronFortress+1","champ:ShieldSigil","champ:Circumvent+1"],"picked":"Singing Bowl","floor":43.0},{"not_picked":["champ:BladeFlurry+1","champ:Haymaker","champ:DefensiveShout+1"],"picked":"Singing Bowl","floor":44.0},{"not_picked":["champ:FocusedBerserking","champ:ViciousMockery+1"],"picked":"champ:ShieldWall","floor":45.0},{"not_picked":["champ:BladeFlurry+1","champ:Circumvent+1","champ:PreemptiveStrike"],"picked":"Singing Bowl","floor":46},{"not_picked":["champ:ShieldWall","champ:ShieldSlam+1"],"picked":"champ:LastStand","floor":48},{"not_picked":["champ:Encircle","champ:RisingSlash+1","champ:Haymaker+1"],"picked":"Singing Bowl","floor":49}],"player_experience":1157262,"relics_obtained":[{"floor":7.0,"key":"Bronze Scales"},{"floor":11.0,"key":"Bottled Lightning"},{"floor":14.0,"key":"Mercury Hourglass"},{"floor":24.0,"key":"The Courier"},{"floor":28.0,"key":"PreservedInsect"},{"floor":40.0,"key":"Bird Faced Urn"},{"floor":43.0,"key":"Strawberry"},{"floor":45.0,"key":"FossilizedHelix"},{"floor":48,"key":"Toxic Egg 2"}],"event_choices":[],"is_beta":false,"boss_relics":[{"not_picked":["Pandora\u0027s Box","expansioncontent:StudyCardRelic"],"picked":"sneckomod:SneckoTalon"},{"not_picked":["Velvet Choker","SacredBark"],"picked":"Snecko Eye"}],"items_purged_floors":[26,39],"is_endless":false,"potions_floor_spawned":[3,4,9,11,12,14,19,27,28,29,31,40,43,48,49],"killed_by":"IC_BLOCK_ARCHETYPE","ascension_level":5}}