{"host":"w2kjv12xyhtt0cv2","time":1612631307,"event":{"mods":["100% Spire Juice","Act Like it!","BaseMod","Colored Map","Friendly Minions","Gensokyo","GifTheSpireLib","Highlight Path","Hubris","Marisa（F雨　魔理沙）","Minty Spire (QoL Compilation)","Prisma Mod","Quick Restart","Reimu（博丽灵梦）","Relic Stats","Reliquary","Replay The Spire","Robot Space Explorer","RumiaBox-露米娅的神秘盒子","Shop Mod","Spicy Shops","StSLib","The Bug Knight","The Cursed","The Dragon Tamer","The Servant 0.9.4","UnlockEverythingMod","Waifu the Spire","[功能]功能增强和修复MOD","【功能Mod】Neow奖励","【遗物卡牌】REMEMod","没有小屋子和绿帽子啦"],"gold_per_floor":[366,220,220,220,220,220,220],"floor_reached":6,"language":"ZHS","playtime":298,"items_purged":[],"score":58,"play_id":"7d32972a-9d61-497e-916d-2b8037935787","local_time":"20210207010827","is_ascension_mode":true,"campfire_choices":[],"circlet_count":0,"master_deck":["AscendersBane","TheCursedMod:Strike_TheCursed","TheCursedMod:Strike_TheCursed","TheCursedMod:Strike_TheCursed","TheCursedMod:Strike_TheCursed","TheCursedMod:Defend_TheCursed","TheCursedMod:Defend_TheCursed","TheCursedMod:Defend_TheCursed","TheCursedMod:Defend_TheCursed","TheCursedMod:CursedWand","TheCursedMod:CleanUpWorkshop","TheCursedMod:Dregs","Whirlwind","Defend_R","Vigilance","TheCursedMod:BloodBarrier","TheCursedMod:TroublousMinions","TheCursedMod:SaltUponWound","TheCursedMod:CursedSpellbook","TheCursedMod:RapidMovement","TheCursedMod:PrepareRite"],"relics":["TheCursedMod:BlackMagic101","REME_ComplimentaryCards","Orrery"],"acts_visited":["Gensokyo:Gensokyo"],"potions_floor_usage":[],"damage_taken":[{"damage":8.0,"enemies":"Gensokyo:Python","floor":1.0,"turns":7.0},{"damage":1,"enemies":"Gensokyo:Cirno","floor":6,"turns":2}],"seed_played":"4132838743268515570","potions_obtained":[{"floor":1.0,"key":"SteroidPotion"}],"is_trial":false,"path_per_floor":["M","$","?","?","?","E"],"character_chosen":"THE_CURSED","items_purchased":["Orrery"],"campfire_rested":0,"item_purchase_floors":[2],"current_hp_per_floor":[56,56,47,47,47,46,46],"gold":220,"neow_bonus":"TWO_FIFTY_GOLD","is_daily":false,"chose_seed":false,"campfire_upgraded":0,"win_rate":0.0,"timestamp":1612631307,"path_taken":["M","$","?","?","?","E"],"items_purchased_type":["Relic"],"build_version":"2020-12-22","purchased_purges":0,"victory":false,"max_hp_per_floor":[71,71,71,71,71,71,71],"relic_stats":{"counters":[2,9],"obtain_stats":[{"TheCursedMod:BlackMagic101":0,"Orrery":2,"REME_ComplimentaryCards":0},{"TheCursedMod:BlackMagic101":0,"Orrery":1,"REME_ComplimentaryCards":0},{"TheCursedMod:BlackMagic101":0,"Orrery":7,"REME_ComplimentaryCards":0}]},"card_choices":[{"not_picked":["TheCursedMod:CursedShiv","TheCursedMod:VitalStrike"],"picked":"TheCursedMod:BloodBarrier","floor":1.0},{"not_picked":["TheCursedMod:SpitefulStrike","TheCursedMod:SmokeScreen"],"picked":"TheCursedMod:TroublousMinions","floor":2.0},{"not_picked":["TheCursedMod:SpreadPlague","TheCursedMod:Wield"],"picked":"TheCursedMod:SaltUponWound","floor":2.0},{"not_picked":["TheCursedMod:SpitefulStrike","TheCursedMod:AntiAging"],"picked":"TheCursedMod:CursedSpellbook","floor":2.0},{"not_picked":["TheCursedMod:CursedBoomerang","TheCursedMod:CursedMace"],"picked":"TheCursedMod:RapidMovement","floor":2.0},{"not_picked":["TheCursedMod:DoubleShield","TheCursedMod:BlessingInDisguise"],"picked":"TheCursedMod:PrepareRite","floor":2.0}],"player_experience":201936,"relics_obtained":[],"event_choices":[],"is_beta":false,"boss_relics":[],"items_purged_floors":[],"is_endless":false,"potions_floor_spawned":[1],"killed_by":"Gensokyo:Cirno","ascension_level":16}}