{"host":"og2dufvjgkards7m","time":1612575332,"event":{"mods":["AchievementEnabler","BaseMod","Better Match","Better Note","Better Sensory Stone","Block Reminder","Colored Map","Colored Powertips","DeckTracker","Highlight Path","Minty Spire (QoL Compilation)","Rare Cards Sparkle","Relic Sorter","StSLib","SuperFastMode"],"gold_per_floor":[109,119,119,44,44,71,85,85,85,102,52,52,87,98,98,197,197,208,228,228,242,242,276,276,286,311,311,311,329,664,676,676,676,676],"floor_reached":33,"language":"SPA","playtime":1424,"items_purged":["Strike_B"],"score":451,"play_id":"cf3f0fd4-7dd4-4fe9-8f3f-c126e070e912","local_time":"20210205173532","is_ascension_mode":true,"campfire_choices":[{"floor":8.0,"key":"RECALL"},{"data":"Zap","floor":12.0,"key":"SMITH"},{"data":"Fission","floor":15.0,"key":"SMITH"},{"data":"Chill","floor":24.0,"key":"SMITH"},{"data":"Rainbow","floor":27.0,"key":"SMITH"},{"data":"Rainbow","floor":32,"key":"SMITH"}],"circlet_count":0,"master_deck":["Defend_B","Defend_B","Zap+1","Dualcast","Conserve Battery","Skim","Conserve Battery","Fission+1","Conserve Battery","Rainbow+1","Chill+1","Loop","Leap","Defragment+1","Thunder Strike","White Noise+1","Double Energy","Rainbow+1","Heatsinks"],"relics":["Cracked Core","NeowsBlessing","Letter Opener","Pantograph","Lantern","Black Star","DataDisk","FossilizedHelix","Akabeko","Nilry\u0027s Codex","Dream Catcher","Old Coin"],"acts_visited":["Exordium","TheCity"],"potions_floor_usage":[],"damage_taken":[{"damage":0.0,"enemies":"Jaw Worm","floor":1.0,"turns":1.0},{"damage":0.0,"enemies":"Small Slimes","floor":2.0,"turns":1.0},{"damage":0.0,"enemies":"Gremlin Nob","floor":6.0,"turns":1.0},{"damage":0.0,"enemies":"Cultist","floor":7.0,"turns":4.0},{"damage":0.0,"enemies":"2 Fungi Beasts","floor":10.0,"turns":3.0},{"damage":22.0,"enemies":"Lagavulin","floor":13.0,"turns":7.0},{"damage":0.0,"enemies":"Lots of Slimes","floor":14.0,"turns":2.0},{"damage":57.0,"enemies":"Hexaghost","floor":16.0,"turns":14.0},{"damage":0.0,"enemies":"3 Byrds","floor":18.0,"turns":3.0},{"damage":0.0,"enemies":"Chosen","floor":19.0,"turns":4.0},{"damage":0.0,"enemies":"3 Cultists","floor":21.0,"turns":6.0},{"damage":4.0,"enemies":"Book of Stabbing","floor":23.0,"turns":7.0},{"damage":0.0,"enemies":"Centurion and Healer","floor":25.0,"turns":5.0},{"damage":8.0,"enemies":"Snake Plant","floor":29.0,"turns":3.0},{"damage":0.0,"enemies":"Gremlin Leader","floor":30.0,"turns":7.0},{"damage":0.0,"enemies":"3 Cultists","floor":31.0,"turns":4.0},{"damage":68,"enemies":"Automaton","floor":33,"turns":6}],"seed_played":"2782086651881926094","potions_obtained":[{"floor":7.0,"key":"SmokeBomb"},{"floor":13.0,"key":"SkillPotion"},{"floor":14.0,"key":"Swift Potion"},{"floor":16.0,"key":"DuplicationPotion"},{"floor":19.0,"key":"Weak Potion"},{"floor":21.0,"key":"AttackPotion"},{"floor":31.0,"key":"GamblersBrew"}],"is_trial":false,"path_per_floor":["M","M","?","$","?","E","M","R","T","M","?","R","E","M","R","B",null,"M","M","?","M","?","E","R","M","T","R","?","M","E","M","R","B"],"character_chosen":"DEFECT","items_purchased":[],"campfire_rested":0,"item_purchase_floors":[],"current_hp_per_floor":[68,68,68,68,68,68,68,68,68,68,68,68,46,46,46,14,60,60,60,60,60,60,56,56,56,56,56,40,32,32,32,32,0,0],"gold":676,"neow_bonus":"THREE_ENEMY_KILL","is_daily":false,"chose_seed":false,"campfire_upgraded":5,"win_rate":0.0,"timestamp":1612575332,"path_taken":["M","M","?","$","?","E","M","R","T","?","?","R","E","M","R","BOSS","M","M","?","M","?","E","R","?","T","R","?","M","E","M","R","BOSS"],"items_purchased_type":[],"build_version":"2020-12-22","purchased_purges":1,"victory":false,"max_hp_per_floor":[75,75,75,75,75,75,75,75,75,75,75,75,75,75,75,75,75,75,75,75,75,75,75,75,75,75,75,75,75,75,75,75,75,75],"card_choices":[{"not_picked":["Redo","Go for the Eyes"],"picked":"Conserve Battery","floor":1.0},{"not_picked":["Ball Lightning","Compile Driver"],"picked":"Redo","floor":2.0},{"not_picked":["Hello World","Leap"],"picked":"Skim","floor":6.0},{"not_picked":["Doom and Gloom","Cold Snap"],"picked":"Conserve Battery","floor":7.0},{"not_picked":["Steam","Ball Lightning","Gash"],"picked":"SKIP","floor":10.0},{"not_picked":["Barrage","Turbo"],"picked":"Fission","floor":13.0},{"not_picked":["Scrape","Tempest"],"picked":"Conserve Battery","floor":14.0},{"not_picked":["Biased Cognition","Hyperbeam"],"picked":"Rainbow","floor":16.0},{"not_picked":["Redo","Lockon","Gash+1"],"picked":"SKIP","floor":18.0},{"not_picked":["Rip and Tear","Steam"],"picked":"Chill","floor":19.0},{"not_picked":["Hologram","Stack"],"picked":"Defragment+1","floor":21.0},{"not_picked":["Cold Snap+1","Go for the Eyes"],"picked":"White Noise+1","floor":23.0},{"not_picked":["Coolheaded","Gash"],"picked":"Double Energy","floor":25.0},{"not_picked":["Auto Shields","Hologram"],"picked":"Rainbow","floor":29.0},{"not_picked":["Conserve Battery","Beam Cell+1"],"picked":"Heatsinks","floor":30.0},{"not_picked":["Hello World","Barrage","Ball Lightning"],"picked":"SKIP","floor":31.0}],"player_experience":179119,"relics_obtained":[{"floor":6.0,"key":"Pantograph"},{"floor":13.0,"key":"Lantern"},{"floor":23.0,"key":"DataDisk"},{"floor":23.0,"key":"FossilizedHelix"},{"floor":26.0,"key":"Akabeko"},{"floor":28.0,"key":"Nilry\u0027s Codex"},{"floor":30.0,"key":"Dream Catcher"},{"floor":30.0,"key":"Old Coin"}],"event_choices":[{"cards_removed":["Strike_B"],"damage_healed":0.0,"max_hp_gain":0.0,"max_hp_loss":0.0,"gold_gain":0.0,"event_name":"Living Wall","player_choice":"Forget","floor":3.0,"gold_loss":0.0,"damage_taken":0.0},{"cards_removed":["Redo"],"damage_healed":0.0,"max_hp_gain":0.0,"max_hp_loss":0.0,"gold_gain":0.0,"event_name":"WeMeetAgain","player_choice":"Gave Card","floor":5.0,"gold_loss":0.0,"damage_taken":0.0,"relics_obtained":["Letter Opener"]},{"cards_removed":["Strike_B"],"damage_healed":0.0,"max_hp_gain":0.0,"max_hp_loss":0.0,"gold_gain":0.0,"event_name":"The Cleric","player_choice":"Card Removal","floor":11.0,"gold_loss":50.0,"damage_taken":0.0},{"damage_healed":0.0,"max_hp_gain":0.0,"max_hp_loss":0.0,"gold_gain":0.0,"cards_transformed":["Defend_B","Defend_B"],"event_name":"Drug Dealer","player_choice":"Became Test Subject","floor":20.0,"gold_loss":0.0,"damage_taken":0.0,"cards_obtained":["Loop","Leap"]},{"damage_healed":0.0,"max_hp_gain":0.0,"max_hp_loss":0.0,"gold_gain":0.0,"cards_transformed":["Strike_B"],"event_name":"Transmorgrifier","player_choice":"Transformed","floor":22.0,"gold_loss":0.0,"damage_taken":0.0,"cards_obtained":["Thunder Strike"]},{"damage_healed":0.0,"max_hp_gain":0.0,"max_hp_loss":0.0,"gold_gain":0.0,"event_name":"Cursed Tome","player_choice":"Obtained Book","floor":28.0,"gold_loss":0.0,"damage_taken":16.0}],"is_beta":false,"boss_relics":[{"not_picked":["Runic Pyramid","Cursed Key"],"picked":"Black Star"}],"items_purged_floors":[4],"is_endless":false,"potions_floor_spawned":[7,13,14,16,19,21,31],"killed_by":"Automaton","ascension_level":6}}