{"host":"at0t1xvvdwuey7rt","time":1612575936,"event":{"mods":["BaseMod","Downfall","Minty Spire (QoL Compilation)","StSLib"],"gold_per_floor":[115,215,226,13,32,32,45,56,56,56,56,69,69,79,79,176,176,192,212,312,6,6,6,6,24,48,48,14,14,14,31,31,31,31],"floor_reached":33,"language":"ENG","playtime":2357,"items_purged":[],"score":237,"play_id":"e20cf65d-45cb-42f8-9f87-6af9cd81faa2","local_time":"20210205194536","is_ascension_mode":false,"campfire_choices":[{"data":"Consecrate","floor":6,"key":"SMITH"},{"data":"Conclude","floor":11,"key":"SMITH"},{"floor":15,"key":"REST"},{"floor":24,"key":"REST"},{"floor":27,"key":"REST"},{"data":"BattleHymn","floor":29,"key":"SMITH"},{"data":"Blasphemy","floor":32,"key":"SMITH"}],"circlet_count":0,"master_deck":["Strike_P","Strike_P","Strike_P","Strike_P","Defend_P","Defend_P","Defend_P","Defend_P","Eruption","Vigilance","Panacea","Swivel","ReachHeaven","Establishment","EmptyMind","Consecrate+1","Conclude+1","ForeignInfluence","FlyingSleeves","Blasphemy+1","LessonLearned","Protect+1","BowlingBash","Tantrum","Study","Discovery","BattleHymn+1","LikeWater","CutThroughFate","downfall:Icky","EmptyBody+1"],"relics":["PureWater","Nunchaku","SacredBark","Membership Card","Boot","Bag of Marbles"],"acts_visited":["Exordium","TheCity"],"potions_floor_usage":[16,16,18,25,25,31,33],"damage_taken":[{"damage":1,"enemies":"Jaw Worm","floor":1,"turns":3},{"damage":0,"enemies":"Cultist","floor":3,"turns":5},{"damage":2,"enemies":"Small Slimes","floor":5,"turns":4},{"damage":7,"enemies":"Blue Slaver","floor":7,"turns":3},{"damage":0,"enemies":"Large Slime","floor":8,"turns":2},{"damage":3,"enemies":"Red Slaver","floor":12,"turns":3},{"damage":3,"enemies":"Gremlin Gang","floor":14,"turns":4},{"damage":46,"enemies":"Slime Boss","floor":16,"turns":9},{"damage":12,"enemies":"Chosen","floor":18,"turns":4},{"damage":15,"enemies":"Spheric Guardian","floor":19,"turns":4},{"damage":23,"enemies":"Centurion and Healer","floor":25,"turns":10},{"damage":0,"enemies":"Sentry and Sphere","floor":31,"turns":2},{"damage":100047,"enemies":"Collector","floor":33,"turns":6}],"seed_played":"6841837175863808539","potions_obtained":[{"floor":7,"key":"Block Potion"},{"floor":8,"key":"FearPotion"},{"floor":12,"key":"sneckomod:MuddlingPotion"},{"floor":16,"key":"PowerPotion"},{"floor":18,"key":"Energy Potion"},{"floor":19,"key":"Guardian:BlockOnCardUsePotion"},{"floor":25,"key":"DuplicationPotion"}],"is_trial":false,"path_per_floor":["M","?","M","$","M","R","M","M","T","?","R","M","?","M","R","B",null,"M","M","?","$","T","?","R","M","T","R","$","R","?","M","R","B"],"character_chosen":"WATCHER","items_purchased":["Establishment","EmptyMind","Tantrum","Membership Card","Study","Discovery","LikeWater"],"campfire_rested":3,"item_purchase_floors":[4,4,21,21,21,21,28],"current_hp_per_floor":[71,71,71,71,69,69,62,62,62,62,62,59,59,56,72,26,72,60,45,45,45,45,45,66,43,43,64,64,64,64,64,64,0,0],"gold":31,"neow_bonus":"RANDOM_COLORLESS","is_daily":false,"chose_seed":false,"campfire_upgraded":4,"win_rate":0.0,"timestamp":1612575936,"path_taken":["M","?","?","$","M","R","M","M","T","?","R","M","?","M","R","BOSS","M","M","?","$","?","?","R","M","T","R","?","R","?","M","R","BOSS"],"items_purchased_type":["Card","Card","Card","Relic","Card","Card","Card"],"build_version":"2020-12-22","purchased_purges":0,"victory":false,"max_hp_per_floor":[72,72,72,72,72,72,72,72,72,72,72,72,72,72,72,72,72,72,72,72,72,72,72,72,72,72,72,72,72,72,72,72,72,72],"card_choices":[{"not_picked":["Deep Breath","Purity"],"picked":"Panacea","floor":0},{"not_picked":["Evaluate","InnerPeace"],"picked":"Swivel","floor":1},{"not_picked":["FlyingSleeves","CrushJoints"],"picked":"ReachHeaven","floor":3},{"not_picked":["ClearTheMind","ForeignInfluence"],"picked":"Consecrate","floor":5},{"not_picked":["InnerPeace","SashWhip"],"picked":"Conclude","floor":7},{"not_picked":["CrushJoints","SashWhip"],"picked":"ForeignInfluence","floor":8},{"not_picked":["EmptyBody","Evaluate"],"picked":"FlyingSleeves","floor":12},{"not_picked":["Crescendo","ThirdEye"],"picked":"Blasphemy","floor":14},{"not_picked":["MasterReality","Vault"],"picked":"LessonLearned","floor":16},{"not_picked":["Prostrate","Consecrate+1"],"picked":"Protect+1","floor":18},{"not_picked":["FlurryOfBlows+1","Wallop"],"picked":"BowlingBash","floor":19},{"not_picked":["Prostrate","Halt"],"picked":"BattleHymn","floor":25},{"not_picked":["Swivel","Crescendo"],"picked":"EmptyBody+1","floor":31}],"player_experience":126470,"relics_obtained":[{"floor":9,"key":"Nunchaku"},{"floor":22,"key":"Boot"},{"floor":26,"key":"Bag of Marbles"}],"event_choices":[{"damage_healed":0,"gold_gain":100,"player_choice":"Pray","damage_taken":0,"max_hp_gain":0,"max_hp_loss":0,"event_name":"Golden Shrine","floor":2,"gold_loss":0},{"damage_healed":0,"gold_gain":0,"player_choice":"Leave","damage_taken":0,"max_hp_gain":0,"max_hp_loss":0,"event_name":"The Cleric","floor":10,"gold_loss":0},{"damage_healed":0,"gold_gain":0,"player_choice":"Cursed","damage_taken":0,"max_hp_gain":0,"max_hp_loss":0,"event_name":"Wheel of Change","floor":13,"gold_loss":0,"cards_obtained":["Decay"]},{"damage_healed":0,"gold_gain":100,"player_choice":"Pray","damage_taken":0,"max_hp_gain":0,"max_hp_loss":0,"event_name":"Golden Shrine","floor":20,"gold_loss":0},{"cards_removed":["Decay"],"damage_healed":0,"gold_gain":0,"player_choice":"Elegance","damage_taken":0,"max_hp_gain":0,"max_hp_loss":0,"event_name":"Back to Basics","floor":23,"gold_loss":0},{"damage_healed":0,"gold_gain":0,"player_choice":"2 cards matched","damage_taken":0,"max_hp_gain":0,"max_hp_loss":0,"event_name":"Match and Keep!","floor":30,"gold_loss":0,"cards_obtained":["CutThroughFate","downfall:Icky"]}],"is_beta":false,"boss_relics":[{"not_picked":["Sozu","Runic Dome"],"picked":"SacredBark"}],"items_purged_floors":[],"is_endless":false,"potions_floor_spawned":[7,8,12,16,18,19,25],"killed_by":"Collector","ascension_level":0}}