{"host":"yans4pr1zf0lm9bx","time":1612632732,"event":{"mods":["AchievementEnabler","Act Like it!","BaseMod","Hallownest","Minty Spire (QoL Compilation)","Replay The Spire","StSLib","SuperFastMode","The Bug Knight"],"gold_per_floor":[117,130,130,130,148,182,200,212,239,95,95,128,146,146,146,241,241,241,241,241],"floor_reached":19,"language":"ENG","playtime":1759,"items_purged":["HollowMod:NailStrikeStart"],"score":179,"play_id":"98c14507-a9a7-4457-8a23-1ee4e85cc9d6","local_time":"20210206123212","is_ascension_mode":false,"campfire_choices":[{"data":"HollowMod:AwokenDreamNail","floor":15.0,"key":"SMITH"}],"circlet_count":0,"master_deck":["HollowMod:QuickDashStart+1","HollowMod:QuickDashStart+1","HollowMod:QuickDashStart+1","HollowMod:FocusHealStart+1","HollowMod:PogoStrike","HollowMod:BaldurShell","HollowMod:QuirrelsAssistance","HollowMod:ChannelNail","HollowMod:AwokenDreamNail+1","HollowMod:GoodIntentions","HollowMod:NewJinnsSoul","HollowMod:SoulShaman","HollowMod:DashSlash","HollowMod:SlysStrikes","HollowMod:ChannelNail+1"],"relics":["HollowMod:VesselMask","Replay:Bottled Snecko","War Paint","Thread and Needle","Replay:Grab Bag","ChewingGum","Ectoplasm","Empty Cage"],"acts_visited":["Exordium","TheCity"],"potions_floor_usage":[19],"damage_taken":[{"damage":0.0,"enemies":"2 Louse","floor":1.0,"turns":4.0},{"damage":6.0,"enemies":"Jaw Worm","floor":2.0,"turns":5.0},{"damage":0.0,"enemies":"Cultist","floor":5.0,"turns":4.0},{"damage":30.0,"enemies":"3 Sentries","floor":6.0,"turns":11.0},{"damage":8.0,"enemies":"Blue Slaver","floor":7.0,"turns":5.0},{"damage":3.0,"enemies":"Exordium Wildlife","floor":8.0,"turns":6.0},{"damage":37.0,"enemies":"Gremlin Nob","floor":12.0,"turns":6.0},{"damage":0.0,"enemies":"Large Slime","floor":13.0,"turns":6.0},{"damage":28.0,"enemies":"The Guardian","floor":16.0,"turns":15.0},{"damage":21,"enemies":"3 Byrds","floor":18,"turns":11},{"damage":75,"enemies":"Masked Bandits","floor":19,"turns":5}],"seed_played":"7129283591459919181","potions_obtained":[{"floor":2.0,"key":"Reflective Coating"},{"floor":5.0,"key":"Elixir"},{"floor":7.0,"key":"Dexterity Potion"},{"floor":13.0,"key":"SpeedPotion"},{"floor":16.0,"key":"Weak Potion"}],"is_trial":false,"path_per_floor":["M","M","?","?","M","E","M","M","T","$","?","E","M","T","R","B",null,"M","?"],"character_chosen":"THE_BUGKNIGHT","items_purchased":["HollowMod:SoulShaman"],"campfire_rested":0,"item_purchase_floors":[10],"current_hp_per_floor":[82,82,82,82,82,62,64,73,73,73,57,30,40,40,40,24,82,68,0,0],"gold":241,"neow_bonus":"TEN_PERCENT_HP_BONUS","is_daily":false,"chose_seed":false,"campfire_upgraded":1,"win_rate":0.0,"timestamp":1612632732,"path_taken":["M","M","?","?","?","E","M","M","T","$","?","E","M","?","R","BOSS","M","?"],"items_purchased_type":["Card"],"build_version":"2020-12-22","purchased_purges":1,"victory":false,"max_hp_per_floor":[82,82,82,82,82,82,82,82,82,82,82,82,82,82,82,82,82,82,82,82],"card_choices":[{"not_picked":["HollowMod:TaintedHusks","HollowMod:SiblingsSouls"],"picked":"HollowMod:BaldurShell","floor":1.0},{"not_picked":["HollowMod:ShadowDash","HollowMod:theNailsmith"],"picked":"HollowMod:QuirrelsAssistance","floor":2.0},{"not_picked":["HollowMod:CloakDash","HollowMod:SiblingsSouls"],"picked":"HollowMod:ChannelNail","floor":5.0},{"not_picked":["HollowMod:MawleksShell","HollowMod:InfectedCysts"],"picked":"HollowMod:AwokenDreamNail","floor":6.0},{"not_picked":["HollowMod:DescendingDark","HollowMod:FallenFury"],"picked":"HollowMod:GoodIntentions","floor":7.0},{"not_picked":["HollowMod:QuirrelsAssistance","HollowMod:HuntersJournal"],"picked":"HollowMod:NewJinnsSoul","floor":8.0},{"not_picked":["HollowMod:BlackTendrils","HollowMod:SoulStrike"],"picked":"HollowMod:DashSlash","floor":12.0},{"not_picked":["HollowMod:HeavyBlow","HollowMod:FallenFury","HollowMod:SharpenedNail"],"picked":"SKIP","floor":13.0},{"not_picked":["HollowMod:Weaversong","HollowMod:VoidDash"],"picked":"HollowMod:SlysStrikes","floor":16.0},{"not_picked":["HollowMod:DashSlash","HollowMod:SiblingsShadow"],"picked":"HollowMod:ChannelNail+1","floor":18}],"player_experience":254570,"relics_obtained":[{"floor":6.0,"key":"Replay:Bottled Snecko"},{"floor":12.0,"key":"War Paint"},{"floor":14.0,"key":"Thread and Needle"}],"event_choices":[{"cards_removed":["HollowMod:NailStrikeStart"],"damage_healed":0.0,"max_hp_gain":0.0,"max_hp_loss":0.0,"gold_gain":0.0,"event_name":"Living Wall","player_choice":"Forget","floor":3.0,"gold_loss":0.0,"damage_taken":0.0},{"cards_removed":["HollowMod:NailStrikeStart"],"damage_healed":0.0,"max_hp_gain":0.0,"max_hp_loss":0.0,"gold_gain":0.0,"event_name":"Bonfire Elementals","player_choice":"Offered Basic","floor":4.0,"gold_loss":0.0,"damage_taken":0.0},{"damage_healed":0.0,"max_hp_gain":0.0,"max_hp_loss":0.0,"gold_gain":0.0,"event_name":"Shining Light","player_choice":"Entered Light","floor":11.0,"gold_loss":0.0,"damage_taken":16.0,"cards_upgraded":["HollowMod:FocusHealStart","HollowMod:QuickDashStart"]},{"damage_healed":0,"gold_gain":0,"player_choice":"Fought Bandits","damage_taken":0,"max_hp_gain":0,"max_hp_loss":0,"event_name":"Masked Bandits","floor":19,"gold_loss":0}],"is_beta":false,"boss_relics":[{"not_picked":["Pandora\u0027s Box","Philosopher\u0027s Stone"],"picked":"Replay:Grab Bag"},{"not_picked":["Busted Crown","Velvet Choker"],"picked":"ChewingGum"},{"not_picked":["Runic Dome","ReplayTheSpireMod:Onyx Gauntlets"],"picked":"Ectoplasm"},{"not_picked":["Runic Pyramid","Snecko Eye"],"picked":"Empty Cage"}],"items_purged_floors":[10],"is_endless":false,"potions_floor_spawned":[2,5,7,13,16],"killed_by":"Masked Bandits","ascension_level":0}}