{"host":"i73ch23exsqar74a","time":1612605645,"event":{"mods":["AchievementEnabler","Arknights","Aspiration","Astrologer","Bard","Bartender","BaseMod","Beaked The Cultist","Better Sensory Stone","CCEM2","CapriCore","Challenge The Spire","ChefMod","Chen","Colored Map","Colored Powertips","Conjunction","Conspire","Downfall","Fireblade Mod","FutureSeer","GifTheSpireLib","Glutton Mod","Gremlin Mod","Halation","Hermit","Highlight Path","HololiveMod","Hubris","Infinite Spire","Jedi Mod","Lobotomy","LobotomyExtend","Luminous","Marked Mod","Minty Spire (QoL Compilation)","Prisma Mod","Quarter Circle Forward PUNCH!","Quick Restart","Random Character Button","RatMod","Relic Sorter","Reliquary","Replay The Spire","SOS???????","Shade Mod","Spicy Shops","Spikes Relics","Spire Arcade","StSLib","Stuff the Spire","The Alterego","The Animator","The Bug Knight","The Construct","The Cursed","The Druid","The Exalted","The Immortal","The Judge","The Poker Player","The Sage","The Wild Card","TheHero","TheSwordswoman","TheVacant","TheVelvet","Thieving Mod","Yuri Mod","???Mod??????Boss","???mod?????"],"gold_per_floor":[119,194,194,23,39,73,73,106,175,188,202,230,230,250,250,355,355,370,51,51,51,65,98,39,84,84,84,126,126,170,217,217,346,346,401,453,453,43,96,96,96,146,146,228,228,228,288,344,344,356],"floor_reached":51,"language":"ENG","playtime":2490,"items_purged":["ats:Strike V"],"score":1227,"play_id":"c7768619-d55d-43f4-baab-113360cdaca2","local_time":"20210206140045","is_ascension_mode":true,"campfire_choices":[{"floor":7,"key":"REST"},{"floor":13,"key":"REST"},{"data":"ats:Soul Absorption","floor":15,"key":"SMITH"},{"floor":27,"key":"REST"},{"data":"infinitespire:Execution","floor":32,"key":"SMITH"},{"data":"ats:Shadow Assault","floor":40,"key":"SMITH"},{"data":"ats:Composite Medical Shells","floor":46,"key":"SMITH"},{"data":"ats:Soul Rend","floor":49,"key":"SMITH"}],"circlet_count":0,"master_deck":["ats:Strike C","ats:Strike G","ats:Strike S","ats:Armor Crushing Shot","ats:Defend","ats:Defend","ats:Defend","ats:Defend","ats:Emotion Absorption+1","ats:Closed Bolt Burst Fire","ats:Red Shift","ats:Collapsing Strike","ats:Demon Strength","ats:Burning Ground","ats:Leaping Hammer","ats:Sunburst","ats:Mental Burst","ats:Explosion Area Strengthen","ats:Demon Strength","ats:Guard Mode","ats:Soul Absorption+1","ats:Soul Rend","ats:Composite Medical Shells+1","ats:Cat Scratch","ats:Cat Scratch","Finesse","infinitespire:Execution+1","Pride","ReplayTheSpireMod:Book of Names","ats:Flexible Camouflage","ats:Revitalization+1","ats:Blood Oath+1","ats:Cat Scratch","ats:Shadow Assault+1","ats:Counter Healing Mode+1","ats:Very Hot Blade+1","ats:Demon Strength","ats:Overload","ats:Sunburst+1","StuffTheSpire:CuriosityCurse","ats:Overload","ats:Soul Absorption+1","ats:Flame Of Heaven+1","ats:Soul Rend+1","ats:Serious Mode+1"],"relics":["ats:Sanity","LetterFromLob","Orrery","ats:Originium","Orichalcum","aspiration:Lifesprig","hubris:SphereOfDissonance","Bottled Flame","Black Star","Pear","qcfpunch:Not_Strongest_Fighting_Style_Guidebook","halation:BlackBeret","Replay:Bandana","Bag of Marbles","Prayer Wheel","MealTicket","Bottled Lightning","Bromod:ArcanePulse","aspiration:ChemicalBlood","beaked:BlessedCoat","CCEMRelics:SoftDrink","RollingBoulder","infinitespire:EvilPickle","CCEMRelics:FakeTeeth","hexamod:BolsterEngine","CCEMRelics:PocketTank","ReplayTheSpireMod:TigerMarble","qcfpunch:Unceasing_Flame","Bromod:ArcaneUltimatum","Oddly Smooth Stone","qcfpunch:Black_Training_Shirt"],"acts_visited":["Exordium","TheCity","TheBeyond"],"potions_floor_usage":[22,31,33,33,35,44,50,50,50,50,50,50,51,51,51,51,51,51,51,51,51,51,51,51,51],"damage_taken":[{"damage":0,"enemies":"conspire:RoseBush","floor":1,"turns":4},{"damage":3,"enemies":"Small Slimes","floor":5,"turns":3},{"damage":28,"enemies":"3 Sentries","floor":6,"turns":5},{"damage":12,"enemies":"Lagavulin","floor":8,"turns":4},{"damage":0,"enemies":"Cultist","floor":10,"turns":2},{"damage":0,"enemies":"3 Louse","floor":11,"turns":2},{"damage":20,"enemies":"Replay:BlueRogue","floor":12,"turns":4},{"damage":7,"enemies":"Gremlin Gang","floor":14,"turns":2},{"damage":6,"enemies":"Fading Forest","floor":16,"turns":11},{"damage":3,"enemies":"conspire:FuzzyDice","floor":18,"turns":6},{"damage":0,"enemies":"Centurion and Healer","floor":22,"turns":4},{"damage":0,"enemies":"Gremlin Leader","floor":23,"turns":5},{"damage":49,"enemies":"Nightmare","floor":25,"turns":6},{"damage":0,"enemies":"conspire:Head Lice","floor":28,"turns":5},{"damage":5,"enemies":"Snecko","floor":30,"turns":3},{"damage":31,"enemies":"Gremlin Leader","floor":31,"turns":4},{"damage":27,"enemies":"Pondfish","floor":33,"turns":7},{"damage":18,"enemies":"3 Darklings","floor":35,"turns":4},{"damage":0,"enemies":"3 Shapes","floor":36,"turns":6},{"damage":4,"enemies":"Jaw Worm Horde","floor":39,"turns":5},{"damage":2,"enemies":"R_Hoarder","floor":42,"turns":7},{"damage":18,"enemies":"HollowMod:StalkingDevout","floor":44,"turns":6},{"damage":0,"enemies":"Spire Growth","floor":47,"turns":2},{"damage":0,"enemies":"Transient","floor":48,"turns":5},{"damage":90,"enemies":"Donu and Deca","floor":50,"turns":10},{"damage":99,"enemies":"Malkuth","floor":51,"turns":9},{"damage":82,"enemies":"Yesod","floor":51,"turns":7}],"seed_played":"-2534909489066169916","potions_obtained":[{"floor":11,"key":"SteroidPotion"},{"floor":12,"key":"Fire Potion"},{"floor":14,"key":"Weak Potion"},{"floor":18,"key":"Adrenaline Potion"},{"floor":22,"key":"champ:CounterPotion"},{"floor":31,"key":"Milkshake"},{"floor":33,"key":"Explosive Potion"},{"floor":51,"key":"SkillPotion"},{"floor":51,"key":"Adrenaline Potion"}],"is_trial":false,"path_per_floor":["M","?","?","$","M","E","R","E","T","M","M","E","R","M","R","B",null,"M","$","?","?","M","E","$","NM","T","R","E","?","M","E","R","B",null,"M","M","?","$","M","R","?","E","T","E","?","R","M","M","R","B",null],"character_chosen":"DOCTOR_CLASS","items_purchased":["ats:Red Shift","Orrery","Pear","ats:Cat Scratch","Finesse","Bag of Marbles","CCEMRelics:FakeTeeth","hexamod:BolsterEngine","ats:Demon Strength","ats:Overload"],"campfire_rested":3,"item_purchase_floors":[4,4,19,19,19,24,38,38,38,38],"current_hp_per_floor":[72,61,68,68,65,37,58,46,46,46,46,26,47,40,40,44,72,72,82,82,61,61,69,69,22,22,46,48,48,62,49,49,62,62,62,62,62,62,62,62,62,62,62,63,63,63,63,63,63,59],"gold":430,"neow_bonus":"UPGRADE_CARD","is_daily":false,"chose_seed":false,"campfire_upgraded":5,"win_rate":0.0,"timestamp":1612605645,"path_taken":["M","?","?","$","M","E","R","E","T","M","M","E","R","M","R","BOSS","M","$","?","?","M","E","$","NM","T","R","E","?","?","E","R","BOSS","M","?","?","$","M","R","?","E","T","E","?","R","M","M","R","BOSS"],"items_purchased_type":["Card","Relic","Relic","Card","Card","Relic","Relic","Relic","Card","Card"],"build_version":"2020-12-22","purchased_purges":1,"victory":true,"max_hp_per_floor":[72,72,72,72,72,72,72,72,72,72,72,72,72,72,72,72,72,72,82,82,82,82,82,82,82,82,82,82,62,62,62,62,62,62,62,62,62,62,62,62,62,62,62,63,63,63,63,63,63,63],"card_choices":[{"not_picked":["ats:Very Hot Blade","ats:Charging Defense"],"picked":"ats:Closed Bolt Burst Fire","floor":1},{"not_picked":["ats:Neurotoxin","ats:Revitalization"],"picked":"ats:Collapsing Strike","floor":4},{"not_picked":["ats:Poison Spread","ats:Fractured Body"],"picked":"ats:Demon Strength","floor":4},{"not_picked":["ats:Collapsing Strike","ats:Hammer On"],"picked":"ats:Burning Ground","floor":4},{"not_picked":["ats:Guard Mode","ats:Support Order"],"picked":"ats:Leaping Hammer","floor":4},{"not_picked":["ats:Hammer On","ats:Powerful Strike"],"picked":"ats:Sunburst","floor":5},{"not_picked":["ats:Assault Order","ats:Absolute Focus"],"picked":"ats:Mental Burst","floor":6},{"not_picked":["ats:Guard Mode","ats:Closed Bolt Burst Fire"],"picked":"ats:Explosion Area Strengthen","floor":8},{"not_picked":["ats:Closed Bolt Burst Fire","ats:Powerful Strike"],"picked":"ats:Demon Strength","floor":10},{"not_picked":["ats:Sword Rain","ats:Revitalization","ats:Beaten Up"],"picked":"SKIP","floor":11},{"not_picked":["ats:Revitalization","ats:Durian"],"picked":"ats:Guard Mode","floor":12},{"not_picked":["ats:Blood Oath","ats:Leaping Hammer"],"picked":"ats:Soul Absorption","floor":14},{"not_picked":["ats:True Silver Slash","ats:Echo Reverb"],"picked":"ats:Soul Rend","floor":16},{"not_picked":["ats:Cat Scratch","ats:Neurotoxin"],"picked":"ats:Composite Medical Shells","floor":18},{"not_picked":["Replay:Fractal Strike","ReplayTheSpireMod:Book of Names"],"picked":"infinitespire:Execution","floor":21},{"not_picked":["ats:Powerful Strike","ats:Automatic Cover","ats:Apocalypse"],"picked":"SKIP","floor":22},{"not_picked":["ats:Durian","ats:Absolute Focus","ats:Rapid Magazine+1"],"picked":"SKIP","floor":23},{"not_picked":["ReplayTheSpireMod:Chaos Vortex","infinitespire:Menacing"],"picked":"ReplayTheSpireMod:Book of Names","floor":25},{"not_picked":["ats:Collapsing Strike","ats:Curse Doll"],"picked":"ats:Flexible Camouflage","floor":25},{"not_picked":["ats:Leaping Hammer","ats:Encircling Forest"],"picked":"ats:Revitalization+1","floor":28},{"not_picked":["ats:Spore Proliferation","ats:Hammer On"],"picked":"ats:Blood Oath+1","floor":30},{"not_picked":["ats:Magnetic Hammer","ats:Steam Pump","ats:Apocalypse"],"picked":"SKIP","floor":30},{"not_picked":["ats:Shadow Raid","ats:Cat Scratch","ats:Support Order"],"picked":"SKIP","floor":31},{"not_picked":["ats:Shadow Raid","ats:Support Order"],"picked":"ats:Cat Scratch","floor":31},{"not_picked":["ats:Ambush","ats:Echo Reverb"],"picked":"ats:Shadow Assault","floor":33},{"not_picked":["ats:Shell Defense","ats:Apocalypse"],"picked":"ats:Counter Healing Mode+1","floor":35},{"not_picked":["ats:Mental Burst+1","ats:Cat Scratch"],"picked":"ats:Very Hot Blade+1","floor":35},{"not_picked":["ats:Directed Diagnosis","ats:Assault Order+1","ats:Apocalypse+1"],"picked":"SKIP","floor":36},{"not_picked":["ats:Shadow Raid","ats:Assault Order","ats:Explosion Area Strengthen+1"],"picked":"SKIP","floor":36},{"not_picked":["ats:Very Hot Blade+1","ats:Apocalypse"],"picked":"ats:Sunburst+1","floor":39},{"not_picked":["ats:Spore Proliferation","ats:Sword Rain+1","ats:Collapsing Strike"],"picked":"SKIP","floor":39},{"not_picked":["ats:Absolute Focus+1","ats:Assault Order"],"picked":"ats:Overload","floor":42},{"not_picked":["ats:Part Time Job","ats:Consecutive Shot Auto"],"picked":"ats:Soul Absorption+1","floor":44},{"not_picked":["ats:Cat Scratch","ats:Support Order"],"picked":"ats:Flame Of Heaven+1","floor":47},{"not_picked":["ats:Curse Doll","ats:Absolute Focus+1","ats:Revitalization"],"picked":"SKIP","floor":47},{"not_picked":["ats:Explosion Area Strengthen","ats:Absolute Focus"],"picked":"ats:Soul Rend","floor":48},{"not_picked":["ats:Explosion Area Strengthen","ats:Steam Pump+1"],"picked":"ats:Serious Mode+1","floor":48}],"player_experience":1415391,"relics_obtained":[{"floor":1,"key":"LetterFromLob"},{"floor":6,"key":"ats:Originium"},{"floor":6,"key":"Orichalcum"},{"floor":8,"key":"ats:Originium"},{"floor":8,"key":"aspiration:Lifesprig"},{"floor":9,"key":"hubris:SphereOfDissonance"},{"floor":12,"key":"ats:Originium"},{"floor":12,"key":"Bottled Flame"},{"floor":20,"key":"qcfpunch:Not_Strongest_Fighting_Style_Guidebook"},{"floor":23,"key":"ats:Originium"},{"floor":23,"key":"halation:BlackBeret"},{"floor":23,"key":"Replay:Bandana"},{"floor":25,"key":"Prayer Wheel"},{"floor":25,"key":"MealTicket"},{"floor":26,"key":"Bottled Lightning"},{"floor":28,"key":"Bromod:ArcanePulse"},{"floor":28,"key":"aspiration:ChemicalBlood"},{"floor":31,"key":"CCEMRelics:SoftDrink"},{"floor":31,"key":"RollingBoulder"},{"floor":42,"key":"ReplayTheSpireMod:TigerMarble"},{"floor":42,"key":"qcfpunch:Unceasing_Flame"},{"floor":43,"key":"Bromod:ArcaneUltimatum"},{"floor":44,"key":"Oddly Smooth Stone"},{"floor":44,"key":"qcfpunch:Black_Training_Shirt"}],"event_choices":[{"damage_healed":0,"gold_gain":75,"player_choice":"Gather Gold","damage_taken":11,"max_hp_gain":0,"max_hp_loss":0,"event_name":"World of Goop","floor":2,"gold_loss":0},{"damage_healed":0,"gold_gain":0,"player_choice":"Ignored","damage_taken":0,"max_hp_gain":0,"max_hp_loss":0,"event_name":"Tomb of Lord Red Mask","floor":37,"gold_loss":0}],"is_beta":false,"boss_relics":[{"not_picked":["halation:HeavySnake","hubris:ScarierMask"],"picked":"Black Star"},{"not_picked":["halation:SmartPhone","halation:Yufonium","halation:Prosthetics"]}],"items_purged_floors":[19],"is_endless":false,"potions_floor_spawned":[11,12,14,18,22,23,33,35,39,42],"ascension_level":1}}