{"host":"q0qnzbgdx8oqogg9","time":1612647826,"event":{"mods":["BaseMod","Minty Spire (QoL Compilation)","StSLib"],"gold_per_floor":[111,111,126,144,161,192,192,192,240,190,265,265,299,311,311,412,412,426,426,376,389,460,460,493,506,506,310,310,335,34,134,134,232,232,245,258,268,268,91,0,19,35,35,35,35,35,49,49,49],"floor_reached":48,"language":"ENG","playtime":2018,"items_purged":["Strike_B","Strike_B"],"score":1015,"play_id":"f6472f6d-e8c0-474d-b8a1-93731ed79cb6","local_time":"20210206164346","is_ascension_mode":true,"campfire_choices":[{"data":"Consume","floor":7,"key":"SMITH"},{"data":"Defragment","floor":15,"key":"SMITH"},{"data":"Electrodynamics","floor":23,"key":"SMITH"},{"data":"Defragment","floor":32,"key":"SMITH"},{"data":"Loop","floor":46,"key":"SMITH"}],"circlet_count":0,"master_deck":["AscendersBane","Strike_B","Strike_B","Defend_B","Defend_B","Defend_B","Defend_B","Zap+1","Dualcast","Chill+1","Gash","Consume+1","Glacier","Cold Snap","Defragment+1","Conserve Battery","Electrodynamics+1","Melter+1","Hologram+1","Defragment+1","Self Repair","Doom and Gloom","Coolheaded","White Noise","Biased Cognition+1","Loop+1","White Noise"],"relics":["Cracked Core","Meat on the Bone","Juzu Bracelet","Bag of Marbles","Unceasing Top","Coffee Dripper","Question Card","Omamori","Gremlin Horn","Bottled Lightning","ClockworkSouvenir","Thread and Needle","Mercury Hourglass","Nuclear Battery","Red Mask","The Courier"],"acts_visited":["Exordium","TheCity","TheBeyond"],"potions_floor_usage":[6,11,24,29,31,48],"damage_taken":[{"damage":1,"enemies":"Cultist","floor":1,"turns":3},{"damage":5,"enemies":"Small Slimes","floor":3,"turns":4},{"damage":10,"enemies":"Jaw Worm","floor":4,"turns":3},{"damage":7,"enemies":"2 Fungi Beasts","floor":5,"turns":3},{"damage":21,"enemies":"3 Sentries","floor":6,"turns":7},{"damage":5,"enemies":"Gremlin Gang","floor":11,"turns":7},{"damage":11,"enemies":"Lagavulin","floor":13,"turns":8},{"damage":8,"enemies":"Exordium Thugs","floor":14,"turns":6},{"damage":11,"enemies":"Slime Boss","floor":16,"turns":17},{"damage":7,"enemies":"Spheric Guardian","floor":18,"turns":6},{"damage":0,"enemies":"3 Byrds","floor":21,"turns":2},{"damage":0,"enemies":"Slavers","floor":24,"turns":6},{"damage":0,"enemies":"3 Cultists","floor":25,"turns":2},{"damage":14,"enemies":"Book of Stabbing","floor":29,"turns":6},{"damage":4,"enemies":"Colosseum Slavers","floor":31,"turns":3},{"damage":14,"enemies":"Colosseum Nobs","floor":31,"turns":5},{"damage":51,"enemies":"Automaton","floor":33,"turns":14},{"damage":0,"enemies":"Orb Walker","floor":35,"turns":3},{"damage":0,"enemies":"3 Shapes","floor":36,"turns":4},{"damage":0,"enemies":"Spire Growth","floor":37,"turns":6},{"damage":0,"enemies":"Jaw Worm Horde","floor":41,"turns":3},{"damage":28,"enemies":"Transient","floor":42,"turns":5},{"damage":5,"enemies":"Sphere and 2 Shapes","floor":47,"turns":4},{"damage":59,"enemies":"Giant Head","floor":48,"turns":7}],"seed_played":"-6010164807128271475","potions_obtained":[{"floor":5,"key":"AttackPotion"},{"floor":6,"key":"ColorlessPotion"},{"floor":11,"key":"DistilledChaos"},{"floor":13,"key":"ColorlessPotion"},{"floor":16,"key":"BlessingOfTheForge"},{"floor":25,"key":"Swift Potion"},{"floor":29,"key":"SkillPotion"},{"floor":33,"key":"GamblersBrew"},{"floor":35,"key":"SkillPotion"},{"floor":41,"key":"FocusPotion"}],"is_trial":false,"path_per_floor":["M","?","M","M","M","E","R","?","T","?","M","?","E","M","R","B",null,"M","?","?","M","T","R","E","M","T","$","?","E","$","?","R","B",null,"M","M","M","?","$","?","M","M","T","$","?","R","M","E"],"character_chosen":"DEFECT","items_purchased":["Defragment","Panacea","Self Repair","Doom and Gloom","Coolheaded","ClockworkSouvenir","Loop"],"campfire_rested":0,"item_purchase_floors":[27,27,30,30,30,30,39],"current_hp_per_floor":[67,55,50,40,45,36,36,36,36,36,43,43,44,48,48,49,69,62,62,62,62,62,62,62,62,62,62,62,48,48,56,56,24,62,62,69,75,75,75,75,75,54,54,54,54,54,49,0,0],"gold":49,"neow_bonus":"ONE_RANDOM_RARE_CARD","is_daily":false,"chose_seed":false,"campfire_upgraded":5,"win_rate":0.0,"timestamp":1612647826,"path_taken":["M","?","M","M","M","E","R","?","T","?","M","?","E","M","R","BOSS","M","?","?","M","?","R","E","M","T","$","?","E","$","?","R","BOSS","M","M","M","?","$","?","M","M","T","?","?","R","M","E"],"items_purchased_type":["Card","Card","Card","Card","Card","Relic","Card"],"build_version":"2020-12-22","purchased_purges":2,"victory":false,"max_hp_per_floor":[75,75,75,75,75,75,75,75,75,75,75,75,75,75,75,75,75,75,75,75,75,75,75,75,75,75,75,75,75,75,75,75,75,75,75,75,75,75,75,75,75,75,75,75,75,75,75,75,75],"card_choices":[{"not_picked":["Leap","Compile Driver"],"picked":"Chill","floor":1},{"not_picked":["Coolheaded","Steam"],"picked":"Gash","floor":3},{"not_picked":["Leap","Compile Driver","Heatsinks"],"picked":"SKIP","floor":4},{"not_picked":["Stack","Skim"],"picked":"Consume","floor":5},{"not_picked":["Steam","Streamline"],"picked":"Glacier","floor":6},{"not_picked":["Amplify","Turbo"],"picked":"Cold Snap","floor":11},{"not_picked":["Sweeping Beam","Cold Snap"],"picked":"Defragment","floor":13},{"not_picked":["Tempest","Steam"],"picked":"Conserve Battery","floor":14},{"not_picked":["Rainbow","Creative AI"],"picked":"Electrodynamics","floor":16},{"not_picked":["Redo+1","Force Field"],"picked":"Melter+1","floor":18},{"not_picked":["Blizzard","Turbo"],"picked":"Hologram+1","floor":21},{"not_picked":["Genetic Algorithm","Cold Snap","Hologram","Ball Lightning"],"picked":"SKIP","floor":24},{"not_picked":["Leap","Darkness+1","Storm","Barrage+1"],"picked":"SKIP","floor":25},{"not_picked":["Creative AI","Force Field","Fusion+1","Steam+1"],"picked":"SKIP","floor":29},{"not_picked":["Heatsinks","Force Field","Leap"],"picked":"White Noise","floor":31},{"not_picked":["Multi-Cast","Seek","Echo Form"],"picked":"Biased Cognition","floor":33},{"not_picked":["Leap","Conserve Battery+1","Streamline+1","Redo"],"picked":"SKIP","floor":35},{"not_picked":["Double Energy","Rebound+1","Scrape+1","Streamline+1"],"picked":"SKIP","floor":36},{"not_picked":["Storm+1","Chill+1","Go for the Eyes+1","Aggregate"],"picked":"SKIP","floor":37},{"not_picked":["Scrape+1","Beam Cell+1","Rebound+1"],"picked":"White Noise","floor":41},{"not_picked":["Chaos","Genetic Algorithm+1","Sweeping Beam","Hologram"],"picked":"SKIP","floor":42},{"not_picked":["Leap+1","Steam+1","Beam Cell","Redo+1"],"picked":"SKIP","floor":47}],"player_experience":338152,"relics_obtained":[{"floor":6,"key":"Juzu Bracelet"},{"floor":9,"key":"Bag of Marbles"},{"floor":13,"key":"Unceasing Top"},{"floor":22,"key":"Question Card"},{"floor":24,"key":"Omamori"},{"floor":26,"key":"Gremlin Horn"},{"floor":29,"key":"Bottled Lightning"},{"floor":31,"key":"Thread and Needle"},{"floor":31,"key":"Mercury Hourglass"},{"floor":43,"key":"The Courier"}],"event_choices":[{"damage_healed":0,"gold_gain":0,"player_choice":"Success","damage_taken":12,"relics_obtained":["Meat on the Bone"],"max_hp_gain":0,"max_hp_loss":0,"event_name":"Scrap Ooze","floor":2,"gold_loss":0},{"damage_healed":0,"gold_gain":0,"player_choice":"Upgraded","damage_taken":0,"max_hp_gain":0,"max_hp_loss":0,"event_name":"Upgrade Shrine","floor":8,"gold_loss":0,"cards_upgraded":["Zap"]},{"cards_removed":["Meteor Strike"],"damage_healed":0,"gold_gain":0,"player_choice":"Card Removal","damage_taken":0,"max_hp_gain":0,"max_hp_loss":0,"event_name":"The Cleric","floor":10,"gold_loss":50},{"damage_healed":0,"gold_gain":0,"player_choice":"Ignored","damage_taken":0,"max_hp_gain":0,"max_hp_loss":0,"event_name":"Liars Game","floor":12,"gold_loss":0},{"damage_healed":0,"gold_gain":0,"player_choice":"Forge","damage_taken":0,"max_hp_gain":0,"max_hp_loss":0,"event_name":"Accursed Blacksmith","floor":19,"gold_loss":0,"cards_upgraded":["Chill"]},{"damage_healed":0,"gold_gain":0,"player_choice":"Bet on Murderer","damage_taken":0,"max_hp_gain":0,"max_hp_loss":0,"event_name":"The Joust","floor":20,"gold_loss":50},{"damage_healed":0,"gold_gain":0,"player_choice":"Ignored","damage_taken":0,"max_hp_gain":0,"max_hp_loss":0,"event_name":"Ghosts","floor":28,"gold_loss":0},{"damage_healed":0,"gold_gain":0,"player_choice":"Fight","damage_taken":0,"max_hp_gain":0,"max_hp_loss":0,"event_name":"Colosseum","floor":31,"gold_loss":0},{"damage_healed":0,"gold_gain":0,"player_choice":"Fought Nobs","damage_taken":0,"max_hp_gain":0,"max_hp_loss":0,"event_name":"Colosseum","floor":31,"gold_loss":0},{"cards_removed":["Panacea"],"damage_healed":0,"gold_gain":0,"player_choice":"Removed Skill","damage_taken":0,"max_hp_gain":0,"max_hp_loss":0,"event_name":"Falling","floor":38,"gold_loss":0},{"damage_healed":0,"gold_gain":0,"player_choice":"Paid","damage_taken":0,"relics_obtained":["Red Mask"],"max_hp_gain":0,"max_hp_loss":0,"event_name":"Tomb of Lord Red Mask","floor":40,"gold_loss":91},{"damage_healed":0,"gold_gain":0,"player_choice":"Upgraded","damage_taken":0,"max_hp_gain":0,"max_hp_loss":0,"event_name":"Upgrade Shrine","floor":45,"gold_loss":0,"cards_upgraded":["Biased Cognition"]}],"is_beta":false,"boss_relics":[{"not_picked":["Fusion Hammer","Black Star"],"picked":"Coffee Dripper"},{"not_picked":["Calling Bell","Tiny House"],"picked":"Nuclear Battery"}],"items_purged_floors":[27,39],"is_endless":false,"potions_floor_spawned":[5,6,11,13,16,25,29,31,33,35,41,42],"killed_by":"Giant Head","ascension_level":11}}