{"host":"xrk7zhg70ipmpx3n","time":1612610030,"event":{"mods":["AchievementEnabler","BaseMod","Colored Map","Curses Come First","Downfall","Highlight Path","Minty Spire (QoL Compilation)","Spire Arcade","StSLib"],"gold_per_floor":[114,125,145,220,395,425,425,455,523,549,549,549,549,562,562,562,562],"floor_reached":16,"language":"ENG","playtime":958,"items_purged":[],"score":118,"play_id":"8dd27e67-6cf1-4ebc-ae00-91e3d6b2623f","local_time":"20210206211350","is_ascension_mode":false,"campfire_choices":[{"floor":11,"key":"REST"},{"floor":13,"key":"REST"},{"floor":15,"key":"REST"}],"circlet_count":0,"master_deck":["Strike_G","Strike_G","Strike_G","Strike_G","Strike_G","Defend_G","Defend_G+1","Defend_G","Defend_G","Defend_G","Survivor","Neutralize","Bandage Up+1","Deadly Poison+1","Blur","Deflect","Doubt","Noxious Fumes","Deadly Poison","Outmaneuver","Prepared"],"relics":["Ring of the Snake","FossilizedHelix","War Paint","Gremlin Horn","Vajra","Golden Idol"],"acts_visited":["Exordium"],"potions_floor_usage":[6],"damage_taken":[{"damage":1,"enemies":"Small Slimes","floor":1,"turns":3},{"damage":8,"enemies":"Jaw Worm","floor":2,"turns":4},{"damage":0,"enemies":"2 Louse","floor":3,"turns":4},{"damage":16,"enemies":"Lagavulin","floor":6,"turns":10},{"damage":22,"enemies":"Gremlin Nob","floor":8,"turns":5},{"damage":14,"enemies":"Lagavulin","floor":10,"turns":6},{"damage":0,"enemies":"2 Fungi Beasts","floor":14,"turns":4},{"damage":69,"enemies":"Slime Boss","floor":16,"turns":14}],"seed_played":"-651981711563208317","potions_obtained":[{"floor":1,"key":"BlessingOfTheForge"},{"floor":8,"key":"SpeedPotion"},{"floor":10,"key":"Strength Potion"}],"is_trial":false,"path_per_floor":["M","M","M","?","?","E","?","E","T","E","R","?","R","M","R","B"],"character_chosen":"THE_SILENT","items_purchased":[],"campfire_rested":3,"item_purchase_floors":[],"current_hp_per_floor":[70,62,66,55,55,45,45,27,27,19,40,23,44,50,70,7,7],"gold":562,"neow_bonus":"RANDOM_COLORLESS","is_daily":false,"chose_seed":false,"campfire_upgraded":0,"win_rate":0.0,"timestamp":1612610030,"path_taken":["M","M","M","?","?","E","?","E","T","E","R","?","R","?","R","BOSS"],"items_purchased_type":[],"build_version":"2020-12-22","purchased_purges":0,"victory":false,"max_hp_per_floor":[70,70,70,70,70,70,70,70,70,70,70,70,70,70,70,70,70],"card_choices":[{"not_picked":["Panacea","Mind Blast"],"picked":"Bandage Up","floor":0},{"not_picked":["Prepared","Reflex"],"picked":"Deadly Poison","floor":1},{"not_picked":["Blade Dance","Tactician"],"picked":"Blur","floor":2},{"not_picked":["Outmaneuver","Malaise"],"picked":"Deflect","floor":3},{"not_picked":["Eviscerate","Choke"],"picked":"Noxious Fumes","floor":6},{"not_picked":["Venomology","Finisher"],"picked":"Deadly Poison","floor":8},{"not_picked":["Dagger Throw","PiercingWail"],"picked":"Outmaneuver","floor":10},{"not_picked":["Predator","PiercingWail"],"picked":"Prepared","floor":14}],"player_experience":55986,"relics_obtained":[{"floor":6,"key":"FossilizedHelix"},{"floor":8,"key":"War Paint"},{"floor":9,"key":"Gremlin Horn"},{"floor":10,"key":"Vajra"}],"event_choices":[{"damage_healed":0,"gold_gain":75,"player_choice":"Gather Gold","damage_taken":11,"max_hp_gain":0,"max_hp_loss":0,"event_name":"World of Goop","floor":4,"gold_loss":0},{"damage_healed":0,"gold_gain":175,"player_choice":"AGREE","damage_taken":0,"max_hp_gain":0,"max_hp_loss":0,"event_name":"Liars Game","floor":5,"gold_loss":0,"cards_obtained":["Doubt"]},{"damage_healed":0,"gold_gain":0,"player_choice":"Grow","damage_taken":0,"max_hp_gain":0,"max_hp_loss":0,"event_name":"Living Wall","floor":7,"gold_loss":0,"cards_upgraded":["Deadly Poison"]},{"damage_healed":0,"gold_gain":0,"player_choice":"Take Damage","damage_taken":17,"relics_obtained":["Golden Idol"],"max_hp_gain":0,"max_hp_loss":0,"event_name":"Golden Idol","floor":12,"gold_loss":0}],"is_beta":false,"boss_relics":[],"items_purged_floors":[],"is_endless":false,"potions_floor_spawned":[1,8,10],"killed_by":"Slime Boss","ascension_level":0}}