{"host":"rtw1tnr74gozsrw1","time":1612577555,"event":{"mods":["BaseMod","Colored Map","Colored Powertips","Highlight Path","Minty Spire (QoL Compilation)","StSLib","The Jungle"],"gold_per_floor":[111,111,131,142,142,142,158,158,158,83,100,100,175,95,95,192,192,192,192],"floor_reached":18,"language":"ENG","playtime":319,"items_purged":["Strike_B"],"score":180,"play_id":"50b67377-3d57-4ae9-a1b2-b6c36a55dddf","local_time":"20210206031235","is_ascension_mode":true,"campfire_choices":[{"data":"Ball Lightning","floor":6,"key":"SMITH"},{"data":"Zap","floor":8,"key":"SMITH"},{"data":"Ball Lightning","floor":12,"key":"SMITH"},{"data":"Capacitor","floor":15,"key":"SMITH"}],"circlet_count":0,"master_deck":["Strike_B","Strike_B","Strike_B","Defend_B","Defend_B","Defend_B","Defend_B","Zap+1","Dualcast","Chill","Darkness","Ball Lightning+1","Ball Lightning+1","Capacitor+1","Creative AI"],"relics":["Cracked Core","NeowsBlessing","Bottled Lightning","Cursed Key"],"acts_visited":["Exordium","TheCity"],"potions_floor_usage":[],"damage_taken":[{"damage":0,"enemies":"Jaw Worm","floor":1,"turns":1},{"damage":0,"enemies":"2 Louse","floor":3,"turns":1},{"damage":0,"enemies":"Small Slimes","floor":4,"turns":1},{"damage":12,"enemies":"Exordium Thugs","floor":7,"turns":3},{"damage":1,"enemies":"Blue Slaver","floor":11,"turns":2},{"damage":24,"enemies":"The Guardian","floor":16,"turns":8},{"damage":13,"enemies":"3 Byrds","floor":18,"turns":2}],"seed_played":"-6266770423463499292","potions_obtained":[{"floor":1,"key":"Energy Potion"},{"floor":11,"key":"Fire Potion"}],"is_trial":false,"path_per_floor":["M","?","M","M","?","R","M","R","T","$","M","R","?","$","R","B",null,"M"],"character_chosen":"DEFECT","items_purchased":["Capacitor"],"campfire_rested":0,"item_purchase_floors":[14],"current_hp_per_floor":[75,75,75,75,75,75,63,63,63,63,62,62,51,51,51,27,75,62,62],"gold":192,"neow_bonus":"THREE_ENEMY_KILL","is_daily":false,"chose_seed":false,"campfire_upgraded":4,"win_rate":0.0,"timestamp":1612577555,"path_taken":["M","?","M","M","?","R","M","R","T","$","M","R","?","$","R","BOSS","M"],"items_purchased_type":["Card"],"build_version":"2020-12-22","purchased_purges":1,"victory":false,"max_hp_per_floor":[75,75,75,75,75,75,75,75,75,75,75,75,75,75,75,75,75,75,75],"card_choices":[{"not_picked":["Sweeping Beam","Turbo"],"picked":"Chill","floor":1},{"not_picked":["Gash","Stack"],"picked":"Darkness","floor":3},{"not_picked":["Streamline","Compile Driver"],"picked":"Ball Lightning","floor":4},{"not_picked":["Compile Driver","Melter"],"picked":"Ball Lightning","floor":7},{"not_picked":["Lockon","Stack","Gash"],"picked":"SKIP","floor":11},{"not_picked":["Electrodynamics","Machine Learning"],"picked":"Creative AI","floor":16}],"player_experience":118512,"relics_obtained":[{"floor":9,"key":"Bottled Lightning"}],"event_choices":[{"damage_healed":0,"gold_gain":0,"player_choice":"Ignored","damage_taken":0,"max_hp_gain":0,"max_hp_loss":0,"event_name":"Shining Light","floor":2,"gold_loss":0},{"damage_healed":0,"gold_gain":0,"player_choice":"Ignored","damage_taken":0,"max_hp_gain":0,"max_hp_loss":0,"event_name":"Liars Game","floor":5,"gold_loss":0},{"damage_healed":0,"gold_gain":75,"player_choice":"Gather Gold","damage_taken":11,"max_hp_gain":0,"max_hp_loss":0,"event_name":"World of Goop","floor":13,"gold_loss":0}],"is_beta":false,"boss_relics":[{"not_picked":["Empty Cage","Runic Dome"],"picked":"Cursed Key"}],"items_purged_floors":[10],"is_endless":false,"potions_floor_spawned":[1,11],"killed_by":"3 Byrds","ascension_level":4}}