{"host":"5ddwedapke4fsx0r","time":1612653595,"event":{"mods":["BaseMod","Downfall","Infinite Spire","Minty Spire (QoL Compilation)","Reliquary","Shade Mod","StSLib","The Clintock","The Construct","The Forsaken","The Gatherer","The Hierophant","The Servant 0.9.4","TheSurvivalist"],"gold_per_floor":[99,116,116,134,134,169,169,199,199,216,249,249,249,274,293,391,391,391,408,418,518,532,560,560,37,71,71,71,88,114,22,42,148,148,148,169,269,100,123,143,143,43,43,43],"floor_reached":43,"language":"ENG","playtime":6173,"items_purged":[],"score":573,"play_id":"711337fd-c184-49b8-8746-69aa96413440","local_time":"20210207001955","is_ascension_mode":true,"campfire_choices":[{"data":"construct:DefenseMode","floor":1.0,"key":"SMITH"},{"data":"construct:Reserves","floor":9.0,"key":"SMITH"},{"floor":13.0,"key":"REST"},{"data":"construct:Forcefield","floor":18.0,"key":"SMITH"},{"floor":28.0,"key":"REST"},{"data":"construct:Reinforce","floor":28.0,"key":"SMITH"},{"floor":35,"key":"RECALL"},{"floor":42,"key":"REST"},{"data":"construct:ShieldBurst","floor":42,"key":"SMITH"}],"circlet_count":0,"master_deck":["construct:Strike_Gold","construct:Strike_Gold","construct:Strike_Gold","construct:Defend_Gold","construct:Defend_Gold","construct:Defend_Gold","construct:Defend_Gold","construct:Defend_Gold+1","construct:DefenseMode+1","construct:ElectricArmor","construct:ElectricArmor","construct:Reserves+1","construct:Reinforce+1","construct:Forcefield+1","construct:Bunker","CurseOfTheBell","construct:DefenseMode+1","construct:Autoturret+1","construct:Antimatter","construct:GuardCore","construct:GuardCore","construct:ShieldBurst+1","construct:Backup","infinitespire:Pacifist","downfall:Bewildered","Pain"],"relics":["CloakClasp","reliquary:BrokenClock","infinitespire:Magic Flask","DollysMirror","reliquary:Tamtam","FrozenCore","Gatherer:ExplorersPath","Matryoshka","reliquary:Sideboard","reliquary:FeatherDuster","infinitespire:EvilPickle","Busted Crown","downfall:ExtraCursedKey","reliquary:PartyBalloon","construct:Cogwheel","infinitespire:Chaos","FossilizedHelix","reliquary:Boomerang","Cursed Key","downfall:GremlinWheel","Art of War","Eternal Feather","infinitespire:Bottled Soul","downfall:HeartBlessingRed"],"acts_visited":["Exordium","TheCity","TheBeyond"],"potions_floor_usage":[37,39,43],"damage_taken":[{"damage":6.0,"enemies":"Cultist","floor":2.0,"turns":4.0},{"damage":8.0,"enemies":"Small Slimes","floor":4.0,"turns":8.0},{"damage":33.0,"enemies":"Gremlin Nob","floor":6.0,"turns":4.0},{"damage":0.0,"enemies":"Lagavulin","floor":8.0,"turns":16.0},{"damage":1.0,"enemies":"Jaw Worm","floor":10.0,"turns":3.0},{"damage":32.0,"enemies":"Gremlin Nob","floor":11.0,"turns":5.0},{"damage":3.0,"enemies":"3 Sentries","floor":14.0,"turns":17.0},{"damage":0.0,"enemies":"Lots of Slimes","floor":15.0,"turns":6.0},{"damage":17.0,"enemies":"IC_STATUS_ARCHETYPE","floor":16.0,"turns":18.0},{"damage":11.0,"enemies":"3 Byrds","floor":19.0,"turns":8.0},{"damage":23.0,"enemies":"Snecko","floor":20.0,"turns":19.0},{"damage":0.0,"enemies":"downfall:LadyInBlue","floor":21.0,"turns":24.0},{"damage":0.0,"enemies":"Centurion and Healer","floor":22.0,"turns":6.0},{"damage":0.0,"enemies":"Slavers","floor":23.0,"turns":14.0},{"damage":0.0,"enemies":"downfall:FleeingMerchant","floor":25.0,"turns":4.0},{"damage":0.0,"enemies":"Gremlin Leader","floor":26.0,"turns":10.0},{"damage":6.0,"enemies":"Snake Plant","floor":29.0,"turns":9.0},{"damage":0.0,"enemies":"Snecko","floor":30.0,"turns":11.0},{"damage":0.0,"enemies":"downfall:FleeingMerchant","floor":31.0,"turns":4.0},{"damage":0.0,"enemies":"Centurion and Healer","floor":32.0,"turns":21.0},{"damage":49.0,"enemies":"DF_ARCHETYPE_CLAW","floor":33.0,"turns":12.0},{"damage":0,"enemies":"3 Shapes","floor":36,"turns":6},{"damage":0,"enemies":"3 Shapes","floor":37,"turns":7},{"damage":0,"enemies":"downfall:FleeingMerchant","floor":38,"turns":4},{"damage":7,"enemies":"Orb Walker","floor":39,"turns":8},{"damage":98,"enemies":"4 Shapes","floor":40,"turns":9},{"damage":82,"enemies":"Reptomancer","floor":43,"turns":12}],"seed_played":"-5488272786890286839","potions_obtained":[{"floor":2.0,"key":"EntropicBrew"},{"floor":6.0,"key":"FairyPotion"},{"floor":10.0,"key":"Energy Potion"},{"floor":11.0,"key":"Guardian:BlockOnCardUsePotion"},{"floor":20.0,"key":"SkillPotion"},{"floor":21.0,"key":"Swift Potion"},{"floor":21.0,"key":"CultistPotion"},{"floor":22.0,"key":"EssenceOfSteel"},{"floor":23.0,"key":"AttackPotion"},{"floor":29.0,"key":"Fire Potion"},{"floor":32.0,"key":"Fire Potion"},{"floor":33.0,"key":"sneckomod:MuddlingPotion"},{"floor":36,"key":"DuplicationPotion"}],"is_trial":false,"path_per_floor":["R","M","?","M","T","E","T","E","R","M","E","?","R","E","M","B",null,"R","M","M","?","M","E","T","$","E","?","R","M","M","$","M","B",null,"R","M","?","$","M","M","T","R","E"],"character_chosen":"THE_CONSTRUCT_MOD","items_purchased":["infinitespire:Chaos","construct:Autoturret+1","FossilizedHelix","construct:Antimatter","Art of War"],"campfire_rested":3,"item_purchase_floors":[25,25,25,31,38],"current_hp_per_floor":[85,79,79,71,71,52,52,52,52,51,19,7,32,29,29,12,85,85,74,51,51,56,61,61,66,66,58,83,77,77,77,77,28,85,85,85,85,85,78,25,25,65,0,0],"gold":43,"neow_bonus":"THREE_CARDS","is_daily":false,"chose_seed":false,"campfire_upgraded":5,"win_rate":0.0,"timestamp":1612653595,"path_taken":["R","M","?","M","?","E","T","E","R","M","E","?","R","E","M","BOSS","R","M","M","?","?","E","T","$","E","?","R","?","M","?","M","BOSS","R","M","?","$","M","?","T","R","E"],"items_purchased_type":["Relic","Card","Relic","Card","Relic"],"build_version":"2020-12-22","purchased_purges":0,"victory":false,"max_hp_per_floor":[85,85,85,85,85,85,85,85,85,85,85,85,85,85,85,85,85,85,85,85,85,85,85,85,85,85,85,85,85,85,85,85,85,85,85,85,85,85,85,85,85,85,85,85],"card_choices":[{"not_picked":["construct:ModeShift","construct:CriticalHit"],"picked":"construct:ElectricArmor","floor":0.0},{"not_picked":["construct:Backfire","construct:SweepLaser"],"picked":"construct:ElectricArmor","floor":2.0},{"not_picked":["construct:Impenetrable","construct:Boost","construct:ClusterMines"],"picked":"SKIP","floor":4.0},{"not_picked":["construct:Boost","construct:Missile","construct:Overcharge"],"picked":"SKIP","floor":6.0},{"not_picked":["construct:HastyRepair","construct:Analyze"],"picked":"construct:Reserves","floor":8.0},{"not_picked":["construct:SyphonStrike","construct:Versatility","construct:FierceBash"],"picked":"SKIP","floor":10.0},{"not_picked":["construct:Isolate","construct:Analyze"],"picked":"construct:Reinforce","floor":11.0},{"not_picked":["construct:OmegaCannon","construct:Multistage","construct:Dampening"],"picked":"SKIP","floor":14.0},{"not_picked":["construct:FocusedBeam","construct:CriticalHit"],"picked":"construct:Forcefield","floor":15.0},{"not_picked":["construct:BatteryCore","construct:GoldenBullet"],"picked":"construct:Bunker","floor":16.0},{"not_picked":["construct:SaveState","construct:SyphonStrike"],"picked":"construct:BatteryCore","floor":19.0},{"not_picked":["construct:Backfire","construct:ClusterMines","construct:UnbalancingBlast"],"picked":"SKIP","floor":20.0},{"not_picked":["construct:Backfire","construct:ScopeCore"],"picked":"construct:Backup","floor":22.0},{"not_picked":["construct:ScrapCannon","construct:ChargeShot","construct:UnbalancingBlast"],"picked":"SKIP","floor":23.0},{"not_picked":["construct:Impenetrable+1","construct:ScrapCannon+1","construct:SaveState+1"],"picked":"SKIP","floor":25.0},{"not_picked":["construct:Isolate"],"picked":"SKIP","floor":26.0},{"not_picked":["construct:Accumulate"],"picked":"SKIP","floor":29.0},{"not_picked":[],"picked":"construct:Backup","floor":30.0},{"not_picked":[],"picked":"construct:GuardCore","floor":31.0},{"not_picked":[],"picked":"construct:GuardCore","floor":32.0},{"not_picked":[],"picked":"construct:ShieldBurst","floor":33.0},{"not_picked":["construct:OmegaCannon+1"],"picked":"SKIP","floor":36},{"not_picked":["construct:ScrapCannon"],"picked":"SKIP","floor":38},{"not_picked":["construct:FierceBash"],"picked":"SKIP","floor":39},{"not_picked":["construct:ClusterMines"],"picked":"SKIP","floor":40}],"player_experience":531323,"relics_obtained":[{"floor":5.0,"key":"Toy Ornithopter"},{"floor":6.0,"key":"Bag of Preparation"},{"floor":7.0,"key":"Lantern"},{"floor":8.0,"key":"infinitespire:EmpoweringShard"},{"floor":11.0,"key":"infinitespire:Lucky Rock"},{"floor":14.0,"key":"reliquary:BallBearing"},{"floor":17.0,"key":"reliquary:PorcupineQuills"},{"floor":17.0,"key":"reliquary:Sideboard"},{"floor":17.0,"key":"Peace Pipe"},{"floor":21.0,"key":"Potion Belt"},{"floor":23.0,"key":"Akabeko"},{"floor":24.0,"key":"theForsaken:HumbleEgg"},{"floor":26.0,"key":"reliquary:Boomerang"},{"floor":37,"key":"downfall:GremlinWheel"},{"floor":41,"key":"Eternal Feather"},{"floor":41,"key":"infinitespire:Bottled Soul"}],"event_choices":[{"damage_healed":0.0,"max_hp_gain":0.0,"max_hp_loss":0.0,"gold_gain":0.0,"event_name":"Scrap Ooze","player_choice":"Success","floor":12.0,"gold_loss":0.0,"damage_taken":12.0,"relics_obtained":["infinitespire:Satchel"]}],"is_beta":false,"boss_relics":[{"not_picked":["Astrolabe","Coffee Dripper"],"picked":"Calling Bell"},{"not_picked":["Velvet Choker","Tiny House"],"picked":"Cursed Key"}],"items_purged_floors":[],"is_endless":false,"potions_floor_spawned":[2,6,10,11,15,20,22,23,29,32,33,36],"killed_by":"Reptomancer","ascension_level":1}}