{"host":"zj59u6rib3fz4c79","time":1612583123,"event":{"mods":["AchievementEnabler","BaseMod","Bestiary","Colored Map","Colored Powertips","Highlight Path","Minty Spire (QoL Compilation)","StSLib"],"gold_per_floor":[111,36,55,55,71,71,91,166,211,211,231,251,266,266,266],"floor_reached":14,"language":"ENG","playtime":593,"items_purged":["Strike_B"],"score":88,"play_id":"3496da08-822c-4890-8df8-cbc428afa75f","local_time":"20210205214523","is_ascension_mode":true,"campfire_choices":[{"data":"Go for the Eyes","floor":6,"key":"SMITH"},{"floor":10,"key":"RECALL"}],"circlet_count":0,"master_deck":["Strike_B","Strike_B","Strike_B","Defend_B","Defend_B","Defend_B","Defend_B","Zap","Dualcast","Gash","Go for the Eyes+1","Beam Cell"],"relics":["Cracked Core","Regal Pillow","Smiling Mask"],"acts_visited":["Exordium"],"potions_floor_usage":[7,14],"damage_taken":[{"damage":0,"enemies":"2 Louse","floor":1,"turns":4},{"damage":10,"enemies":"Small Slimes","floor":3,"turns":3},{"damage":1,"enemies":"Cultist","floor":5,"turns":3},{"damage":0,"enemies":"Gremlin Gang","floor":7,"turns":2},{"damage":5,"enemies":"2 Fungi Beasts","floor":11,"turns":4},{"damage":11,"enemies":"3 Louse","floor":12,"turns":3},{"damage":12,"enemies":"Blue Slaver","floor":13,"turns":2},{"damage":34,"enemies":"3 Sentries","floor":14,"turns":4}],"seed_played":"-5590297966267184693","potions_obtained":[{"floor":1,"key":"Explosive Potion"},{"floor":7,"key":"CultistPotion"}],"is_trial":false,"path_per_floor":["M","$","M","?","M","R","M","?","T","R","M","M","M","E"],"character_chosen":"DEFECT","items_purchased":[],"campfire_rested":0,"item_purchase_floors":[],"current_hp_per_floor":[75,75,65,70,69,69,69,58,58,58,53,42,30,0,0],"gold":266,"neow_bonus":"RANDOM_COMMON_RELIC","is_daily":false,"chose_seed":false,"campfire_upgraded":1,"win_rate":0.0,"timestamp":1612583123,"path_taken":["M","$","M","?","M","R","M","?","T","R","M","M","M","E"],"items_purchased_type":[],"build_version":"2020-12-22","purchased_purges":1,"victory":false,"max_hp_per_floor":[75,75,75,80,80,80,80,80,80,80,80,80,80,80,80],"card_choices":[{"not_picked":["Rip and Tear","Hologram"],"picked":"Gash","floor":1},{"not_picked":["Cold Snap","Ball Lightning","Hologram"],"picked":"SKIP","floor":3},{"not_picked":["Storm","Chaos"],"picked":"Go for the Eyes","floor":5},{"not_picked":["Barrage","Genetic Algorithm","Stack"],"picked":"SKIP","floor":7},{"not_picked":["Cold Snap","Hologram","Fusion"],"picked":"SKIP","floor":11},{"not_picked":["Steam","Undo"],"picked":"Beam Cell","floor":12},{"not_picked":["Chaos","Compile Driver","Stack"],"picked":"SKIP","floor":13}],"player_experience":82106,"relics_obtained":[{"floor":9,"key":"Smiling Mask"}],"event_choices":[{"damage_healed":0,"gold_gain":0,"player_choice":"Donut","damage_taken":0,"max_hp_gain":5,"max_hp_loss":0,"event_name":"Big Fish","floor":4,"gold_loss":0},{"damage_healed":0,"gold_gain":75,"player_choice":"Gather Gold","damage_taken":11,"max_hp_gain":0,"max_hp_loss":0,"event_name":"World of Goop","floor":8,"gold_loss":0}],"is_beta":false,"boss_relics":[],"items_purged_floors":[2],"is_endless":false,"potions_floor_spawned":[1,7],"killed_by":"3 Sentries","ascension_level":1}}