{"host":"osk2oboccoevp2u5","time":1612638128,"event":{"mods":["AchievementEnabler","Alarm Clock","BaseMod","Colored Powertips","Disable Question Mark Monsters","Displayed Cursed Tome","Key Reminder","Minty Spire (QoL Compilation)","Potion Indicator Mod","Quick Restart","Rare Cards Sparkle","Reorder Act Four","StSLib","The Cursed","Useless Jewels Mod"],"gold_per_floor":[114,134,134,151,326,326,344,344,344,344,7,25,50,88,88,208,208,208,208,24,24,24,24,24,24,24,24,24,24,24,24,24,24,24],"floor_reached":33,"language":"ENG","playtime":1968,"items_purged":["TheCursedMod:Strike_TheCursed","TheCursedMod:Strike_TheCursed"],"score":429,"play_id":"df9051ca-6114-47d3-a6fa-24cca20c9f72","local_time":"20210206150208","is_ascension_mode":true,"campfire_choices":[{"floor":6,"key":"REST"},{"data":"TheCursedMod:CursedWand","floor":10,"key":"SMITH"},{"floor":15,"key":"REST"},{"data":"TheCursedMod:NeowsMight","floor":23,"key":"SMITH"},{"data":"TheCursedMod:StingEye","floor":25,"key":"SMITH"},{"data":"TheCursedMod:CircleOfFlame","floor":32,"key":"SMITH"}],"circlet_count":0,"master_deck":["TheCursedMod:Strike_TheCursed+1","TheCursedMod:Defend_TheCursed","TheCursedMod:Defend_TheCursed","TheCursedMod:Defend_TheCursed","TheCursedMod:Defend_TheCursed","TheCursedMod:CursedWand+1","TheCursedMod:CleanUpWorkshop+1","TheCursedMod:Dregs","TheCursedMod:CursedStaff+1","TheCursedMod:CursedBoomerang+1","Doubt","TheCursedMod:ReleasedStrength","Injury","Impatience","TheCursedMod:CircleOfFlame+1","TheCursedMod:StingEye+1","TheCursedMod:NeowsMight+1","TheCursedMod:CursedBlade+1","TheCursedMod:ReleasedStrength","Trip","TheCursedMod:Wield","TheCursedMod:PrepareRite+1","TheCursedMod:SurpriseAttack+1","TheCursedMod:SoulCrush+1"],"relics":["TheCursedMod:BlackMagic101","Bloody Idol","Whetstone","Ancient Tea Set","Shuriken","Ectoplasm","Potion Belt","Juzu Bracelet"],"acts_visited":["Exordium","TheCity"],"potions_floor_usage":[14,14,16,24,24,27,31],"damage_taken":[{"damage":0,"enemies":"Cultist","floor":1,"turns":5},{"damage":0,"enemies":"Small Slimes","floor":2,"turns":4},{"damage":0,"enemies":"2 Louse","floor":4,"turns":2},{"damage":3,"enemies":"Blue Slaver","floor":7,"turns":4},{"damage":15,"enemies":"Exordium Thugs","floor":12,"turns":6},{"damage":0,"enemies":"2 Fungi Beasts","floor":13,"turns":3},{"damage":24,"enemies":"Gremlin Nob","floor":14,"turns":4},{"damage":15,"enemies":"Slime Boss","floor":16,"turns":7},{"damage":2,"enemies":"Chosen","floor":18,"turns":4},{"damage":0,"enemies":"3 Byrds","floor":19,"turns":4},{"damage":0,"enemies":"Sentry and Sphere","floor":21,"turns":2},{"damage":0,"enemies":"Gremlin Leader","floor":24,"turns":2},{"damage":5,"enemies":"Snecko","floor":27,"turns":4},{"damage":0,"enemies":"Cultist and Chosen","floor":28,"turns":3},{"damage":7,"enemies":"3 Cultists","floor":29,"turns":4},{"damage":5,"enemies":"Centurion and Healer","floor":31,"turns":3},{"damage":23,"enemies":"Automaton","floor":33,"turns":6}],"seed_played":"-4898220683031490886","potions_obtained":[{"floor":2,"key":"Weak Potion"},{"floor":4,"key":"DistilledChaos"},{"floor":7,"key":"Weak Potion"},{"floor":18,"key":"Energy Potion"},{"floor":19,"key":"LiquidMemories"},{"floor":21,"key":"Fire Potion"},{"floor":27,"key":"Regen Potion"}],"is_trial":false,"path_per_floor":["M","M","?","M","?","R","M","?","T","R","$","M","M","E","R","B",null,"M","M","$","M","?","R","E","R","T","M","M","M","?","M","R","B"],"character_chosen":"THE_CURSED","items_purchased":["Ancient Tea Set","Impatience","TheCursedMod:CircleOfFlame","Trip"],"campfire_rested":2,"item_purchase_floors":[11,11,11,20],"current_hp_per_floor":[68,68,53,53,53,75,72,72,72,72,72,57,57,33,55,40,66,64,64,64,64,64,64,64,64,64,59,59,52,52,56,56,33,33],"gold":24,"neow_bonus":"REMOVE_CARD","is_daily":false,"chose_seed":false,"campfire_upgraded":4,"win_rate":0.0,"timestamp":1612638128,"path_taken":["M","M","?","M","?","R","M","?","T","R","$","?","M","E","R","BOSS","M","M","$","M","?","R","E","R","T","M","M","M","?","M","R","BOSS"],"items_purchased_type":["Relic","Card","Card","Card"],"build_version":"2020-12-22","purchased_purges":2,"victory":false,"max_hp_per_floor":[75,75,75,75,75,75,75,75,75,75,75,75,75,75,75,75,75,75,75,75,75,75,75,75,75,75,75,75,75,75,75,75,75,75],"card_choices":[{"not_picked":["TheCursedMod:RapidMovement","TheCursedMod:RavingStaff","TheCursedMod:DoubleShield"],"picked":"SKIP","floor":1},{"not_picked":["TheCursedMod:Wield","TheCursedMod:Obscuration"],"picked":"TheCursedMod:CursedStaff","floor":2},{"not_picked":["TheCursedMod:TacticalStrike","TheCursedMod:CursedShiv"],"picked":"TheCursedMod:CursedBoomerang","floor":4},{"not_picked":["TheCursedMod:Stigma","TheCursedMod:EmpowerCircles"],"picked":"TheCursedMod:ReleasedStrength","floor":7},{"not_picked":["TheCursedMod:ManaBullet","TheCursedMod:DoubleShield","TheCursedMod:SpitefulPray"],"picked":"SKIP","floor":12},{"not_picked":["TheCursedMod:LuckyCharm","TheCursedMod:SmokeScreen","TheCursedMod:Stretching"],"picked":"SKIP","floor":13},{"not_picked":["TheCursedMod:UltimatePain","TheCursedMod:Stretching"],"picked":"TheCursedMod:StingEye","floor":14},{"not_picked":["TheCursedMod:UltimatePain","TheCursedMod:ManaCirculation"],"picked":"TheCursedMod:NeowsMight","floor":16},{"not_picked":["TheCursedMod:RavingStaff","TheCursedMod:Stretching"],"picked":"TheCursedMod:CursedBlade+1","floor":18},{"not_picked":["TheCursedMod:VitalStrike+1","TheCursedMod:DoubleShield"],"picked":"TheCursedMod:ReleasedStrength","floor":19},{"not_picked":["TheCursedMod:SmokeScreen","TheCursedMod:CursedBoomerang"],"picked":"TheCursedMod:Wield","floor":21},{"not_picked":["TheCursedMod:SoulCrush","TheCursedMod:CursedShiv"],"picked":"TheCursedMod:PrepareRite+1","floor":24},{"not_picked":["TheCursedMod:ReleasedStrength","TheCursedMod:ReleasedKnowledge"],"picked":"TheCursedMod:SurpriseAttack+1","floor":27},{"not_picked":["TheCursedMod:CursedMace","TheCursedMod:HellfireBreathing+1","TheCursedMod:VitalStrike"],"picked":"SKIP","floor":28},{"not_picked":["TheCursedMod:Hemoplague","TheCursedMod:Obscuration+1","TheCursedMod:SoulReap"],"picked":"SKIP","floor":29},{"not_picked":["TheCursedMod:CircleOfFlame","TheCursedMod:CircleOfAmplification"],"picked":"TheCursedMod:SoulCrush+1","floor":31}],"player_experience":970513,"relics_obtained":[{"floor":9,"key":"Whetstone"},{"floor":14,"key":"Shuriken"},{"floor":24,"key":"Potion Belt"},{"floor":26,"key":"Juzu Bracelet"}],"event_choices":[{"damage_healed":0,"gold_gain":0,"player_choice":"Entered Light","damage_taken":15,"max_hp_gain":0,"max_hp_loss":0,"event_name":"Shining Light","floor":3,"gold_loss":0,"cards_upgraded":["TheCursedMod:CursedStaff","TheCursedMod:CleanUpWorkshop"]},{"damage_healed":0,"gold_gain":175,"player_choice":"AGREE","damage_taken":0,"max_hp_gain":0,"max_hp_loss":0,"event_name":"Liars Game","floor":5,"gold_loss":0,"cards_obtained":["Doubt"]},{"damage_healed":0,"gold_gain":0,"player_choice":"Take Wound","damage_taken":0,"relics_obtained":["Golden Idol"],"max_hp_gain":0,"max_hp_loss":0,"event_name":"Golden Idol","floor":8,"gold_loss":0,"cards_obtained":["Injury"]},{"damage_healed":0,"gold_gain":0,"player_choice":"Gave Idol","damage_taken":0,"relics_obtained":["Bloody Idol"],"max_hp_gain":0,"max_hp_loss":0,"event_name":"Forgotten Altar","floor":22,"relics_lost":["Golden Idol"],"gold_loss":0},{"damage_healed":0,"gold_gain":0,"player_choice":"Ignored","damage_taken":0,"max_hp_gain":0,"max_hp_loss":0,"event_name":"Vampires","floor":30,"gold_loss":0}],"is_beta":false,"boss_relics":[{"not_picked":["Fusion Hammer","Philosopher\u0027s Stone"],"picked":"Ectoplasm"}],"items_purged_floors":[11,20],"is_endless":false,"potions_floor_spawned":[2,4,7,18,19,21,27],"killed_by":"Automaton","ascension_level":9}}