{"host":"l15sdf2mmi0nobpi","time":1612626639,"event":{"mods":["BaseMod","Highlight Path","Minty Spire (QoL Compilation)","MostiFishMod","Quick Restart","StSLib","¡¾¹¦ÄÜMod¡¿Neow½±Àø"],"gold_per_floor":[110,160,174,188,207,241,241,268,318,336,354,354,76,89,89,168,168,178,188,202,215,226,251,251,286,286,302,302,332,343,374,374,447,447,462,476,476,476,488,518,530,572,584,1826,1857,1869,1881,2521,2533,2545,3157,3169,3181,38,666,666],"floor_reached":57,"language":"ZHS","playtime":37042,"items_purged":["Strike_B","Decay"],"score":3407,"play_id":"8d36417e-a891-4f63-89ab-b1956d35a553","local_time":"20210206235039","is_ascension_mode":true,"campfire_choices":[{"data":"Coolheaded","floor":7.0,"key":"SMITH"},{"data":"Sunder","floor":15.0,"key":"SMITH"},{"data":"Skim","floor":28.0,"key":"SMITH"},{"data":"MostiFishMod:TalkingToTheRain","floor":32,"key":"SMITH"},{"floor":41,"key":"RECALL"},{"data":"Coolheaded","floor":46,"key":"SMITH"},{"data":"MostiFishMod:DawningShadow","floor":49,"key":"SMITH"},{"data":"Capacitor","floor":53,"key":"SMITH"}],"circlet_count":0,"master_deck":["AscendersBane","Strike_B","Strike_B","Defend_B","Defend_B","Defend_B","Defend_B","Zap","Dualcast","Ball Lightning","Self Repair","Coolheaded+1","Sunder+1","Hologram","Static Discharge","Undo","Meteor Strike+1","Coolheaded+1","White Noise","Seek","Coolheaded+1","Recycle","Skim+1","MostiFishMod:TalkingToTheRain+1","Capacitor+1","MostiFishMod:ATRI","MostiFishMod:DawningShadow+1","MostiFishMod:DeathFromBelow","Creative AI+1","Meteor Strike+1","Recycle","Capacitor+1"],"relics":["DaveBox","RhineSuit","Snecko Eye","SynthV:TestCard","Juzu Bracelet","Mummified Hand","Oddly Smooth Stone","SynthV:C4","Black Star","Dream Catcher","Ice Cream","MealTicket","Strawberry","StrikeDummy","Incense Burner","InkBottle","Darkstone Periapt","Mercury Hourglass","Inserter","MawBank","Frozen Egg 2","Question Card","Ancient Tea Set","Vajra","HornCleat","Eternal Feather","The Courier","Bottled Tornado","Gremlin Horn","Ornamental Fan","Sundial","Centennial Puzzle","Happy Flower","Torii","Calipers","Nunchaku","Emotion Chip","Shuriken","Blue Candle","TakeMeEscape","TungstenRod","Blood Vial","Toy Ornithopter","Bag of Marbles","Whetstone","Symbiotic Virus","Lantern"],"acts_visited":["Exordium","TheCity","TheBeyond","TheEnding"],"potions_floor_usage":[31,42,56,56],"damage_taken":[{"damage":0.0,"enemies":"Small Slimes","floor":1.0,"turns":2.0},{"damage":0.0,"enemies":"Cultist","floor":3.0,"turns":2.0},{"damage":0.0,"enemies":"2 Louse","floor":4.0,"turns":2.0},{"damage":0.0,"enemies":"Red Slaver","floor":5.0,"turns":4.0},{"damage":13.0,"enemies":"3 Sentries","floor":6.0,"turns":5.0},{"damage":6.0,"enemies":"Lagavulin","floor":8.0,"turns":6.0},{"damage":0.0,"enemies":"3 Louse","floor":10.0,"turns":2.0},{"damage":4.0,"enemies":"Lots of Slimes","floor":11.0,"turns":3.0},{"damage":4.0,"enemies":"Blue Slaver","floor":14.0,"turns":2.0},{"damage":1.0,"enemies":"The Guardian","floor":16.0,"turns":5.0},{"damage":0.0,"enemies":"Shell Parasite","floor":18.0,"turns":2.0},{"damage":0.0,"enemies":"Chosen","floor":19.0,"turns":2.0},{"damage":0.0,"enemies":"Sentry and Sphere","floor":20.0,"turns":2.0},{"damage":3.0,"enemies":"Snake Plant","floor":21.0,"turns":2.0},{"damage":0.0,"enemies":"Snecko","floor":22.0,"turns":3.0},{"damage":11.0,"enemies":"Slavers","floor":23.0,"turns":3.0},{"damage":15.0,"enemies":"Gremlin Leader","floor":25.0,"turns":4.0},{"damage":7.0,"enemies":"Centurion and Healer","floor":27.0,"turns":3.0},{"damage":16.0,"enemies":"Book of Stabbing","floor":29.0,"turns":4.0},{"damage":0.0,"enemies":"3 Cultists","floor":30.0,"turns":2.0},{"damage":5,"enemies":"Slavers","floor":31,"turns":3},{"damage":0,"enemies":"Automaton","floor":33,"turns":3},{"damage":0,"enemies":"3 Shapes","floor":35,"turns":3},{"damage":0,"enemies":"Orb Walker","floor":36,"turns":2},{"damage":0,"enemies":"3 Darklings","floor":39,"turns":3},{"damage":0,"enemies":"Giant Head","floor":40,"turns":5},{"damage":2,"enemies":"Nemesis","floor":42,"turns":7},{"damage":0,"enemies":"Reptomancer","floor":44,"turns":3},{"damage":0,"enemies":"Jaw Worm Horde","floor":45,"turns":2},{"damage":0,"enemies":"Nemesis","floor":48,"turns":7},{"damage":0,"enemies":"Time Eater","floor":50,"turns":4},{"damage":6,"enemies":"Donu and Deca","floor":51,"turns":4},{"damage":0,"enemies":"Shield and Spear","floor":55,"turns":1},{"damage":8,"enemies":"The Heart","floor":56,"turns":4}],"seed_played":"5792868700737665991","potions_obtained":[{"floor":5.0,"key":"SkillPotion"},{"floor":6.0,"key":"SteroidPotion"},{"floor":10.0,"key":"FocusPotion"},{"floor":20.0,"key":"CultistPotion"},{"floor":29.0,"key":"DuplicationPotion"},{"floor":31,"key":"PowerPotion"},{"floor":42,"key":"Strength Potion"},{"floor":55,"key":"PowerPotion"}],"is_trial":false,"path_per_floor":["M","?","M","M","M","E","R","E","T","M","M","?","$","M","R","B",null,"M","M","M","M","M","E","?","E","T","M","R","E","M","E","R","B",null,"M","M","?","?","M","E","R","E","T","E","M","R","?","E","R","B","B",null,"R","$","E","B",null],"character_chosen":"DEFECT","items_purchased":["SynthV:C4","Static Discharge","Gremlin Horn","Ornamental Fan","Sundial","Centennial Puzzle","Happy Flower","Torii","Calipers","Nunchaku","Emotion Chip","Shuriken","Blue Candle","TakeMeEscape","TungstenRod","Blood Vial","Recycle","Toy Ornithopter","Bag of Marbles","Whetstone","PowerPotion"],"campfire_rested":0,"item_purchase_floors":[13,13,54,54,54,54,54,54,54,54,54,54,54,54,54,54,54,54,54,54,54],"current_hp_per_floor":[64,64,64,64,64,58,58,59,59,59,62,57,57,60,60,66,70,70,71,71,71,71,67,67,66,66,66,66,57,64,66,66,73,77,78,78,84,84,84,84,84,84,84,84,84,84,84,84,84,84,84,84,84,84,84,83],"gold":666,"neow_bonus":"BOSS_RELIC","is_daily":false,"chose_seed":false,"campfire_upgraded":7,"win_rate":0.0,"timestamp":1612626639,"path_taken":["M","?","?","M","M","E","R","E","T","M","M","?","$","M","R","BOSS","M","M","M","M","M","E","?","E","T","M","R","E","M","E","R","BOSS","M","M","?","?","M","E","R","E","T","E","M","R","?","E","R","BOSS","BOSS","R","$","E","BOSS"],"items_purchased_type":["Relic","Card","Relic","Relic","Relic","Relic","Relic","Relic","Relic","Relic","Relic","Relic","Relic","Relic","Relic","Relic","Card","Relic","Relic","Relic","Potion"],"build_version":"2020-12-22","purchased_purges":2,"victory":true,"max_hp_per_floor":[71,71,71,71,71,71,71,71,71,71,71,71,71,71,71,71,71,71,71,71,71,71,71,71,78,78,78,78,78,78,78,78,78,78,78,78,84,84,84,84,84,84,84,84,84,84,84,84,84,84,84,84,84,84,84,84],"card_choices":[{"not_picked":["Compile Driver","Auto Shields"],"picked":"Cold Snap","floor":1.0},{"not_picked":["Stack","Redo","Turbo","Go for the Eyes"],"picked":"Ball Lightning","floor":3.0},{"not_picked":["Conserve Battery","MostiFishMod:PushDownKick","MostiFishMod:ReprogramOld","Steam Power","Stack"],"picked":"SKIP","floor":4.0},{"not_picked":["MostiFishMod:Impulse","Rebound","Beam Cell","MostiFishMod:StarOceanB"],"picked":"Self Repair","floor":5.0},{"not_picked":["Sweeping Beam","Steam","MostiFishMod:StarOceanB","Go for the Eyes"],"picked":"Coolheaded","floor":6.0},{"not_picked":["Loop","Double Energy","Scrape","Leap"],"picked":"Sunder","floor":8.0},{"not_picked":["Cold Snap","Leap","Compile Driver","Rip and Tear","Gash"],"picked":"SKIP","floor":10.0},{"not_picked":["Barrage","Storm","Rebound","Streamline"],"picked":"Hologram","floor":11.0},{"not_picked":["Genetic Algorithm","Chill","Redo","Conserve Battery"],"picked":"Undo","floor":14.0},{"not_picked":["Thunder Strike","Biased Cognition","Core Surge","Multi-Cast"],"picked":"Meteor Strike","floor":16.0},{"not_picked":["Turbo","Self Repair","Steam","Cold Snap"],"picked":"Coolheaded","floor":18.0},{"not_picked":["Sweeping Beam","MostiFishMod:FluxCapactior+1","Leap+1","Scrape","Go for the Eyes"],"picked":"SKIP","floor":19.0},{"not_picked":["Cold Snap+1","Steam+1","Hologram","Redo+1"],"picked":"White Noise","floor":20.0},{"not_picked":["Ball Lightning","Coolheaded","Conserve Battery","Leap+1"],"picked":"Seek","floor":21.0},{"not_picked":["Beam Cell","Stack","Gash","MostiFishMod:PushDownKick"],"picked":"Coolheaded+1","floor":22.0},{"not_picked":["Lockon","Barrage+1","Redo","Go for the Eyes"],"picked":"Recycle","floor":23.0},{"not_picked":["Hello World","Loop","Barrage","MostiFishMod:LinkProtocol","Stack+1"],"picked":"SKIP","floor":25.0},{"not_picked":["Capacitor","Double Energy+1","FTL","Barrage"],"picked":"Skim","floor":27.0},{"not_picked":["Storm","Capacitor","Go for the Eyes","MostiFishMod:GatherIntelligence"],"picked":"MostiFishMod:TalkingToTheRain","floor":29.0},{"not_picked":["Double Energy","Redo","Sweeping Beam+1","Streamline"],"picked":"Capacitor","floor":30.0},{"not_picked":["Coolheaded","Cold Snap","Thunder Strike","Go for the Eyes","Conserve Battery"],"picked":"SKIP","floor":31},{"not_picked":["Fission","MostiFishMod:ReadyAimFire","MostiFishMod:IntelligentEquipment","Seek"],"picked":"MostiFishMod:ATRI","floor":33},{"not_picked":["Redo","Stack","MostiFishMod:PushDownKick","Turbo+1","Rebound"],"picked":"SKIP","floor":35},{"not_picked":["Turbo","Scrape","Redo","Conserve Battery"],"picked":"MostiFishMod:DawningShadow","floor":36},{"not_picked":["Conserve Battery","Stack","MostiFishMod:PushDownKick","Hologram","Leap+1"],"picked":"SKIP","floor":39},{"not_picked":["Reinforced Body","Tempest","Chaos","White Noise","Chill"],"picked":"SKIP","floor":40},{"not_picked":["Hologram","Ball Lightning","Steam","MostiFishMod:GatherIntelligence"],"picked":"MostiFishMod:DeathFromBelow","floor":42},{"not_picked":["Undo","Consume","Gash","Sweeping Beam","Tempest"],"picked":"Creative AI+1","floor":44},{"not_picked":["Compile Driver","Rip and Tear","Barrage","Coolheaded","MostiFishMod:Overload","BootSequence"],"picked":"SKIP","floor":45},{"not_picked":["Streamline","Go for the Eyes","Barrage","Conserve Battery+1","Reprogram","Darkness"],"picked":"SKIP","floor":48},{"not_picked":["Fusion+1","MostiFishMod:FluxCapactior+1","Coolheaded","Steam Power","Seek"],"picked":"Capacitor+1","floor":55}],"player_experience":516305,"relics_obtained":[{"floor":1.0,"key":"SynthV:TestCard"},{"floor":6.0,"key":"Juzu Bracelet"},{"floor":8.0,"key":"Mummified Hand"},{"floor":23.0,"key":"Dream Catcher"},{"floor":23.0,"key":"Ice Cream"},{"floor":25.0,"key":"MealTicket"},{"floor":25.0,"key":"Strawberry"},{"floor":26.0,"key":"StrikeDummy"},{"floor":29.0,"key":"Incense Burner"},{"floor":29.0,"key":"InkBottle"},{"floor":31,"key":"Darkstone Periapt"},{"floor":31,"key":"Mercury Hourglass"},{"floor":40,"key":"MawBank"},{"floor":40,"key":"Frozen Egg 2"},{"floor":42,"key":"Question Card"},{"floor":42,"key":"Ancient Tea Set"},{"floor":43,"key":"Vajra"},{"floor":44,"key":"HornCleat"},{"floor":44,"key":"Eternal Feather"},{"floor":48,"key":"The Courier"},{"floor":48,"key":"Bottled Tornado"},{"floor":55,"key":"Symbiotic Virus"},{"floor":55,"key":"Lantern"}],"event_choices":[{"damage_healed":0.0,"max_hp_gain":0.0,"max_hp_loss":0.0,"gold_gain":50.0,"event_name":"Golden Shrine","player_choice":"Pray","floor":2.0,"gold_loss":0.0,"damage_taken":0.0},{"damage_healed":0.0,"max_hp_gain":0.0,"max_hp_loss":0.0,"gold_gain":0.0,"event_name":"Scrap Ooze","player_choice":"Success","floor":12.0,"gold_loss":0.0,"damage_taken":5.0,"relics_obtained":["Oddly Smooth Stone"]},{"cards_removed":["Strike_B"],"damage_healed":0.0,"max_hp_gain":0.0,"max_hp_loss":0.0,"gold_gain":0.0,"event_name":"Back to Basics","player_choice":"Elegance","floor":24.0,"gold_loss":0.0,"damage_taken":0.0},{"damage_healed":0,"gold_gain":0,"player_choice":"Cursed","damage_taken":0,"max_hp_gain":0,"max_hp_loss":0,"event_name":"Wheel of Change","floor":37,"gold_loss":0,"cards_obtained":["Decay"]},{"cards_removed":["Cold Snap"],"damage_healed":0,"gold_gain":0,"player_choice":"Removed Attack","damage_taken":0,"max_hp_gain":0,"max_hp_loss":0,"event_name":"Falling","floor":38,"gold_loss":0},{"damage_healed":0,"gold_gain":0,"player_choice":"Copied","damage_taken":0,"max_hp_gain":0,"max_hp_loss":0,"event_name":"Duplicator","floor":47,"gold_loss":0,"cards_obtained":["Meteor Strike"]}],"is_beta":false,"boss_relics":[{"not_picked":["JellyFishMachine","Calling Bell"],"picked":"Black Star"},{"not_picked":["OneHitWonderSystem","TimeKeys"],"picked":"Inserter"}],"items_purged_floors":[13,54],"is_endless":false,"potions_floor_spawned":[5,6,10,14,16,20,21,23,29,31,33,40,42,55],"ascension_level":20}}