{"host":"l8w5ha8d6y408mwb","time":1612583514,"event":{"mods":["AchievementEnabler","BaseMod","ChefMod","Chen","Conspire","Infinite Spire","Marisa£®ÏF”Í°°ƒß¿Ì…≥£©","Minty Spire (QoL Compilation)","Reimu£®≤©¿ˆ¡È√Œ£©","Remilia£®¿Ÿ√◊¿Ú—«£©","Replay The Spire","StSLib","The Gatherer","The Mystic","The Poker Player","Yakumo Yukari mod","Youmu£®ªÍ∆«—˝√Œ£©","Yuyuko"],"gold_per_floor":[118,138,152,152,167,167,187,187,187,220,220,251,266,279,279,384,384,400,400,419,429,444,444,461,461],"floor_reached":24,"language":"ZHS","playtime":1788,"items_purged":[],"score":214,"play_id":"1c2101b2-4640-4e08-86ca-04fafc7f8b20","local_time":"20210206115154","is_ascension_mode":false,"campfire_choices":[{"data":"Hologram","floor":6,"key":"SMITH"},{"data":"White Noise","floor":8,"key":"SMITH"},{"floor":11,"key":"REST"},{"floor":15,"key":"REST"},{"floor":23,"key":"REST"}],"circlet_count":0,"master_deck":["Strike_B","Strike_B","Strike_B","Strike_B","Defend_B","Defend_B","Defend_B","Defend_B","Zap","Dualcast","Stagnation:ReiMu","Defend_P","Streamline","White Noise+1","Hologram+1","Loop","White Noise","Recycle","Undo","BasicCrystalCard","White Noise+1","Ball Lightning","Conserve Battery","Coolheaded","Coolheaded","Streamline+1","Fusion","Sweeping Beam"],"relics":["Cracked Core","StoneCalendar","White Beast Statue","Chameleon Ring","Potion Belt","infinitespire:Beetle Shell","SacredBark","Prayer Wheel"],"acts_visited":["Exordium","TheCity"],"potions_floor_usage":[2,7,10,16,16,21,21,21,22,24,24],"damage_taken":[{"damage":2,"enemies":"2 Louse","floor":1,"turns":3},{"damage":15,"enemies":"infinitespire:Voidling","floor":2,"turns":5},{"damage":1,"enemies":"Jaw Worm","floor":3,"turns":4},{"damage":7,"enemies":"Lots of Slimes","floor":5,"turns":7},{"damage":12,"enemies":"2 Fungi Beasts","floor":7,"turns":3},{"damage":17,"enemies":"Lagavulin","floor":10,"turns":7},{"damage":21,"enemies":"3 Sentries","floor":12,"turns":7},{"damage":0,"enemies":"3 Louse","floor":13,"turns":2},{"damage":1,"enemies":"Large Slime","floor":14,"turns":7},{"damage":21,"enemies":"Fading Forest","floor":16,"turns":11},{"damage":16,"enemies":"2 Thieves","floor":18,"turns":4},{"damage":20,"enemies":"Spheric Guardian","floor":20,"turns":7},{"damage":18,"enemies":"3 Cultists","floor":21,"turns":5},{"damage":14,"enemies":"Shelled Parasite and Fungi","floor":22,"turns":6},{"damage":16,"enemies":"Cultist and Chosen","floor":24,"turns":7}],"seed_played":"7211107531193497420","potions_obtained":[{"floor":1,"key":"conspire:TimeTravelPotion"},{"floor":5,"key":"GrandPatriotsElixir:ReiMu"},{"floor":7,"key":"Strength Potion"},{"floor":10,"key":"GrandPatriotsElixir:ReiMu"},{"floor":12,"key":"BlessingOfTheForge"},{"floor":13,"key":"FocusPotion"},{"floor":14,"key":"Strength Potion"},{"floor":16,"key":"Ancient Potion"},{"floor":18,"key":"BlessingOfTheForge"},{"floor":19,"key":"Explosive Potion"},{"floor":20,"key":"EssenceOfDarkness"},{"floor":21,"key":"FocusPotion"},{"floor":22,"key":"ColorlessPotion"},{"floor":24,"key":"Weak Potion"}],"is_trial":false,"path_per_floor":["M","M","M","?","M","R","M","R","T","E","R","E","M","M","R","B",null,"M","?","M","M","M","R","M"],"character_chosen":"DEFECT","items_purchased":[],"campfire_rested":3,"item_purchase_floors":[],"current_hp_per_floor":[73,71,70,70,63,63,51,51,51,34,56,35,35,34,56,45,75,59,59,39,21,7,29,13,13],"gold":461,"neow_bonus":"ONE_RARE_RELIC","is_daily":false,"chose_seed":false,"campfire_upgraded":2,"win_rate":0.0,"timestamp":1612583514,"path_taken":["M","M","M","?","M","R","M","R","T","E","R","E","?","M","R","BOSS","M","?","M","?","M","R","M"],"items_purchased_type":[],"build_version":"2020-12-22","purchased_purges":0,"victory":false,"max_hp_per_floor":[75,75,75,75,75,75,75,75,75,75,75,75,75,75,75,75,75,75,75,75,75,75,75,75,75],"card_choices":[{"not_picked":["Barrage","ReplayTheSpireMod:Repulse"],"picked":"Streamline","floor":1},{"not_picked":["Go for the Eyes","Beam Cell"],"picked":"Conserve Battery","floor":2},{"not_picked":["Coolheaded","Hello World"],"picked":"White Noise","floor":3},{"not_picked":["Stack","Sunder"],"picked":"Hologram","floor":5},{"not_picked":["Multi-Cast","Turbo"],"picked":"Loop","floor":7},{"not_picked":["Reprogram","Hologram"],"picked":"White Noise","floor":10},{"not_picked":["ReplayTheSpireMod:Reroute Power","Steam"],"picked":"Recycle","floor":12},{"not_picked":["Scrape","Creative AI"],"picked":"Undo","floor":13},{"not_picked":["Go for the Eyes","Barrage"],"picked":"BasicCrystalCard","floor":14},{"not_picked":["Biased Cognition","Meteor Strike"],"picked":"ReplayTheSpireMod:Fabricate Wheel","floor":16},{"not_picked":["Redo","Barrage"],"picked":"White Noise+1","floor":18},{"not_picked":["Chaos","Barrage+1"],"picked":"Ball Lightning","floor":20},{"not_picked":["Streamline","Static Discharge+1"],"picked":"Conserve Battery","floor":20},{"not_picked":["Gash+1","Darkness"],"picked":"Coolheaded","floor":21},{"not_picked":["Consume+1","Beam Cell+1"],"picked":"Coolheaded","floor":21},{"not_picked":["ReplayTheSpireMod:Omega Cannon","Blizzard"],"picked":"Streamline+1","floor":22},{"not_picked":["Sweeping Beam","Genetic Algorithm","Turbo"],"picked":"SKIP","floor":22},{"not_picked":["Cold Snap","Panic Button"],"picked":"Fusion","floor":24},{"not_picked":["Panic Button","Redo"],"picked":"Sweeping Beam","floor":24}],"player_experience":129809,"relics_obtained":[{"floor":9,"key":"Chameleon Ring"},{"floor":10,"key":"Potion Belt"},{"floor":12,"key":"infinitespire:Beetle Shell"}],"event_choices":[{"cards_removed":["Conserve Battery"],"damage_healed":0,"gold_gain":0,"player_choice":"Gave Card","damage_taken":0,"relics_obtained":["White Beast Statue"],"max_hp_gain":0,"max_hp_loss":0,"event_name":"WeMeetAgain","floor":4,"gold_loss":0},{"damage_healed":0,"gold_gain":0,"player_choice":"Got Potions","damage_taken":0,"max_hp_gain":0,"max_hp_loss":0,"event_name":"Lab","floor":19,"gold_loss":0}],"is_beta":false,"boss_relics":[{"not_picked":["Velvet Choker","Busted Crown"],"picked":"SacredBark"}],"items_purged_floors":[],"is_endless":false,"potions_floor_spawned":[1,5,7,10,12,13,14,16,18,20,21,22,24],"killed_by":"Cultist and Chosen","ascension_level":0}}