{"host":"aqym1xxr3lb31d9m","time":1612581138,"event":{"mods":["BaseMod","Block Reminder","Colored Map","Colored Powertips","DeckTracker","Highlight Path","Minty Spire (QoL Compilation)","Quick Restart","Random Character Button","StSLib","SuperFastMode","UnlockEverythingMod"],"gold_per_floor":[361,377,389,389,441,441,468,491,517,546,546,344,344,361,361,435,435,454,471,521,78,78,78,109,109,182,20,20,20],"floor_reached":28,"language":"JPN","playtime":798,"items_purged":[],"score":534,"play_id":"f48c6211-76e8-42f7-9c5f-a8621df80e27","local_time":"20210206121218","is_ascension_mode":true,"campfire_choices":[{"data":"Go for the Eyes","floor":6,"key":"SMITH"},{"data":"Streamline","floor":11,"key":"SMITH"},{"data":"Fission","floor":13,"key":"SMITH"},{"data":"Loop","floor":15,"key":"SMITH"},{"floor":23,"key":"REST"},{"data":"Sunder","floor":25,"key":"SMITH"}],"circlet_count":0,"master_deck":["AscendersBane","Strike_B+1","Strike_B","Strike_B","Strike_B","Defend_B","Defend_B","Defend_B","Defend_B","Zap","Dualcast","Ball Lightning+1","Go for the Eyes+1","Loop+1","Streamline+1","Fission+1","Rip and Tear","Ball Lightning","Echo Form","CurseOfTheBell","Turbo","Sunder+1","Undo","Go for the Eyes"],"relics":["Cracked Core","Vajra","Bag of Preparation","Bag of Marbles","PreservedInsect","Whetstone","Happy Flower","Calling Bell","Omamori","Ornamental Fan","Calipers","Bottled Tornado","Runic Capacitor","Juzu Bracelet","Question Card"],"acts_visited":["Exordium","TheCity"],"potions_floor_usage":[7,10,24],"damage_taken":[{"damage":2,"enemies":"2 Louse","floor":1,"turns":4},{"damage":2,"enemies":"Jaw Worm","floor":2,"turns":3},{"damage":3,"enemies":"Cultist","floor":3,"turns":3},{"damage":10,"enemies":"Lagavulin","floor":7,"turns":6},{"damage":0,"enemies":"Gremlin Nob","floor":10,"turns":2},{"damage":0,"enemies":"Blue Slaver","floor":14,"turns":2},{"damage":23,"enemies":"Hexaghost","floor":16,"turns":6},{"damage":0,"enemies":"Shell Parasite","floor":18,"turns":1},{"damage":13,"enemies":"3 Byrds","floor":19,"turns":5},{"damage":33,"enemies":"Slavers","floor":24,"turns":4},{"damage":15,"enemies":"Centurion and Healer","floor":28,"turns":3}],"seed_played":"-2486732628821729149","potions_obtained":[{"floor":2,"key":"AttackPotion"},{"floor":3,"key":"Energy Potion"},{"floor":7,"key":"BlessingOfTheForge"},{"floor":10,"key":"ColorlessPotion"}],"is_trial":false,"path_per_floor":["M","M","M","?","T","R","E","T","T","E","R","$","R","M","R","B",null,"M","M","?","$","?","R","E","R","T","$","M"],"character_chosen":"DEFECT","items_purchased":["Happy Flower","Rip and Tear","Bottled Tornado","Runic Capacitor","FocusPotion","Undo","Go for the Eyes"],"campfire_rested":1,"item_purchase_floors":[12,12,21,21,27,27,27],"current_hp_per_floor":[62,60,57,50,50,50,40,40,40,40,40,40,40,40,40,17,58,58,45,45,45,25,47,14,14,14,14,0,0],"gold":20,"neow_bonus":"TWO_FIFTY_GOLD","is_daily":false,"chose_seed":false,"campfire_upgraded":5,"win_rate":0.0,"timestamp":1612581138,"path_taken":["M","M","M","?","?","R","E","?","T","E","R","$","R","M","R","BOSS","M","?","?","$","?","R","E","R","T","?","M"],"items_purchased_type":["Relic","Card","Relic","Relic","Potion","Card","Card"],"build_version":"2020-12-22","purchased_purges":0,"victory":false,"max_hp_per_floor":[71,71,71,71,71,71,71,71,71,71,71,71,71,71,71,71,71,71,71,71,71,76,76,76,76,76,76,76,76],"card_choices":[{"not_picked":["Recycle","Force Field"],"picked":"Ball Lightning","floor":1},{"not_picked":["Gash","Redo"],"picked":"Go for the Eyes","floor":2},{"not_picked":["Rainbow","Storm"],"picked":"Loop","floor":3},{"not_picked":["Heatsinks","Compile Driver"],"picked":"Streamline","floor":7},{"not_picked":["Gash","Sweeping Beam"],"picked":"Fission","floor":10},{"not_picked":["Gash","Barrage"],"picked":"Ball Lightning","floor":14},{"not_picked":["Thunder Strike","Reboot"],"picked":"Echo Form","floor":16},{"not_picked":["Rebound","Hello World","Streamline"],"picked":"SKIP","floor":18},{"not_picked":["Rebound","Stack"],"picked":"Turbo","floor":19},{"not_picked":["Tempest","Leap"],"picked":"Sunder","floor":24}],"player_experience":4181803,"relics_obtained":[{"floor":5,"key":"Vajra"},{"floor":7,"key":"Bag of Preparation"},{"floor":8,"key":"Bag of Marbles"},{"floor":9,"key":"PreservedInsect"},{"floor":10,"key":"Whetstone"},{"floor":17,"key":"Omamori"},{"floor":17,"key":"Ornamental Fan"},{"floor":17,"key":"Calipers"},{"floor":24,"key":"Juzu Bracelet"},{"floor":26,"key":"Question Card"}],"event_choices":[{"cards_removed":["Decay"],"damage_healed":0,"gold_gain":0,"player_choice":"Card Removal","damage_taken":7,"max_hp_gain":0,"max_hp_loss":0,"event_name":"Golden Wing","floor":4,"gold_loss":0},{"damage_healed":0,"gold_gain":50,"player_choice":"Stole From Cult","damage_taken":0,"max_hp_gain":0,"max_hp_loss":0,"event_name":"Nest","floor":20,"gold_loss":0},{"damage_healed":0,"gold_gain":0,"player_choice":"Shed Blood","damage_taken":25,"max_hp_gain":5,"max_hp_loss":0,"event_name":"Forgotten Altar","floor":22,"gold_loss":0}],"is_beta":false,"boss_relics":[{"not_picked":["Velvet Choker","Runic Dome"],"picked":"Calling Bell"}],"items_purged_floors":[],"is_endless":false,"potions_floor_spawned":[2,3,7,10],"killed_by":"Centurion and Healer","ascension_level":20}}