{"host":"ydg0vn0pu4pubmdt","time":1612613990,"event":{"mods":["AchievementEnabler","BaseMod","Colored Map","Gold Saver","Minty Spire (QoL Compilation)","Quick Restart","SuperFastMode"],"gold_per_floor":[940,519,529,529,549,549,585,585,585,585,618,618,636,672,672,761,761,776,776,792,812,812,812,812],"floor_reached":23,"language":"KOR","playtime":581,"items_purged":["Strike_P"],"score":468,"play_id":"a5f706a2-fc1c-4d58-a410-5b4c9a356470","local_time":"20210206211950","is_ascension_mode":true,"campfire_choices":[{"data":"Eruption","floor":6,"key":"SMITH"},{"data":"Conclude","floor":10,"key":"SMITH"},{"floor":15,"key":"REST"}],"circlet_count":0,"master_deck":["AscendersBane","Strike_P+1","Strike_P+1","Strike_P+1","Defend_P+1","Defend_P+1","Defend_P+1","Defend_P+1","Eruption+1","Vigilance","Conclude+1","CrushJoints","EmptyFist","SignatureMove","Wallop","Ragnarok","EmptyBody+1","Halt+1"],"relics":["Black Star","Shuriken","Golden Idol","Unceasing Top","Mummified Hand","Blue Candle","War Paint","InkBottle","Shovel","Toxic Egg 2","Omamori","Philosopher\u0027s Stone"],"acts_visited":["Exordium","TheCity"],"potions_floor_usage":[7,11,18],"damage_taken":[{"damage":10,"enemies":"Cultist","floor":1,"turns":5},{"damage":2,"enemies":"Jaw Worm","floor":3,"turns":4},{"damage":0,"enemies":"Small Slimes","floor":5,"turns":2},{"damage":0,"enemies":"Gremlin Nob","floor":7,"turns":2},{"damage":24,"enemies":"Lagavulin","floor":11,"turns":7},{"damage":5,"enemies":"Blue Slaver","floor":13,"turns":2},{"damage":5,"enemies":"3 Sentries","floor":14,"turns":4},{"damage":27,"enemies":"The Guardian","floor":16,"turns":8},{"damage":15,"enemies":"3 Byrds","floor":18,"turns":3},{"damage":18,"enemies":"Shell Parasite","floor":20,"turns":7},{"damage":2,"enemies":"Snecko","floor":21,"turns":4},{"damage":23,"enemies":"Gremlin Leader","floor":23,"turns":2}],"seed_played":"-612076493274263418","potions_obtained":[{"floor":1,"key":"SpeedPotion"},{"floor":5,"key":"LiquidMemories"},{"floor":13,"key":"GamblersBrew"},{"floor":16,"key":"LiquidMemories"},{"floor":20,"key":"LiquidBronze"}],"is_trial":false,"path_per_floor":["M","$","M","?","M","R","E","?","T","R","E","?","M","E","R","B",null,"M","?","M","M","?","E"],"character_chosen":"WATCHER","items_purchased":["Shuriken","Conclude"],"campfire_rested":1,"item_purchase_floors":[2,2],"current_hp_per_floor":[51,51,49,49,49,49,49,49,49,49,25,20,15,10,28,1,47,32,32,14,12,12,0,0],"gold":812,"neow_bonus":"BOSS_RELIC","is_daily":false,"chose_seed":false,"campfire_upgraded":2,"win_rate":0.0,"timestamp":1612613990,"path_taken":["M","$","M","?","M","R","E","?","T","R","E","?","M","E","R","BOSS","M","?","M","M","?","E"],"items_purchased_type":["Relic","Card"],"build_version":"2020-12-22","purchased_purges":1,"victory":false,"max_hp_per_floor":[68,68,68,62,62,62,62,62,62,62,62,62,62,62,62,62,62,62,62,62,62,62,62,62],"card_choices":[{"not_picked":["Weave","SashWhip","ClearTheMind"],"picked":"SKIP","floor":1},{"not_picked":["ClearTheMind","Consecrate","Crescendo"],"picked":"SKIP","floor":3},{"not_picked":["Study","Indignation"],"picked":"CrushJoints","floor":5},{"not_picked":["EmptyBody","Omniscience"],"picked":"EmptyFist","floor":7},{"not_picked":["JustLucky","Nirvana"],"picked":"SignatureMove","floor":11},{"not_picked":["EmptyFist","BowlingBash"],"picked":"Wallop","floor":13},{"not_picked":["PathToVictory+1","CrushJoints","CarveReality"],"picked":"SKIP","floor":14},{"not_picked":["DevaForm","LessonLearned"],"picked":"Ragnarok","floor":16},{"not_picked":["Halt+1","SashWhip"],"picked":"EmptyBody+1","floor":18},{"not_picked":["BowlingBash","Evaluate+1"],"picked":"Halt+1","floor":20},{"not_picked":["WaveOfTheHand+1","EmptyBody+1","Consecrate"],"picked":"SKIP","floor":21}],"player_experience":649164,"relics_obtained":[{"floor":7,"key":"Unceasing Top"},{"floor":7,"key":"Mummified Hand"},{"floor":9,"key":"Blue Candle"},{"floor":11,"key":"War Paint"},{"floor":11,"key":"InkBottle"},{"floor":14,"key":"Toxic Egg 2"},{"floor":14,"key":"Omamori"}],"event_choices":[{"damage_healed":0,"gold_gain":0,"player_choice":"Lose Max HP","damage_taken":0,"relics_obtained":["Golden Idol"],"max_hp_gain":0,"max_hp_loss":6,"event_name":"Golden Idol","floor":4,"gold_loss":0},{"damage_healed":0,"gold_gain":0,"player_choice":"Ignored","damage_taken":0,"max_hp_gain":0,"max_hp_loss":0,"event_name":"Liars Game","floor":8,"gold_loss":0},{"damage_healed":0,"gold_gain":0,"player_choice":"Success","damage_taken":5,"relics_obtained":["Shovel"],"max_hp_gain":0,"max_hp_loss":0,"event_name":"Scrap Ooze","floor":12,"gold_loss":0},{"damage_healed":0,"gold_gain":0,"player_choice":"Ignored","damage_taken":0,"max_hp_gain":0,"max_hp_loss":0,"event_name":"Vampires","floor":19,"gold_loss":0},{"damage_healed":0,"gold_gain":0,"player_choice":"Simplicity","damage_taken":0,"max_hp_gain":0,"max_hp_loss":0,"event_name":"Back to Basics","floor":22,"gold_loss":0,"cards_upgraded":["Strike_P","Strike_P","Strike_P","Defend_P","Defend_P"]}],"is_beta":false,"boss_relics":[{"not_picked":["Velvet Choker","SacredBark"],"picked":"Philosopher\u0027s Stone"}],"items_purged_floors":[2],"is_endless":false,"potions_floor_spawned":[1,5,13,16,20],"killed_by":"Gremlin Leader","ascension_level":20}}