{"host":"Jinnai","time":1612628982,"event":{"mods":["BaseMod","Bestiary","Block Reminder","Colored Map","Colored Powertips","Curses Come First","Highlight Path","Minty Spire (QoL Compilation)","Permanent Neow","Potion Indicator Mod","Quick Restart","Random Character Button","Relic Stats","StSLib","ojb\u0027s Info Mod"],"gold_per_floor":[119,119,135,151,165,200,200,229,276,289,289,299,299,309,309,383,383,399,6,6,6,23,49,78,90,102,147,159,248,260,291,303,389,401,432,444,456,468,46,46,46],"floor_reached":40,"language":"ENG","playtime":1757,"items_purged":["Strike_B","Defend_B"],"score":868,"play_id":"1f614e6c-07b8-4778-a9b5-0206562ec5f0","local_time":"20210206112942","is_ascension_mode":true,"campfire_choices":[{"floor":7,"key":"REST"},{"floor":11,"key":"REST"},{"floor":13,"key":"REST"},{"data":"Meteor Strike","floor":15,"key":"SMITH"},{"data":"Defragment","floor":25,"key":"SMITH"},{"data":"Buffer","floor":28,"key":"SMITH"},{"data":"Chaos","floor":30,"key":"SMITH"},{"data":"Sunder","floor":32,"key":"SMITH"}],"circlet_count":0,"master_deck":["AscendersBane","Defend_B","Defend_B","Defend_B","Zap+1","Dualcast","Conserve Battery+1","Chaos+1","Ball Lightning","Genetic Algorithm","Creative AI","Meteor Strike+1","Reinforced Body","All For One","Self Repair+1","Multi-Cast+1","Self Repair+1","Sunder+1","Defragment+1","Buffer+1","Ball Lightning+1","Thunder Strike+1","Consume+1","Core Surge+1"],"relics":["Snecko Eye","Blue Candle","Kunai","Akabeko","Astrolabe","Chemical X","Happy Flower","MawBank","War Paint","Boot","Molten Egg 2","Inserter","Bottled Tornado","Membership Card","Ornamental Fan"],"acts_visited":["Exordium","TheCity","TheBeyond"],"potions_floor_usage":[8,12,27,40],"damage_taken":[{"damage":7,"enemies":"Jaw Worm","floor":1,"turns":4},{"damage":7,"enemies":"Small Slimes","floor":3,"turns":4},{"damage":1,"enemies":"Cultist","floor":4,"turns":3},{"damage":30,"enemies":"Exordium Thugs","floor":5,"turns":5},{"damage":18,"enemies":"Lagavulin","floor":6,"turns":7},{"damage":17,"enemies":"3 Sentries","floor":8,"turns":4},{"damage":5,"enemies":"Blue Slaver","floor":10,"turns":3},{"damage":10,"enemies":"Gremlin Gang","floor":12,"turns":4},{"damage":1,"enemies":"Looter","floor":14,"turns":2},{"damage":20,"enemies":"The Guardian","floor":16,"turns":9},{"damage":19,"enemies":"Shell Parasite","floor":18,"turns":5},{"damage":6,"enemies":"3 Byrds","floor":22,"turns":5},{"damage":19,"enemies":"Slavers","floor":23,"turns":5},{"damage":5,"enemies":"3 Cultists","floor":24,"turns":5},{"damage":19,"enemies":"Book of Stabbing","floor":27,"turns":3},{"damage":11,"enemies":"Sentry and Sphere","floor":31,"turns":6},{"damage":7,"enemies":"Champ","floor":33,"turns":12},{"damage":0,"enemies":"3 Shapes","floor":35,"turns":5},{"damage":109,"enemies":"Reptomancer","floor":40,"turns":3}],"seed_played":"-8481170600478206994","potions_obtained":[{"floor":3,"key":"LiquidBronze"},{"floor":6,"key":"PowerPotion"},{"floor":8,"key":"Explosive Potion"},{"floor":18,"key":"Ancient Potion"},{"floor":27,"key":"AttackPotion"}],"is_trial":false,"path_per_floor":["M","?","M","M","M","E","R","E","T","M","R","M","R","M","R","B",null,"M","$","?","?","M","E","M","R","T","E","R","T","R","M","R","B",null,"M","?","?","T","$","E"],"character_chosen":"DEFECT","items_purchased":["Chemical X","Happy Flower","Membership Card","Core Surge+1","Ornamental Fan"],"campfire_rested":3,"item_purchase_floors":[19,19,39,39,39],"current_hp_per_floor":[57,62,55,54,24,6,28,11,11,6,28,18,40,39,39,19,62,73,73,51,51,65,66,81,81,81,72,72,72,72,81,81,81,81,81,81,77,77,77,0,0],"gold":46,"neow_bonus":"BOSS_RELIC","is_daily":false,"chose_seed":false,"campfire_upgraded":5,"win_rate":0.0,"timestamp":1612628982,"path_taken":["M","?","M","M","M","E","R","E","T","M","R","M","R","M","R","BOSS","M","$","?","?","M","E","M","R","T","E","R","?","R","M","R","BOSS","M","?","?","?","$","E"],"items_purchased_type":["Relic","Relic","Relic","Card","Relic"],"build_version":"2020-12-18","purchased_purges":2,"victory":false,"max_hp_per_floor":[71,76,76,76,76,76,76,76,76,76,76,76,76,76,76,76,76,76,76,81,81,81,81,81,81,81,81,81,81,81,81,81,81,81,81,81,77,77,77,77,77],"relic_stats":{"Inserter":[4],"Happy Flower":[14],"counters":[19,94],"Blue Candle":[0],"Astrolabe":["Self Repair","Multi-Cast","Self Repair"],"War Paint":["Zap","Conserve Battery"],"MawBank":192,"Boot":[8],"Ornamental Fan":[0],"Snecko Eye":[139,144,176,139],"Kunai":[15],"Chemical X":[20],"obtain_stats":[{"Inserter":34,"Happy Flower":19,"Blue Candle":6,"Astrolabe":17,"War Paint":26,"Bottled Tornado":38,"MawBank":23,"Boot":27,"Akabeko":9,"Ornamental Fan":39,"Snecko Eye":0,"Molten Egg 2":29,"Kunai":8,"Chemical X":19,"Membership Card":39,"Cracked Core":0},{"Inserter":17,"Happy Flower":11,"Blue Candle":5,"Astrolabe":10,"War Paint":14,"Bottled Tornado":18,"MawBank":13,"Boot":15,"Akabeko":6,"Ornamental Fan":18,"Snecko Eye":0,"Molten Egg 2":15,"Kunai":6,"Chemical X":11,"Membership Card":18,"Cracked Core":0},{"Inserter":86,"Happy Flower":50,"Blue Candle":23,"Astrolabe":45,"War Paint":65,"Bottled Tornado":91,"MawBank":60,"Boot":68,"Akabeko":27,"Ornamental Fan":91,"Snecko Eye":0,"Molten Egg 2":68,"Kunai":27,"Chemical X":50,"Membership Card":91,"Cracked Core":0}]},"card_choices":[{"not_picked":["Go for the Eyes","Steam Power"],"picked":"Conserve Battery","floor":1},{"not_picked":["Go for the Eyes","Auto Shields"],"picked":"Chaos","floor":3},{"not_picked":["Beam Cell","Capacitor"],"picked":"Ball Lightning","floor":4},{"not_picked":["Chill","Self Repair"],"picked":"Genetic Algorithm","floor":5},{"not_picked":["Blizzard","Fission"],"picked":"Creative AI","floor":6},{"not_picked":["Go for the Eyes","Compile Driver"],"picked":"Cold Snap","floor":8},{"not_picked":["Steam","Cold Snap","Scrape"],"picked":"SKIP","floor":10},{"not_picked":["Ball Lightning","Barrage"],"picked":"Meteor Strike","floor":12},{"not_picked":["Go for the Eyes","Barrage"],"picked":"Reinforced Body","floor":14},{"not_picked":["Seek","Machine Learning"],"picked":"All For One","floor":16},{"not_picked":["Streamline","Storm","Redo"],"picked":"SKIP","floor":18},{"not_picked":["Reprogram","White Noise","Blizzard"],"picked":"SKIP","floor":22},{"not_picked":["Turbo+1","Sweeping Beam"],"picked":"Sunder","floor":23},{"not_picked":["Consume","Streamline"],"picked":"Defragment","floor":24},{"not_picked":["Stack","Force Field"],"picked":"Buffer","floor":27},{"not_picked":["Genetic Algorithm","Streamline+1"],"picked":"Ball Lightning+1","floor":31},{"not_picked":["All For One+1","Creative AI"],"picked":"Thunder Strike+1","floor":33},{"not_picked":["Streamline+1","Genetic Algorithm"],"picked":"Consume+1","floor":35}],"player_experience":1658918,"relics_obtained":[{"floor":6,"key":"Blue Candle"},{"floor":8,"key":"Kunai"},{"floor":9,"key":"Akabeko"},{"floor":23,"key":"MawBank"},{"floor":26,"key":"War Paint"},{"floor":27,"key":"Boot"},{"floor":29,"key":"Molten Egg 2"},{"floor":38,"key":"Bottled Tornado"}],"event_choices":[{"damage_healed":0,"gold_gain":0,"player_choice":"Donut","damage_taken":0,"max_hp_gain":5,"max_hp_loss":0,"event_name":"Big Fish","floor":2,"gold_loss":0},{"damage_healed":0,"gold_gain":0,"player_choice":"Shed Blood","damage_taken":27,"max_hp_gain":5,"max_hp_loss":0,"event_name":"Forgotten Altar","floor":20,"gold_loss":0},{"damage_healed":0,"gold_gain":0,"player_choice":"Ignored","damage_taken":0,"max_hp_gain":0,"max_hp_loss":0,"event_name":"Vampires","floor":21,"gold_loss":0},{"cards_removed":["Cold Snap"],"damage_healed":0,"gold_gain":0,"player_choice":"Removed Attack","damage_taken":0,"max_hp_gain":0,"max_hp_loss":0,"event_name":"Falling","floor":36,"gold_loss":0},{"damage_healed":0,"gold_gain":0,"player_choice":"Max HP","damage_taken":0,"max_hp_gain":0,"max_hp_loss":4,"event_name":"Winding Halls","floor":37,"gold_loss":0}],"is_beta":true,"boss_relics":[{"not_picked":["Busted Crown","Calling Bell"],"picked":"Astrolabe"},{"not_picked":["Black Star","Runic Pyramid"],"picked":"Inserter"}],"items_purged_floors":[19,39],"is_endless":false,"potions_floor_spawned":[3,6,8,10,18,24,27,33],"killed_by":"Reptomancer","ascension_level":20}}