{"host":"k5fgrtcqzqosfxt0","time":1612605516,"event":{"mods":["Act Like it!","Aspiration","BaseMod","Downfall","Gensokyo","Minty Spire (QoL Compilation)","StSLib","TestMod","The Runesmith","UnlockEverythingMod"],"gold_per_floor":[119,49,49,3,14,14,44,44,97,97,414,414,429,655,655,655,655],"floor_reached":16,"language":"ZHS","playtime":772,"items_purged":[],"score":246,"play_id":"c22c052c-3634-4ce8-80db-e24e1a5b20d8","local_time":"20210206175836","is_ascension_mode":true,"campfire_choices":[{"data":"Dualcast","floor":6.0,"key":"SMITH"},{"data":"Coolheaded","floor":8.0,"key":"SMITH"},{"data":"Zap","floor":15,"key":"SMITH"}],"circlet_count":0,"master_deck":["AscendersBane","Strike_B","Strike_B","Strike_B","Strike_B","Defend_B+1","Defend_B+1","Defend_B","Defend_B","Zap+1","Dualcast+1","Glacier","Heatsinks","Coolheaded+1","Seek"],"relics":["Cracked Core","testmod-TestBox","NeowsBlessing","testmod-EqualTreatment","MealTicket","aspiration:ArtOfWarUpgrade","Happy Flower"],"acts_visited":["Exordium"],"potions_floor_usage":[16],"damage_taken":[{"damage":0.0,"enemies":"Gensokyo:Gryphon","floor":1.0,"turns":1.0},{"damage":5.0,"enemies":"Gensokyo:2_Kodama","floor":5.0,"turns":2.0},{"damage":0.0,"enemies":"Gensokyo:Mamizou","floor":7.0,"turns":2.0},{"damage":0.0,"enemies":"Gensokyo:Python","floor":11.0,"turns":6.0},{"damage":26.0,"enemies":"Gensokyo:2_Rabbits","floor":13.0,"turns":5.0},{"damage":13,"enemies":"Gensokyo:Aya","floor":14,"turns":6},{"damage":37,"enemies":"Gensokyo:Reimu","floor":16,"turns":14}],"seed_played":"-5880258500850449082","potions_obtained":[{"floor":1.0,"key":"Fire Potion"},{"floor":5.0,"key":"FairyPotion"},{"floor":11.0,"key":"champ:CounterPotion"}],"is_trial":false,"path_per_floor":["M","?","?","COS","M","R","E","R","T","R","M","R","M","?","R","B"],"character_chosen":"DEFECT","items_purchased":[],"campfire_rested":0,"item_purchase_floors":[],"current_hp_per_floor":[64,64,71,71,66,66,66,66,66,66,66,66,40,27,27,23,23],"gold":655,"neow_bonus":"THREE_ENEMY_KILL","is_daily":false,"chose_seed":false,"campfire_upgraded":3,"win_rate":0.0,"timestamp":1612605516,"path_taken":["M","?","?","COS","M","R","E","R","T","R","M","R","M","?","R","BOSS"],"items_purchased_type":[],"build_version":"2020-12-22","purchased_purges":0,"victory":false,"max_hp_per_floor":[71,71,78,78,78,78,78,78,78,78,78,78,78,78,78,78,78],"card_choices":[{"not_picked":["Hello World","Storm"],"picked":"Glacier","floor":1.0},{"not_picked":["Redo","Genetic Algorithm"],"picked":"Heatsinks","floor":5.0},{"not_picked":["Gash","Force Field"],"picked":"Coolheaded","floor":7.0},{"not_picked":["Sweeping Beam","Stack"],"picked":"Seek","floor":11.0},{"not_picked":["FTL","Rebound","Cold Snap"],"picked":"SKIP","floor":13.0},{"not_picked":["Sweeping Beam","aspiration:Polymerization","Cold Snap"],"picked":"SKIP","floor":14}],"player_experience":627255,"relics_obtained":[{"floor":7.0,"key":"MealTicket"},{"floor":9.0,"key":"Art of War"},{"floor":14,"key":"Happy Flower"}],"event_choices":[],"is_beta":false,"boss_relics":[],"items_purged_floors":[],"is_endless":false,"potions_floor_spawned":[1,5,11,14],"killed_by":"Gensokyo:Reimu","ascension_level":20}}