{"host":"utqe55yv0jihe4d6","time":1612591646,"event":{"mods":["2.2 Compatiblity","AchievementEnabler","BaseMod","Block Reminder","Colored Map","Colored Powertips","Minty Spire (QoL Compilation)","Quick Restart","Rare Cards Sparkle","Relic Stats","SuperFastMode"],"gold_per_floor":[116,116,41,41,41,41,85,85,112,112,148,163,184,208,208,208,208],"floor_reached":16,"language":"ENG","playtime":245,"items_purged":["Strike_B"],"score":316,"play_id":"dd72e1a7-1c51-4812-b126-a9fcfc676e7c","local_time":"20210206010726","is_ascension_mode":true,"campfire_choices":[{"data":"Sunder","floor":6,"key":"SMITH"},{"data":"Coolheaded","floor":8,"key":"SMITH"},{"floor":10,"key":"REST"},{"data":"Seek","floor":15,"key":"SMITH"}],"circlet_count":0,"master_deck":["AscendersBane","Strike_B","Strike_B","Strike_B","Defend_B","Defend_B","Defend_B","Defend_B","Zap","Dualcast","Sunder+1","Coolheaded+1","Conserve Battery","Seek+1","Cold Snap","Cold Snap","Hologram"],"relics":["Cracked Core","NeowsBlessing","Golden Idol","PreservedInsect","HornCleat","Dream Catcher","Happy Flower"],"acts_visited":["Exordium"],"potions_floor_usage":[16],"damage_taken":[{"damage":0,"enemies":"2 Louse","floor":1,"turns":1},{"damage":0,"enemies":"3 Sentries","floor":7,"turns":1},{"damage":0,"enemies":"Gremlin Nob","floor":11,"turns":1},{"damage":0,"enemies":"Jaw Worm","floor":12,"turns":4},{"damage":0,"enemies":"Small Slimes","floor":13,"turns":4},{"damage":0,"enemies":"2 Fungi Beasts","floor":14,"turns":3},{"damage":70,"enemies":"Slime Boss","floor":16,"turns":8}],"seed_played":"3249026912001691125","potions_obtained":[{"floor":7,"key":"SmokeBomb"},{"floor":14,"key":"Regen Potion"}],"is_trial":false,"path_per_floor":["M","?","$","?","?","R","E","R","T","R","E","M","M","M","R","B"],"character_chosen":"DEFECT","items_purchased":[],"campfire_rested":1,"item_purchase_floors":[],"current_hp_per_floor":[64,64,64,64,38,38,38,38,38,57,57,57,57,57,57,0,0],"gold":208,"neow_bonus":"THREE_ENEMY_KILL","is_daily":false,"chose_seed":false,"campfire_upgraded":3,"win_rate":0.0,"timestamp":1612591646,"path_taken":["M","?","$","?","?","R","E","R","T","R","E","M","M","M","R","BOSS"],"items_purchased_type":[],"build_version":"2020-12-22","purchased_purges":1,"victory":false,"max_hp_per_floor":[71,64,64,64,64,64,64,64,64,64,64,64,64,64,64,64,64],"relic_stats":{"Dream Catcher":1,"Happy Flower":[6],"counters":[7,22],"Golden Idol":28,"PreservedInsect":0,"obtain_stats":[{"Dream Catcher":9,"HornCleat":7,"NeowsBlessing":0,"Happy Flower":11,"Golden Idol":2,"PreservedInsect":5,"Cracked Core":0},{"Dream Catcher":2,"HornCleat":2,"NeowsBlessing":0,"Happy Flower":3,"Golden Idol":1,"PreservedInsect":1,"Cracked Core":0},{"Dream Catcher":2,"HornCleat":2,"NeowsBlessing":0,"Happy Flower":3,"Golden Idol":1,"PreservedInsect":1,"Cracked Core":0}]},"card_choices":[{"not_picked":["Turbo","Beam Cell"],"picked":"Sunder","floor":1},{"not_picked":["Compile Driver","Redo"],"picked":"Coolheaded","floor":7},{"not_picked":["Streamline","Redo"],"picked":"Conserve Battery","floor":10},{"not_picked":["Meteor Strike","Chaos"],"picked":"Seek","floor":11},{"not_picked":["White Noise","Heatsinks"],"picked":"Cold Snap","floor":12},{"not_picked":["Double Energy","Redo"],"picked":"Cold Snap","floor":13},{"not_picked":["Force Field","Steam Power"],"picked":"Hologram","floor":14}],"player_experience":3030615,"relics_obtained":[{"floor":7,"key":"HornCleat"},{"floor":9,"key":"Dream Catcher"},{"floor":11,"key":"Happy Flower"}],"event_choices":[{"damage_healed":0,"gold_gain":0,"player_choice":"Lose Max HP","damage_taken":0,"relics_obtained":["Golden Idol"],"max_hp_gain":0,"max_hp_loss":7,"event_name":"Golden Idol","floor":2,"gold_loss":0},{"damage_healed":0,"gold_gain":0,"player_choice":"Ignored","damage_taken":0,"max_hp_gain":0,"max_hp_loss":0,"event_name":"Liars Game","floor":4,"gold_loss":0},{"damage_healed":0,"gold_gain":0,"player_choice":"Success","damage_taken":26,"relics_obtained":["PreservedInsect"],"max_hp_gain":0,"max_hp_loss":0,"event_name":"Scrap Ooze","floor":5,"gold_loss":0}],"is_beta":false,"boss_relics":[],"items_purged_floors":[3],"is_endless":false,"potions_floor_spawned":[7,14],"killed_by":"Slime Boss","ascension_level":20}}