{"host":"e14va605tljgvqtz","time":1612574330,"event":{"mods":["BaseMod","Colored Map","DeckTracker","Highlight Path","Minty Spire (QoL Compilation)","Relic Stats"],"gold_per_floor":[111,128,145,81,98,131,143,161,188,44,44,44,59,84,84,159,159,172,191,191,116,116,145,145,162,162,174,209,209,229,72,72,149,149,161,174,174,174,17,43,43,71,71,104,104,104,104,116,116,116,116,116,15,15,15],"floor_reached":54,"language":"ENG","playtime":2678,"items_purged":["Havoc"],"score":1343,"play_id":"d8af6053-53cc-4515-a66b-f3c6ebb84ee8","local_time":"20210205171850","is_ascension_mode":true,"campfire_choices":[{"data":"Bash","floor":12.0,"key":"SMITH"},{"data":"Battle Trance","floor":15.0,"key":"SMITH"},{"data":"Feed","floor":24.0,"key":"SMITH"},{"data":"Inflame","floor":32,"key":"SMITH"},{"data":"Limit Break","floor":41,"key":"SMITH"},{"floor":46,"key":"RECALL"},{"data":"Second Wind","floor":49,"key":"SMITH"},{"data":"Power Through","floor":52,"key":"SMITH"}],"circlet_count":0,"master_deck":["AscendersBane","Bash+1","Anger","Battle Trance+1","Anger","True Grit","Ghostly Armor","Limit Break","Reaper","Reaper","Metallicize","Cleave","Fiend Fire","Feed+1","Twin Strike","Limit Break+1","Flame Barrier","Dropkick","Power Through+1","RitualDagger","Flame Barrier","Second Wind+1","Disarm","Fire Breathing","Inflame+1","Shrug It Off","Spot Weakness+1","Cleave","Shrug It Off+1"],"relics":["Coffee Dripper","Juzu Bracelet","Red Skull","Pen Nib","Potion Belt","Pandora\u0027s Box","Tiny Chest","Darkstone Periapt","Enchiridion","Black Star","Anchor","Boot","Toy Ornithopter","Question Card","Bird Faced Urn","Prayer Wheel","Shuriken","Blood Vial","Lantern"],"acts_visited":["TheCity","TheBeyond","TheEnding"],"potions_floor_usage":[30,40,54,54],"damage_taken":[{"damage":7.0,"enemies":"Jaw Worm","floor":1.0,"turns":3.0},{"damage":1.0,"enemies":"Cultist","floor":2.0,"turns":3.0},{"damage":10.0,"enemies":"2 Louse","floor":3.0,"turns":2.0},{"damage":2.0,"enemies":"Exordium Wildlife","floor":5.0,"turns":4.0},{"damage":20.0,"enemies":"Lagavulin","floor":6.0,"turns":4.0},{"damage":1.0,"enemies":"3 Louse","floor":7.0,"turns":2.0},{"damage":7.0,"enemies":"Exordium Thugs","floor":8.0,"turns":3.0},{"damage":3.0,"enemies":"Blue Slaver","floor":13.0,"turns":2.0},{"damage":10.0,"enemies":"Gremlin Nob","floor":14.0,"turns":3.0},{"damage":16.0,"enemies":"The Guardian","floor":16.0,"turns":7.0},{"damage":24.0,"enemies":"2 Thieves","floor":18.0,"turns":5.0},{"damage":0.0,"enemies":"Chosen","floor":19.0,"turns":4.0},{"damage":27.0,"enemies":"Book of Stabbing","floor":23.0,"turns":5.0},{"damage":17.0,"enemies":"Snake Plant","floor":25.0,"turns":3.0},{"damage":0,"enemies":"Chosen and Byrds","floor":27,"turns":5},{"damage":49,"enemies":"Slavers","floor":28,"turns":6},{"damage":6,"enemies":"Shelled Parasite and Fungi","floor":30,"turns":6},{"damage":66,"enemies":"Automaton","floor":33,"turns":8},{"damage":0,"enemies":"Orb Walker","floor":35,"turns":3},{"damage":11,"enemies":"3 Shapes","floor":36,"turns":4},{"damage":99,"enemies":"Reptomancer","floor":40,"turns":6},{"damage":14,"enemies":"Giant Head","floor":42,"turns":7},{"damage":81,"enemies":"Reptomancer","floor":44,"turns":6},{"damage":23,"enemies":"Spire Growth","floor":48,"turns":4},{"damage":77,"enemies":"Donu and Deca","floor":50,"turns":7},{"damage":110,"enemies":"Shield and Spear","floor":54,"turns":4}],"seed_played":"-623920705262282590","potions_obtained":[{"floor":2.0,"key":"FairyPotion"},{"floor":5.0,"key":"Swift Potion"},{"floor":7.0,"key":"SkillPotion"},{"floor":16.0,"key":"LiquidBronze"},{"floor":18.0,"key":"LiquidMemories"},{"floor":27,"key":"FairyPotion"},{"floor":28,"key":"SpeedPotion"},{"floor":33,"key":"Strength Potion"},{"floor":35,"key":"Block Potion"},{"floor":40,"key":"Energy Potion"}],"is_trial":false,"path_per_floor":["M","M","M","?","M","E","M","M","T","$","$","R","M","E","R","B",null,"M","M","?","?","?","E","R","M","T","M","E","?","M","$","R","B",null,"M","M","?","?","$","E","R","E","T","E","T","R","?","M","R","B",null,"R","$","E"],"character_chosen":"IRONCLAD","items_purchased":["Limit Break","Inflame","Anchor","Dexterity Potion","Fire Potion"],"campfire_rested":0,"item_purchase_floors":[10,31,39,53,53],"current_hp_per_floor":[61,60,50,50,48,28,27,20,20,20,20,20,17,14,14,13,60,49,52,46,46,46,36,36,33,33,57,56,40,68,68,68,49,90,90,93,83,83,83,16,16,11,11,31,31,31,31,82,82,25,81,81,81,0,0],"gold":15,"neow_bonus":"BOSS_RELIC","is_daily":false,"chose_seed":false,"campfire_upgraded":7,"win_rate":0.0,"timestamp":1612574330,"path_taken":["M","M","M","?","M","E","M","M","T","?","$","R","M","E","R","BOSS","M","M","?","?","?","E","R","M","T","M","E","?","M","$","R","BOSS","M","M","?","?","$","E","R","E","T","E","?","R","?","M","R","BOSS","R","$","E"],"items_purchased_type":["Card","Card","Relic","Potion","Potion"],"build_version":"2020-12-22","purchased_purges":1,"victory":false,"max_hp_per_floor":[75,75,75,75,75,75,75,75,75,75,75,75,75,75,75,75,75,78,81,81,81,81,84,84,88,88,92,96,96,100,100,100,104,104,104,104,104,104,104,104,104,104,104,104,104,104,99,99,99,99,99,99,99,99,99],"relic_stats":{"Darkstone Periapt":0,"counters":[26,116],"Pen Nib":[16],"Juzu Bracelet":1,"Boot":[4],"Question Card":3,"Blood Vial":6,"Shuriken":[4],"Bird Faced Urn":[28],"Pandora\u0027s Box":["Metallicize","Cleave","Fiend Fire","Havoc","Feed","Twin Strike","Limit Break","Flame Barrier","Dropkick"],"Tiny Chest":1,"Prayer Wheel":1,"Black Star":3,"obtain_stats":[{"Potion Belt":14,"Darkstone Periapt":28,"Lantern":45,"Enchiridion":29,"Pen Nib":9,"Juzu Bracelet":4,"Boot":40,"Question Card":42,"Burning Blood":0,"Blood Vial":44,"Anchor":39,"Shuriken":44,"Bird Faced Urn":42,"Pandora\u0027s Box":17,"Tiny Chest":23,"Prayer Wheel":43,"Coffee Dripper":0,"Black Star":34,"Red Skull":6,"Toy Ornithopter":40},{"Potion Belt":9,"Darkstone Periapt":16,"Lantern":23,"Enchiridion":16,"Pen Nib":7,"Juzu Bracelet":3,"Boot":21,"Question Card":22,"Burning Blood":0,"Blood Vial":23,"Anchor":20,"Shuriken":23,"Bird Faced Urn":22,"Pandora\u0027s Box":10,"Tiny Chest":13,"Prayer Wheel":22,"Coffee Dripper":0,"Black Star":18,"Red Skull":5,"Toy Ornithopter":21},{"Potion Belt":26,"Darkstone Periapt":61,"Lantern":101,"Enchiridion":61,"Pen Nib":21,"Juzu Bracelet":8,"Boot":88,"Question Card":95,"Burning Blood":0,"Blood Vial":101,"Anchor":82,"Shuriken":101,"Bird Faced Urn":95,"Pandora\u0027s Box":33,"Tiny Chest":47,"Prayer Wheel":95,"Coffee Dripper":0,"Black Star":75,"Red Skull":16,"Toy Ornithopter":88}],"Toy Ornithopter":10},"card_choices":[{"not_picked":["Headbutt","Flex"],"picked":"Anger","floor":1.0},{"not_picked":["Heavy Blade","Cleave"],"picked":"Battle Trance","floor":2.0},{"not_picked":["Dual Wield","Armaments"],"picked":"Perfected Strike","floor":3.0},{"not_picked":["Intimidate","Flex","Rupture"],"picked":"SKIP","floor":5.0},{"not_picked":["Reckless Charge","Clash"],"picked":"Anger","floor":6.0},{"not_picked":["Anger","Evolve"],"picked":"True Grit","floor":7.0},{"not_picked":["Heavy Blade","Clothesline"],"picked":"Ghostly Armor","floor":8.0},{"not_picked":["Clash","Spot Weakness"],"picked":"Reaper","floor":13.0},{"not_picked":["True Grit","Clash","Intimidate"],"picked":"SKIP","floor":14.0},{"not_picked":["Offering","Exhume"],"picked":"Reaper","floor":16.0},{"not_picked":["Heavy Blade","Uppercut","Dark Embrace"],"picked":"SKIP","floor":18.0},{"not_picked":["Carnage","Havoc"],"picked":"Power Through","floor":19.0},{"not_picked":["Disarm","Cleave"],"picked":"Second Wind","floor":23.0},{"not_picked":["Warcry","Headbutt+1","Sever Soul"],"picked":"SKIP","floor":25.0},{"not_picked":["Brutality","Headbutt","Carnage"],"picked":"SKIP","floor":27},{"not_picked":["Warcry+1","Bloodletting"],"picked":"Disarm","floor":28},{"not_picked":["Burning Pact","Body Slam"],"picked":"Fire Breathing","floor":30},{"not_picked":["Armaments","Iron Wave"],"picked":"Shrug It Off","floor":35},{"not_picked":["Second Wind+1","Headbutt"],"picked":"Spot Weakness+1","floor":36},{"not_picked":["Heavy Blade+1","Infernal Blade"],"picked":"Cleave","floor":40},{"not_picked":["Pummel+1","Body Slam","Feed"],"picked":"SKIP","floor":42},{"not_picked":["Anger","Clash","True Grit","Perfected Strike"],"picked":"SKIP","floor":44},{"not_picked":["Wild Strike","Headbutt+1","Flex"],"picked":"Shrug It Off+1","floor":48},{"not_picked":["Anger+1","Rupture","Infernal Blade+1","Searing Blow"],"picked":"SKIP","floor":48}],"player_experience":305210,"relics_obtained":[{"floor":6.0,"key":"Red Skull"},{"floor":9.0,"key":"Pen Nib"},{"floor":14.0,"key":"Potion Belt"},{"floor":23.0,"key":"Tiny Chest"},{"floor":28,"key":"Darkstone Periapt"},{"floor":29,"key":"Enchiridion"},{"floor":40,"key":"Boot"},{"floor":40,"key":"Toy Ornithopter"},{"floor":42,"key":"Question Card"},{"floor":42,"key":"Bird Faced Urn"},{"floor":43,"key":"Prayer Wheel"},{"floor":44,"key":"Shuriken"},{"floor":44,"key":"Blood Vial"},{"floor":45,"key":"Lantern"}],"event_choices":[{"damage_healed":0.0,"max_hp_gain":0.0,"max_hp_loss":0.0,"gold_gain":0.0,"event_name":"WeMeetAgain","player_choice":"Paid Gold","floor":4.0,"gold_loss":64.0,"damage_taken":0.0,"relics_obtained":["Juzu Bracelet"]},{"damage_healed":0.0,"max_hp_gain":0.0,"max_hp_loss":0.0,"gold_gain":0.0,"event_name":"Nest","player_choice":"Joined the Cult","floor":20.0,"gold_loss":0.0,"damage_taken":6.0,"cards_obtained":["RitualDagger"]},{"cards_removed":["Perfected Strike"],"damage_healed":0.0,"max_hp_gain":0.0,"max_hp_loss":0.0,"gold_gain":0.0,"event_name":"Beggar","player_choice":"Gave Gold","floor":21.0,"gold_loss":75.0,"damage_taken":0.0},{"damage_healed":0.0,"max_hp_gain":0.0,"max_hp_loss":0.0,"gold_gain":0.0,"event_name":"Duplicator","player_choice":"Copied","floor":22.0,"gold_loss":0.0,"damage_taken":0.0,"cards_obtained":["Flame Barrier"]},{"damage_healed":0,"gold_gain":0,"player_choice":"Obtained Book","damage_taken":16,"max_hp_gain":0,"max_hp_loss":0,"event_name":"Cursed Tome","floor":29,"gold_loss":0},{"damage_healed":0,"gold_gain":0,"player_choice":"Memory 3","damage_taken":10,"max_hp_gain":0,"max_hp_loss":0,"event_name":"SensoryStone","floor":37,"gold_loss":0},{"damage_healed":0,"gold_gain":0,"player_choice":"Ignored","damage_taken":0,"max_hp_gain":0,"max_hp_loss":0,"event_name":"SecretPortal","floor":38,"gold_loss":0},{"damage_healed":0,"gold_gain":0,"player_choice":"Max HP","damage_taken":0,"max_hp_gain":0,"max_hp_loss":5,"event_name":"Winding Halls","floor":47,"gold_loss":0}],"is_beta":false,"boss_relics":[{"not_picked":["Snecko Eye","Busted Crown"],"picked":"Pandora\u0027s Box"},{"not_picked":["Runic Dome","Astrolabe"],"picked":"Black Star"}],"items_purged_floors":[31],"is_endless":false,"potions_floor_spawned":[2,5,7,13,16,18,27,28,33,35,40],"killed_by":"Shield and Spear","ascension_level":14}}