{"host":"e9u6h9e9dkzlniog","time":1612628927,"event":{"mods":["100% Spire Juice","BaseMod","Minty Spire (QoL Compilation)","StSLib","UnlockEverythingMod","[GremlinLeader]The Maniac","[功能]功能增强和修复MOD"],"gold_per_floor":[117,137,63,63,77,105,116,116,116],"floor_reached":8,"language":"ZHS","playtime":614,"items_purged":["maniac:Strike","maniac:Strike","maniac:Defend","maniac:Strike","maniac:Defend"],"score":58,"play_id":"d9e0cde6-8cdd-4097-b587-886d3de1fb3c","local_time":"20210207002847","is_ascension_mode":false,"campfire_choices":[],"circlet_count":0,"master_deck":["maniac:Strike","maniac:Defend","maniac:BurnBlood","maniac:AbyssShackle","maniac:Collecting","maniac:ShatteredShield","maniac:ShelteringEdge","maniac:SpectralKnives","maniac:Blastwave","maniac:BladeShoot","maniac:SpectralFlash"],"relics":["maniac:DamagedAnvil","maniac:BrokenHorn","Torii","Tiny Chest","Strange Spoon","Anchor","Unceasing Top","Bag of Marbles","Mango","InkBottle"],"acts_visited":["Exordium"],"potions_floor_usage":[],"damage_taken":[{"damage":0,"enemies":"Cultist","floor":1,"turns":2},{"damage":6,"enemies":"Jaw Worm","floor":2,"turns":4},{"damage":1,"enemies":"2 Louse","floor":5,"turns":3},{"damage":41,"enemies":"3 Sentries","floor":6,"turns":9},{"damage":3,"enemies":"Blue Slaver","floor":7,"turns":2},{"damage":19,"enemies":"Lagavulin","floor":8,"turns":2}],"seed_played":"7935709008265414385","potions_obtained":[{"floor":2,"key":"LiquidBronze"},{"floor":2,"key":"SteroidPotion"},{"floor":4,"key":"SteroidPotion"},{"floor":4,"key":"Dexterity Potion"}],"is_trial":false,"path_per_floor":["M","M","$","?","M","E","M","E"],"character_chosen":"THE_MANIAC","items_purchased":["Tiny Chest","Strange Spoon","maniac:Blastwave","Anchor"],"campfire_rested":0,"item_purchase_floors":[3,3,3,3],"current_hp_per_floor":[56,50,50,50,49,22,19,0,0],"gold":116,"neow_bonus":"TRANSFORM_TWO_CARDS","is_daily":false,"chose_seed":false,"campfire_upgraded":0,"win_rate":0.0,"timestamp":1612628927,"path_taken":["M","?","$","?","?","E","M","E"],"items_purchased_type":["Relic","Relic","Card","Relic"],"build_version":"2020-12-22","purchased_purges":5,"victory":false,"max_hp_per_floor":[80,80,80,80,80,94,94,94,94],"card_choices":[{"not_picked":["maniac:WardAndDefend","maniac:Feint"],"picked":"maniac:ShelteringEdge","floor":1},{"not_picked":["maniac:WardAndDefend","maniac:ShelteringEdge"],"picked":"maniac:SpectralKnives","floor":2},{"not_picked":["maniac:Traceback","maniac:Refine"],"picked":"maniac:BladeShoot","floor":5},{"not_picked":["maniac:ExpectedMoves","maniac:FindAShortcut","maniac:LootBarrage"],"picked":"SKIP","floor":6},{"not_picked":["maniac:Whirlscythe","maniac:ShelteringEdge"],"picked":"maniac:SpectralFlash","floor":7}],"player_experience":132404,"relics_obtained":[{"floor":6,"key":"Mango"}],"event_choices":[{"damage_healed":0,"gold_gain":0,"player_choice":"Got Potions","damage_taken":0,"max_hp_gain":0,"max_hp_loss":0,"event_name":"Lab","floor":4,"gold_loss":0}],"is_beta":false,"boss_relics":[],"items_purged_floors":[3,3,3,3,3],"is_endless":false,"potions_floor_spawned":[2,2,5],"killed_by":"Lagavulin","ascension_level":0}}