{"host":"6g6g4l4iug0h9ff7","time":1612598777,"event":{"mods":["2.2 Compatiblity","AchievementEnabler","BaseMod","Bestiary","Better Altar","Better Match","Better Note","Better Sensory Stone","Better Skull","Better Third Choice","Colored Powertips","Filter the Spire","GifTheSpireLib","Minty Spire (QoL Compilation)","Permanent Neow","Quick Restart","Spire Arcade","StSLib","Wandering Minibosses"],"gold_per_floor":[118,128,128,78,78,104,104,117,117,149,160,160,160,177,177,282,282,295,79,79,92,102,102,102,25,77,106,27,40,65,75,75,176,176,195,214,214,229,240,240,266,266,289,217,217,73,85,102,102,102],"floor_reached":51,"language":"ENG","playtime":2291,"items_purged":[],"score":777,"play_id":"17b2f1cd-bfe0-4b78-8d56-5ebdf563618b","local_time":"20210206000617","is_ascension_mode":false,"campfire_choices":[{"data":"Neutralize","floor":7,"key":"SMITH"},{"data":"Footwork","floor":12,"key":"SMITH"},{"data":"Catalyst","floor":15,"key":"SMITH"},{"data":"Bouncing Flask","floor":23,"key":"SMITH"},{"floor":32,"key":"REST"},{"floor":40,"key":"REST"},{"data":"Survivor","floor":42,"key":"SMITH"},{"floor":45,"key":"REST"},{"floor":49,"key":"REST"}],"circlet_count":0,"master_deck":["Strike_G","Strike_G","Defend_G+1","Defend_G","Defend_G","Defend_G","Defend_G+1","Survivor+1","Neutralize+1","Catalyst+1","Poisoned Stab+1","Poisoned Stab+1","Footwork+1","Venomology+1","Bouncing Flask+1","Poisoned Stab+1","Flechettes+1","Bane+1","Deadly Poison+1","Bane+1","Backflip+1","Noxious Fumes+1"],"relics":["Runic Pyramid","Molten Egg 2","Orichalcum","Potion Belt","Philosopher\u0027s Stone","Membership Card","Blood Vial","Toy Ornithopter","Nunchaku","Pantograph","War Paint","Bag of Marbles","Empty Cage","Oddly Smooth Stone","wanderingMiniBosses:Inkheart","Vajra","Dream Catcher","Orrery","Ice Cream"],"acts_visited":["Exordium","TheCity","TheBeyond"],"potions_floor_usage":[6,6,18,18,21,22,27,30,30,31,33,36,36,36,36,38,39,41,41,41,47,47,50,50],"damage_taken":[{"damage":0.0,"enemies":"Cultist","floor":1.0,"turns":4.0},{"damage":0.0,"enemies":"Jaw Worm","floor":2.0,"turns":5.0},{"damage":14,"enemies":"Gremlin Nob","floor":6,"turns":5},{"damage":0,"enemies":"2 Louse","floor":8,"turns":3},{"damage":8,"enemies":"Lagavulin","floor":10,"turns":5},{"damage":0,"enemies":"Looter","floor":11,"turns":3},{"damage":7,"enemies":"3 Louse","floor":14,"turns":3},{"damage":25,"enemies":"The Guardian","floor":16,"turns":7},{"damage":2,"enemies":"Chosen","floor":18,"turns":6},{"damage":3,"enemies":"3 Byrds","floor":21,"turns":5},{"damage":25,"enemies":"Sentry and Sphere","floor":22,"turns":6},{"damage":23,"enemies":"Slavers","floor":27,"turns":6},{"damage":0,"enemies":"Snecko","floor":29,"turns":3},{"damage":7,"enemies":"Book of Stabbing","floor":30,"turns":3},{"damage":18,"enemies":"Snake Plant","floor":31,"turns":6},{"damage":54,"enemies":"Collector","floor":33,"turns":7},{"damage":51,"enemies":"3 Darklings","floor":35,"turns":7},{"damage":0,"enemies":"Orb Walker","floor":36,"turns":1},{"damage":15,"enemies":"Spire Growth","floor":38,"turns":4},{"damage":24,"enemies":"Sphere and 2 Shapes","floor":39,"turns":6},{"damage":0,"enemies":"Giant Head","floor":41,"turns":5},{"damage":11,"enemies":"Maw","floor":47,"turns":5},{"damage":7,"enemies":"4 Shapes","floor":48,"turns":4},{"damage":91,"enemies":"Awakened One","floor":50,"turns":13}],"seed_played":"-4184095316332042480","potions_obtained":[{"floor":1.0,"key":"FearPotion"},{"floor":2.0,"key":"Block Potion"},{"floor":16,"key":"AttackPotion"},{"floor":22,"key":"DistilledChaos"},{"floor":27,"key":"SteroidPotion"},{"floor":29,"key":"PowerPotion"},{"floor":39,"key":"ColorlessPotion"},{"floor":41,"key":"CunningPotion"}],"is_trial":false,"path_per_floor":["M","M","$","?","?","E","R","M","T","E","M","R","?","M","R","B",null,"M","$","?","M","M","R","?","$","T","E","$","M","E","M","R","B",null,"M","M","?","M","M","R","E","R","T","$","R","$","M","M","R","B",null],"character_chosen":"THE_SILENT","items_purchased":["Membership Card","Blood Vial","Toy Ornithopter","War Paint","Orrery","Ice Cream"],"campfire_rested":4,"item_purchase_floors":[19,19,25,28,44,46],"current_hp_per_floor":[70,70,70,70,70,56,56,56,56,48,48,48,48,41,41,16,70,68,68,68,67,44,44,44,44,44,28,28,30,35,33,54,21,70,19,41,41,33,16,37,54,54,54,54,70,70,64,59,70,10],"gold":102,"neow_bonus":"BOSS_RELIC","is_daily":false,"chose_seed":false,"campfire_upgraded":5,"win_rate":0.0,"timestamp":1612598777,"path_taken":["M","M","$","?","?","E","R","M","T","E","M","R","?","?","R","BOSS","M","$","?","?","M","R","?","$","T","E","$","M","E","M","R","BOSS","M","M","?","M","M","R","E","R","T","$","R","$","M","M","R","BOSS"],"items_purchased_type":["Relic","Relic","Relic","Relic","Relic","Relic"],"build_version":"2020-12-22","purchased_purges":0,"victory":true,"max_hp_per_floor":[70,70,70,70,70,70,70,70,70,70,70,70,70,70,70,70,70,70,70,70,70,70,70,70,70,70,70,70,70,70,70,70,70,70,70,70,70,70,70,70,70,70,70,70,70,70,70,70,70,70],"card_choices":[{"not_picked":["Crippling Poison","Tactician","Riddle With Holes"],"picked":"SKIP","floor":1.0},{"not_picked":["Tactician","Poisoned Stab"],"picked":"Catalyst","floor":2.0},{"not_picked":["Crippling Poison","Dash+1"],"picked":"Poisoned Stab+1","floor":6},{"not_picked":["Acrobatics","Sucker Punch+1"],"picked":"Poisoned Stab+1","floor":8},{"not_picked":["PiercingWail","Poisoned Stab+1"],"picked":"Footwork","floor":10},{"not_picked":["Prepared","After Image","Dagger Throw+1"],"picked":"SKIP","floor":11},{"not_picked":["Setup","Dodge and Roll","PiercingWail"],"picked":"SKIP","floor":14},{"not_picked":["Phantasmal Killer","Glass Knife+1"],"picked":"Venomology","floor":16},{"not_picked":["Outmaneuver","Acrobatics+1","Prepared"],"picked":"SKIP","floor":18},{"not_picked":["Deflect","Outmaneuver"],"picked":"Bouncing Flask","floor":21},{"not_picked":["Caltrops","Endless Agony+1"],"picked":"Poisoned Stab+1","floor":22},{"not_picked":["Dagger Throw+1","Venomology"],"picked":"Flechettes+1","floor":27},{"not_picked":["Reflex","Outmaneuver"],"picked":"Bane+1","floor":29},{"not_picked":["Dagger Throw+1","Sucker Punch+1"],"picked":"Deadly Poison+1","floor":30},{"not_picked":["Underhanded Strike+1","Prepared+1"],"picked":"Bane+1","floor":31},{"not_picked":["Cloak And Dagger","Tactician+1"],"picked":"Backflip+1","floor":35},{"not_picked":["Outmaneuver","Flying Knee+1","Blade Dance"],"picked":"SKIP","floor":36},{"not_picked":["Dagger Throw+1","Concentrate"],"picked":"Noxious Fumes+1","floor":38},{"not_picked":["Escape Plan","Acrobatics","Prepared"],"picked":"SKIP","floor":39},{"not_picked":["A Thousand Cuts","Sucker Punch+1","Caltrops+1"],"picked":"SKIP","floor":41},{"not_picked":["Predator+1","Blade Dance+1","Prepared+1"],"picked":"SKIP","floor":47},{"not_picked":["Flying Knee+1","Backflip+1","Doppelganger"],"picked":"SKIP","floor":48}],"player_experience":203228,"relics_obtained":[{"floor":6,"key":"Molten Egg 2"},{"floor":9,"key":"Orichalcum"},{"floor":10,"key":"Potion Belt"},{"floor":26,"key":"Nunchaku"},{"floor":27,"key":"Pantograph"},{"floor":30,"key":"Bag of Marbles"},{"floor":39,"key":"wanderingMiniBosses:Inkheart"},{"floor":41,"key":"Vajra"},{"floor":43,"key":"Dream Catcher"}],"event_choices":[{"cards_removed":["Strike_G"],"damage_healed":0.0,"max_hp_gain":0.0,"max_hp_loss":0.0,"gold_gain":0.0,"event_name":"The Cleric","player_choice":"Card Removal","floor":4.0,"gold_loss":50.0,"damage_taken":0.0},{"damage_healed":0.0,"max_hp_gain":0.0,"max_hp_loss":0.0,"gold_gain":1.0,"event_name":"betterStone:BetterStone","player_choice":"1","floor":5.0,"gold_loss":0.0,"damage_taken":0.0},{"damage_healed":0,"gold_gain":0,"player_choice":"Upgraded","damage_taken":0,"max_hp_gain":0,"max_hp_loss":0,"event_name":"Upgrade Shrine","floor":20,"gold_loss":0,"cards_upgraded":["Venomology"]},{"damage_healed":0,"gold_gain":0,"player_choice":"Ignored","damage_taken":0,"max_hp_gain":0,"max_hp_loss":0,"event_name":"Transmorgrifier","floor":24,"gold_loss":0},{"damage_healed":0,"gold_gain":0,"player_choice":"Gave Potion","damage_taken":0,"relics_obtained":["Oddly Smooth Stone"],"max_hp_gain":0,"max_hp_loss":0,"event_name":"WeMeetAgain","floor":37,"gold_loss":0}],"is_beta":false,"boss_relics":[{"not_picked":["WristBlade","SlaversCollar"],"picked":"Philosopher\u0027s Stone"},{"not_picked":["Velvet Choker","Fusion Hammer"],"picked":"Empty Cage"}],"items_purged_floors":[],"is_endless":false,"potions_floor_spawned":[1,2,16,22,27,29,39,41],"ascension_level":0}}