{"host":"df48i9djcn92c5sx","time":1612620258,"event":{"mods":["Act Like it!","Arknights","BaseMod","Decade(王小明)","Downfall","Gensokyo","Marisa（F雨　魔理沙）","Minty Spire (QoL Compilation)","READ ME - Guardian Mod","READ ME - Snecko Mod","Reimu（博丽灵梦）","Remilia（蕾米莉亚）","Shop Mod","StSLib","The Jungle","The Servant 0.9.4"],"gold_per_floor":[112,131,131,131,178,178,210,210,235,252,252,270,283,301,301,396,396,413,413,431,457,470,470,470,720,720,720,752,770,246,266,266,266,266],"floor_reached":33,"language":"ZHS","playtime":1193,"items_purged":["InherentArray:ReiMu"],"score":358,"play_id":"4d032bf5-8677-446f-bedb-3d4e8ef323fe","local_time":"20210206220418","is_ascension_mode":true,"campfire_choices":[{"data":"NB:ReiMu","floor":6.0,"key":"SMITH"},{"data":"OctopathSalyBorderN:ReiMu","floor":8.0,"key":"SMITH"},{"data":"Gensokyo:CrescentMoonSlash","floor":11.0,"key":"SMITH"},{"data":"TakeOff:ReiMu","floor":15.0,"key":"SMITH"},{"data":"CleanRite:ReiMu","floor":23,"key":"SMITH"},{"data":"SealNeedle:ReiMu","floor":27,"key":"SMITH"},{"data":"TightArray:ReiMu","floor":32,"key":"SMITH"}],"circlet_count":0,"master_deck":["Strike_Lin:ReiMu","Strike_Lin:ReiMu","Strike_Lin:ReiMu","Strike_Lin:ReiMu","Defend_Lin:ReiMu","Defend_Lin:ReiMu","Defend_Lin:ReiMu","Defend_Lin:ReiMu","NB:ReiMu+1","Stagnation:ReiMu","Gensokyo:CrescentMoonSlash+1","RainPray2:ReiMu","OctopathSalyBorderN:ReiMu+1","TakeOff:ReiMu+1","FoulBorder2:ReiMu","Gathering:ReiMu","Enchanting:ReiMu","CleanRite:ReiMu+1","Moondial+1","SealNeedle:ReiMu+1","TightArray:ReiMu+1"],"relics":["FlyPower:ReiMu","NeowsBlessing","Tiny Chest","Centennial Puzzle","Orichalcum","sneckomod:SneckoTalon","Nunchaku","Meat on the Bone","Blood Vial","Happy Flower","Membership Card","Toy Ornithopter","MerchantsRug"],"acts_visited":["Exordium","Gensokyo:Gensokyo"],"potions_floor_usage":[18,20,31,33,33],"damage_taken":[{"damage":0.0,"enemies":"Gensokyo:2_Kodama","floor":1.0,"turns":1.0},{"damage":0.0,"enemies":"Gensokyo:3_Fairies","floor":2.0,"turns":2.0},{"damage":0.0,"enemies":"Gensokyo:Aya","floor":7.0,"turns":1.0},{"damage":0.0,"enemies":"Gensokyo:Python","floor":10.0,"turns":2.0},{"damage":0.0,"enemies":"Gensokyo:VengefulSpirit","floor":12.0,"turns":4.0},{"damage":6.0,"enemies":"Gensokyo:5_Fairies","floor":13.0,"turns":3.0},{"damage":0.0,"enemies":"Gensokyo:Kitsune","floor":14.0,"turns":2.0},{"damage":2,"enemies":"Gensokyo:Reimu","floor":16,"turns":6},{"damage":2,"enemies":"Gensokyo:AngelMirror","floor":18,"turns":4},{"damage":0,"enemies":"Gensokyo:CosmicMonolith","floor":20,"turns":2},{"damage":4,"enemies":"Gensokyo:Slime_Group","floor":22,"turns":4},{"damage":30,"enemies":"Gensokyo:Tenshi","floor":28,"turns":7},{"damage":0,"enemies":"Gensokyo:Chomper_and_Gloop","floor":29,"turns":5},{"damage":3,"enemies":"Gensokyo:Wraith","floor":31,"turns":6},{"damage":55,"enemies":"Gensokyo:Eternal_Rivals","floor":33,"turns":10}],"seed_played":"-1186364782920142419","potions_obtained":[{"floor":7.0,"key":"ZuzhouPotion:ReiMu"},{"floor":10.0,"key":"Fire Potion"},{"floor":13.0,"key":"Fire Potion"},{"floor":14.0,"key":"DuplicationPotion"},{"floor":22,"key":"Fire Potion"},{"floor":28,"key":"LiquidBronze"},{"floor":29,"key":"GamblersBrew"}],"is_trial":false,"path_per_floor":["M","M","?","?","T","R","E","R","T","M","R","M","M","M","R","B",null,"M","?","M","T","M","R","?","?","T","R","E","M","$","M","R","B"],"character_chosen":"REIMU","items_purchased":["Happy Flower","Membership Card","Toy Ornithopter","PowerPotion","MerchantsRug"],"campfire_rested":0,"item_purchase_floors":[30,30,30,30,30],"current_hp_per_floor":[65,65,56,56,56,56,56,56,56,56,56,56,50,50,50,48,61,59,59,59,59,55,55,55,55,55,55,37,39,39,43,43,0,0],"gold":266,"neow_bonus":"THREE_ENEMY_KILL","is_daily":false,"chose_seed":false,"campfire_upgraded":7,"win_rate":0.0,"timestamp":1612620258,"path_taken":["M","M","?","?","?","R","E","R","T","M","R","?","M","M","R","BOSS","M","?","?","?","M","R","?","?","T","R","E","?","$","M","R","BOSS"],"items_purchased_type":["Relic","Relic","Relic","Potion","Relic"],"build_version":"2020-12-22","purchased_purges":1,"victory":false,"max_hp_per_floor":[65,65,65,65,65,65,65,65,65,65,65,65,65,65,65,65,65,65,65,65,65,65,65,65,62,62,62,62,62,62,62,62,62,62],"card_choices":[{"not_picked":["SubcavityInstant:ReiMu","SpreadBorder2:ReiMu","OrbThrow:ReiMu"],"picked":"SKIP","floor":1.0},{"not_picked":["Amulet:ReiMu","CareerPray:ReiMu"],"picked":"InherentArray:ReiMu","floor":2.0},{"not_picked":["NineCharacters:ReiMu","EmergencyTakeOff:ReiMu"],"picked":"RainPray2:ReiMu","floor":4.0},{"not_picked":["AlertArray:ReiMu","Conquer:ReiMu"],"picked":"OctopathSalyBorderN:ReiMu","floor":7.0},{"not_picked":["Meditation:ReiMu","CollectionFlower2:ReiMu"],"picked":"TakeOff:ReiMu","floor":10.0},{"not_picked":["SubcavityInstant:ReiMu","SafetyPray:ReiMu"],"picked":"FoulBorder2:ReiMu","floor":12.0},{"not_picked":["Crusade:ReiMu","LearningPray:ReiMu"],"picked":"Gathering:ReiMu","floor":13.0},{"not_picked":["Intuition:ReiMu","AlertArray:ReiMu"],"picked":"Enchanting:ReiMu","floor":14.0},{"not_picked":["PrayRite:ReiMu","KyokaiOfKami:ReiMu"],"picked":"CleanRite:ReiMu","floor":16},{"not_picked":["Revelation:ReiMu+1","CareerPray:ReiMu","AirStrike:ReiMu"],"picked":"SKIP","floor":18},{"not_picked":["AirManeuver:ReiMu","OrbThrow:ReiMu","YinYangSign:ReiMu"],"picked":"SKIP","floor":20},{"not_picked":["SubcavityInstant:ReiMu+1","CollectionFlower2:ReiMu","Enchanting:ReiMu"],"picked":"SKIP","floor":22},{"not_picked":["SpreadBorder2:ReiMu","Crusade:ReiMu","SubcavityInstant:ReiMu+1"],"picked":"SKIP","floor":28},{"not_picked":["SpreadBorder2:ReiMu","SpiritualOutbreak2:ReiMu+1"],"picked":"TightArray:ReiMu","floor":29},{"not_picked":["TightArray:ReiMu","SafetyPray:ReiMu+1","Gathering:ReiMu"],"picked":"SKIP","floor":31}],"player_experience":1521371,"relics_obtained":[{"floor":5.0,"key":"Tiny Chest"},{"floor":7.0,"key":"Centennial Puzzle"},{"floor":9.0,"key":"Orichalcum"},{"floor":21,"key":"Nunchaku"},{"floor":26,"key":"Meat on the Bone"},{"floor":28,"key":"Blood Vial"}],"event_choices":[],"is_beta":false,"boss_relics":[{"not_picked":["Tiny House","SlaversCollar"],"picked":"sneckomod:SneckoTalon"}],"items_purged_floors":[30],"is_endless":false,"potions_floor_spawned":[7,10,13,14,22,28,29],"killed_by":"Gensokyo:Eternal_Rivals","ascension_level":5}}