{"host":"3y2rtlgteqp2nuo3","time":1612610496,"event":{"mods":["2.2 Compatiblity","AchievementEnabler","BaseMod","Colored Map","DeckTracker","Highlight Path","Keyboard Shortcuts","Minty Spire (QoL Compilation)","Permanent Neow","Quick Restart","StSLib","SuperFastMode","everything is the same but u backflip on backflip"],"gold_per_floor":[119,44,57,72,88,88,163,163,163,196,215,215,233,28,28,104,104,76,76,92,104,119,119,138,138,161,173,173,189,217,230,230,230,230],"floor_reached":33,"language":"KOR","playtime":1002,"items_purged":["Strike_B","Strike_B"],"score":505,"play_id":"26d2c043-6c60-4888-b8fe-b561e33feed5","local_time":"20210206202136","is_ascension_mode":true,"campfire_choices":[{"data":"Zap","floor":6.0,"key":"SMITH"},{"data":"Coolheaded","floor":8.0,"key":"SMITH"},{"data":"Melter","floor":12.0,"key":"SMITH"},{"data":"Glacier","floor":15.0,"key":"SMITH"},{"floor":23.0,"key":"REST"},{"data":"Buffer","floor":25.0,"key":"SMITH"},{"floor":32.0,"key":"REST"}],"circlet_count":0,"master_deck":["AscendersBane","Strike_B","Defend_B","Defend_B","Defend_B","Defend_B","Zap+1","Dualcast","Melter+1","Coolheaded+1","Gash","Glacier+1","Gash","Compile Driver","Gash","All For One","Swift Strike","Buffer+1","Go for the Eyes","Skim","Undo","Self Repair","Steam+1","Hologram","Turbo","Chill","Turbo"],"relics":["Cracked Core","Pear","Cables","Sozu","Blood Vial","Molten Egg 2"],"acts_visited":["Exordium","TheCity"],"potions_floor_usage":[],"damage_taken":[{"damage":2.0,"enemies":"2 Louse","floor":1.0,"turns":3.0},{"damage":0.0,"enemies":"Small Slimes","floor":3.0,"turns":3.0},{"damage":0.0,"enemies":"Cultist","floor":4.0,"turns":2.0},{"damage":0.0,"enemies":"Exordium Wildlife","floor":5.0,"turns":4.0},{"damage":27.0,"enemies":"3 Sentries","floor":10.0,"turns":10.0},{"damage":1.0,"enemies":"Red Slaver","floor":11.0,"turns":3.0},{"damage":2.0,"enemies":"Blue Slaver","floor":13.0,"turns":3.0},{"damage":23.0,"enemies":"The Guardian","floor":16.0,"turns":7.0},{"damage":6.0,"enemies":"2 Thieves","floor":18.0,"turns":4.0},{"damage":0.0,"enemies":"Chosen","floor":20.0,"turns":4.0},{"damage":0.0,"enemies":"Snecko","floor":21.0,"turns":4.0},{"damage":27.0,"enemies":"3 Cultists","floor":22.0,"turns":5.0},{"damage":6.0,"enemies":"Shelled Parasite and Fungi","floor":24.0,"turns":3.0},{"damage":5.0,"enemies":"Centurion and Healer","floor":27.0,"turns":5.0},{"damage":0.0,"enemies":"Sentry and Sphere","floor":29.0,"turns":2.0},{"damage":23.0,"enemies":"Gremlin Leader","floor":30.0,"turns":8.0},{"damage":13.0,"enemies":"Snake Plant","floor":31.0,"turns":6.0},{"damage":88,"enemies":"Automaton","floor":33,"turns":12}],"seed_played":"482726718247906530","potions_obtained":[{"floor":3.0,"key":"Explosive Potion"},{"floor":5.0,"key":"DuplicationPotion"},{"floor":11.0,"key":"AttackPotion"},{"floor":16.0,"key":"SteroidPotion"}],"is_trial":false,"path_per_floor":["M","$","M","M","M","R","?","R","T","E","M","R","M","$","R","B",null,"M","?","M","M","M","R","M","R","T","M","?","M","E","M","R","B"],"character_chosen":"DEFECT","items_purchased":["Swift Strike"],"campfire_rested":2,"item_purchase_floors":[14],"current_hp_per_floor":[62,62,62,62,62,62,51,51,61,34,33,33,31,31,31,8,63,57,57,57,57,30,54,55,55,55,52,52,61,47,43,67,0,0],"gold":230,"neow_bonus":"THREE_CARDS","is_daily":false,"chose_seed":false,"campfire_upgraded":5,"win_rate":0.0,"timestamp":1612610496,"path_taken":["M","$","M","M","M","R","?","R","T","E","M","R","M","$","R","BOSS","M","?","M","M","?","R","M","R","T","M","?","M","E","M","R","BOSS"],"items_purchased_type":["Card"],"build_version":"2020-12-22","purchased_purges":2,"victory":false,"max_hp_per_floor":[71,71,71,71,71,71,71,71,81,81,81,81,81,81,81,81,81,81,81,81,81,81,81,81,81,81,81,81,81,81,81,81,81,81],"card_choices":[{"not_picked":["Gash","Leap"],"picked":"Melter","floor":0.0},{"not_picked":["Barrage","Chill"],"picked":"Coolheaded","floor":1.0},{"not_picked":["Go for the Eyes","Self Repair"],"picked":"Gash","floor":3.0},{"not_picked":["Hologram","Reprogram"],"picked":"Glacier","floor":4.0},{"not_picked":["Turbo","Conserve Battery"],"picked":"Gash","floor":5.0},{"not_picked":["Rip and Tear","Rebound"],"picked":"Compile Driver","floor":10.0},{"not_picked":["Stack","Redo"],"picked":"Gash","floor":11.0},{"not_picked":["Conserve Battery","Streamline"],"picked":"All For One","floor":13.0},{"not_picked":["Multi-Cast","Rainbow"],"picked":"Buffer","floor":16.0},{"not_picked":["Cold Snap","Darkness"],"picked":"Go for the Eyes","floor":18.0},{"not_picked":["Compile Driver","Stack"],"picked":"Skim","floor":20.0},{"not_picked":["Leap","Coolheaded"],"picked":"Undo","floor":21.0},{"not_picked":["Double Energy","Compile Driver"],"picked":"Self Repair","floor":22.0},{"not_picked":["Go for the Eyes","Creative AI"],"picked":"Steam+1","floor":24.0},{"not_picked":["Genetic Algorithm","Leap"],"picked":"Hologram","floor":27.0},{"not_picked":["Melter","Chill"],"picked":"Turbo","floor":29.0},{"not_picked":["Leap","Lockon+1"],"picked":"Chill","floor":30.0},{"not_picked":["Rebound+1","Lockon+1"],"picked":"Turbo","floor":31.0}],"player_experience":762131,"relics_obtained":[{"floor":9.0,"key":"Pear"},{"floor":10.0,"key":"Cables"},{"floor":26.0,"key":"Blood Vial"},{"floor":30.0,"key":"Molten Egg 2"}],"event_choices":[{"damage_healed":0.0,"max_hp_gain":0.0,"max_hp_loss":0.0,"gold_gain":75.0,"event_name":"World of Goop","player_choice":"Gather Gold","floor":7.0,"gold_loss":0.0,"damage_taken":11.0},{"damage_healed":0.0,"max_hp_gain":0.0,"max_hp_loss":0.0,"gold_gain":0.0,"event_name":"FaceTrader","player_choice":"Leave","floor":19.0,"gold_loss":0.0,"damage_taken":0.0},{"cards_removed":["Strike_B"],"damage_healed":0.0,"max_hp_gain":0.0,"max_hp_loss":0.0,"gold_gain":0.0,"event_name":"Wheel of Change","player_choice":"Card Removal","floor":28.0,"gold_loss":0.0,"damage_taken":0.0}],"is_beta":false,"boss_relics":[{"not_picked":["Velvet Choker","FrozenCore"],"picked":"Sozu"}],"items_purged_floors":[2,14],"is_endless":false,"potions_floor_spawned":[3,5,11,16,24,29,30,31],"killed_by":"Automaton","ascension_level":17}}