{"host":"f5gffvlv6a66yqkd","time":1612628271,"event":{"mods":["2.2 Compatiblity","BaseMod","Colored Map","Custom Start","DeckTracker","Keyboard Shortcuts","Minty Spire (QoL Compilation)","Permanent Neow","Quick Restart","Relic Stats","StSLib","SuperFastMode"],"gold_per_floor":[119,133,152,152,152,152,162,176,176,176,188,188,220,232,232,306,306,324,324,324,101,112,112,60,71,71,71,71,71,71,82,82,82,82],"floor_reached":33,"language":"KOR","playtime":677,"items_purged":["Defend_B"],"score":544,"play_id":"b419a333-2219-4898-9f89-895b75543c86","local_time":"20210207011751","is_ascension_mode":true,"campfire_choices":[{"data":"Zap","floor":6.0,"key":"SMITH"},{"data":"Dualcast","floor":10.0,"key":"SMITH"},{"data":"Buffer","floor":12.0,"key":"SMITH"},{"data":"Defragment","floor":15.0,"key":"SMITH"},{"data":"Buffer","floor":23.0,"key":"SMITH"},{"floor":27.0,"key":"REST"},{"data":"Capacitor","floor":29.0,"key":"SMITH"},{"floor":32.0,"key":"RECALL"}],"circlet_count":0,"master_deck":["AscendersBane","Defend_B","Defend_B","Zap+1","Dualcast+1","Ball Lightning","Steam","Redo","Auto Shields","Barrage","Ball Lightning","Buffer+1","Compile Driver","Defragment+1","Core Surge","CurseOfTheBell","Force Field","Buffer+1","Capacitor+1","Coolheaded","Leap","Glacier","Electrodynamics"],"relics":["Cracked Core","Ornamental Fan","Toy Ornithopter","Calling Bell","PreservedInsect","Singing Bowl","Calipers","Matryoshka"],"acts_visited":["Exordium","TheCity"],"potions_floor_usage":[33,33],"damage_taken":[{"damage":7.0,"enemies":"Jaw Worm","floor":1.0,"turns":3.0},{"damage":0.0,"enemies":"2 Louse","floor":2.0,"turns":4.0},{"damage":0.0,"enemies":"Small Slimes","floor":3.0,"turns":2.0},{"damage":1.0,"enemies":"2 Fungi Beasts","floor":7.0,"turns":4.0},{"damage":3.0,"enemies":"3 Louse","floor":8.0,"turns":4.0},{"damage":1.0,"enemies":"Looter","floor":11.0,"turns":3.0},{"damage":0.0,"enemies":"Gremlin Nob","floor":13.0,"turns":4.0},{"damage":9.0,"enemies":"Red Slaver","floor":14.0,"turns":2.0},{"damage":16.0,"enemies":"The Guardian","floor":16.0,"turns":9.0},{"damage":0.0,"enemies":"Chosen","floor":18.0,"turns":5.0},{"damage":3.0,"enemies":"3 Byrds","floor":22.0,"turns":5.0},{"damage":13.0,"enemies":"Snecko","floor":25.0,"turns":4.0},{"damage":0.0,"enemies":"Centurion and Healer","floor":31.0,"turns":6.0},{"damage":66,"enemies":"Champ","floor":33,"turns":18}],"seed_played":"695656393084264913","potions_obtained":[{"floor":3.0,"key":"LiquidMemories"},{"floor":7.0,"key":"EssenceOfSteel"},{"floor":8.0,"key":"CultistPotion"},{"floor":14.0,"key":"ColorlessPotion"}],"is_trial":false,"path_per_floor":["M","M","M","?","?","R","M","M","T","R","M","R","E","M","R","B",null,"M","?","?","$","M","R","$","M","T","R","?","R","?","M","R","B"],"character_chosen":"DEFECT","items_purchased":["Capacitor","Coolheaded","Leap"],"campfire_rested":1,"item_purchase_floors":[21,21,24],"current_hp_per_floor":[39,39,39,44,44,44,43,40,40,40,39,39,39,30,30,14,61,63,41,41,41,40,40,40,27,27,52,52,52,52,54,54,0,0],"gold":82,"neow_bonus":"REMOVE_TWO","is_daily":false,"chose_seed":false,"campfire_upgraded":6,"win_rate":0.0,"timestamp":1612628271,"path_taken":["M","M","M","?","?","R","M","M","T","R","M","R","E","M","R","BOSS","M","?","?","$","M","R","$","M","T","R","?","R","?","M","R","BOSS"],"items_purchased_type":["Card","Card","Card"],"build_version":"2020-12-22","purchased_purges":1,"victory":false,"max_hp_per_floor":[71,71,71,76,76,76,76,76,76,76,76,76,76,76,76,76,76,78,83,83,83,85,85,85,85,85,85,85,85,85,87,87,87,87],"relic_stats":{"Singing Bowl":6,"counters":[14,73],"Ornamental Fan":[16],"PreservedInsect":0,"obtain_stats":[{"Calling Bell":17,"Calipers":17,"Matryoshka":26,"Singing Bowl":17,"Ornamental Fan":9,"PreservedInsect":17,"Cracked Core":0,"Toy Ornithopter":13},{"Calling Bell":9,"Calipers":9,"Matryoshka":12,"Singing Bowl":9,"Ornamental Fan":5,"PreservedInsect":9,"Cracked Core":0,"Toy Ornithopter":7},{"Calling Bell":35,"Calipers":35,"Matryoshka":49,"Singing Bowl":35,"Ornamental Fan":17,"PreservedInsect":35,"Cracked Core":0,"Toy Ornithopter":24}],"Toy Ornithopter":10},"card_choices":[{"not_picked":["Coolheaded","Stack"],"picked":"Ball Lightning","floor":1.0},{"not_picked":["Blizzard","Hello World"],"picked":"Steam","floor":2.0},{"not_picked":["Stack","Aggregate"],"picked":"Redo","floor":3.0},{"not_picked":["Reprogram","Leap"],"picked":"Barrage","floor":7.0},{"not_picked":["Streamline","Doom and Gloom"],"picked":"Ball Lightning","floor":8.0},{"not_picked":["Steam","Sweeping Beam"],"picked":"Buffer","floor":11.0},{"not_picked":["Redo","Double Energy"],"picked":"Compile Driver","floor":13.0},{"not_picked":["Conserve Battery","Lockon"],"picked":"Defragment","floor":14.0},{"not_picked":["Hyperbeam","Biased Cognition"],"picked":"Core Surge","floor":16.0},{"not_picked":["Ball Lightning","Redo","Compile Driver"],"picked":"Singing Bowl","floor":18.0},{"not_picked":["Fusion","Hologram","Leap"],"picked":"Singing Bowl","floor":22.0},{"not_picked":["Ball Lightning","Go for the Eyes"],"picked":"Glacier","floor":25.0},{"not_picked":["Stack","Rip and Tear+1","Chaos"],"picked":"Singing Bowl","floor":31.0}],"player_experience":1683928,"relics_obtained":[{"floor":9.0,"key":"Ornamental Fan"},{"floor":13.0,"key":"Toy Ornithopter"},{"floor":17.0,"key":"PreservedInsect"},{"floor":17.0,"key":"Singing Bowl"},{"floor":17.0,"key":"Calipers"},{"floor":26.0,"key":"Matryoshka"}],"event_choices":[{"damage_healed":0.0,"max_hp_gain":5.0,"max_hp_loss":0.0,"gold_gain":0.0,"event_name":"Big Fish","player_choice":"Donut","floor":4.0,"gold_loss":0.0,"damage_taken":0.0},{"damage_healed":0.0,"max_hp_gain":0.0,"max_hp_loss":0.0,"gold_gain":0.0,"cards_transformed":["Strike_B"],"event_name":"Living Wall","player_choice":"Change","floor":5.0,"gold_loss":0.0,"damage_taken":0.0,"cards_obtained":["Auto Shields"]},{"damage_healed":0.0,"max_hp_gain":5.0,"max_hp_loss":0.0,"gold_gain":0.0,"event_name":"Forgotten Altar","player_choice":"Shed Blood","floor":19.0,"gold_loss":0.0,"damage_taken":27.0},{"damage_healed":0.0,"max_hp_gain":0.0,"max_hp_loss":0.0,"gold_gain":0.0,"cards_transformed":["Defend_B","Strike_B"],"event_name":"Drug Dealer","player_choice":"Became Test Subject","floor":20.0,"gold_loss":0.0,"damage_taken":0.0,"cards_obtained":["Force Field","Buffer"]},{"damage_healed":0.0,"max_hp_gain":0.0,"max_hp_loss":0.0,"gold_gain":0.0,"event_name":"The Library","player_choice":"Read","floor":28.0,"gold_loss":0.0,"damage_taken":0.0,"cards_obtained":["Electrodynamics"]},{"damage_healed":0.0,"max_hp_gain":0.0,"max_hp_loss":0.0,"gold_gain":0.0,"event_name":"Vampires","player_choice":"Ignored","floor":30.0,"gold_loss":0.0,"damage_taken":0.0}],"is_beta":false,"boss_relics":[{"not_picked":["Coffee Dripper","Busted Crown"],"picked":"Calling Bell"}],"items_purged_floors":[21],"is_endless":false,"potions_floor_spawned":[3,7,8,14,25,31],"killed_by":"Champ","ascension_level":20}}