{"host":"kq5z4hx2798lxd5l","time":1612625734,"event":{"mods":["BaseMod","Better Note","BetterRewards","Colored Map","Colored Powertips","Downfall","Hermit","Hubris","Infinite Spire","Jorbs\u0027s Wanderer Trilogy","Marisa????????","Minty Spire (QoL Compilation)","Rare Cards Sparkle","Reliquary","Replay The Spire","StSLib","The Cursed","The Disciple","The Hierophant","The Necromancer","The Runesmith","The Servant 0.9.4"],"gold_per_floor":[119,134,151,26,44,44,44,44,70,112,138,163,36,65,65,65,65],"floor_reached":16,"language":"SPA","playtime":822,"items_purged":["TheCursedMod:Strike_TheCursed"],"score":112,"play_id":"8239b683-353d-4035-af89-8bbd6b90c21d","local_time":"20210206153534","is_ascension_mode":false,"campfire_choices":[{"data":"TheCursedMod:CursedMace","floor":6,"key":"SMITH"},{"data":"Discovery","floor":8,"key":"SMITH"},{"data":"TheCursedMod:Neurasthenia","floor":15,"key":"SMITH"}],"circlet_count":0,"master_deck":["TheCursedMod:Strike_TheCursed","TheCursedMod:Strike_TheCursed","TheCursedMod:Strike_TheCursed","TheCursedMod:Defend_TheCursed","TheCursedMod:Defend_TheCursed","TheCursedMod:Defend_TheCursed","TheCursedMod:Defend_TheCursed","TheCursedMod:CursedWand","TheCursedMod:CleanUpWorkshop","TheCursedMod:Dregs","Discovery+1","TheCursedMod:ManaBullet","TheCursedMod:Neurasthenia+1","TheCursedMod:CursedMace+1","TheCursedMod:WearCloak","TheCursedMod:SpitefulStrike","TheCursedMod:CircleOfCorruption","TheCursedMod:AshesToAshes","TheCursedMod:Obscuration","TheCursedMod:DemonSword"],"relics":["TheCursedMod:BlackMagic101","MawBank","reliquary:IridiumChain","Vajra"],"acts_visited":["Exordium"],"potions_floor_usage":[14,14,16],"damage_taken":[{"damage":0,"enemies":"Cultist","floor":1,"turns":4},{"damage":0,"enemies":"Small Slimes","floor":2,"turns":2},{"damage":0,"enemies":"2 Louse","floor":3,"turns":3},{"damage":5,"enemies":"2 Fungi Beasts","floor":5,"turns":6},{"damage":42,"enemies":"Gremlin Nob","floor":10,"turns":5},{"damage":5,"enemies":"Blue Slaver","floor":11,"turns":3},{"damage":0,"enemies":"Looter","floor":12,"turns":2},{"damage":6,"enemies":"Lagavulin","floor":14,"turns":4},{"damage":29,"enemies":"Fading Forest","floor":16,"turns":7}],"seed_played":"-322564776141303120","potions_obtained":[{"floor":2,"key":"Elixir"},{"floor":3,"key":"TheCursedMod:DregsPotion"},{"floor":10,"key":"SkillPotion"},{"floor":12,"key":"Weak Potion"}],"is_trial":false,"path_per_floor":["M","M","M","$","M","R","$","R","T","E","M","M","$","E","R","B"],"character_chosen":"THE_CURSED","items_purchased":["TheCursedMod:WearCloak","TheCursedMod:DemonSword"],"campfire_rested":0,"item_purchase_floors":[4,13],"current_hp_per_floor":[75,75,75,75,70,70,70,70,70,28,23,23,23,17,17,0,0],"gold":65,"neow_bonus":"RANDOM_COLORLESS","is_daily":false,"chose_seed":false,"campfire_upgraded":3,"win_rate":0.0,"timestamp":1612625734,"path_taken":["M","M","M","$","M","R","$","R","T","E","M","M","?","E","R","BOSS"],"items_purchased_type":["Card","Card"],"build_version":"2020-12-22","purchased_purges":1,"victory":false,"max_hp_per_floor":[75,75,75,75,75,75,75,75,75,75,75,75,75,75,75,75,75],"card_choices":[{"not_picked":["Replay:BasicMightCard","Good Instincts"],"picked":"Discovery","floor":0},{"not_picked":["TheCursedMod:BlessingInDisguise","TheCursedMod:FleshFromBone"],"picked":"TheCursedMod:ManaBullet","floor":1},{"not_picked":["TheCursedMod:SmokeScreen","TheCursedMod:RavingStaff"],"picked":"TheCursedMod:Neurasthenia","floor":2},{"not_picked":["TheCursedMod:Hemoplague","TheCursedMod:Torture"],"picked":"TheCursedMod:CursedMace","floor":3},{"not_picked":["TheCursedMod:WearCloak","TheCursedMod:TacticalStrike"],"picked":"TheCursedMod:SpitefulStrike","floor":5},{"not_picked":["TheCursedMod:VitalStrike","TheCursedMod:Torture"],"picked":"TheCursedMod:CircleOfCorruption","floor":10},{"not_picked":["TheCursedMod:EmpowerCircles","TheCursedMod:SpitefulStrike"],"picked":"TheCursedMod:AshesToAshes","floor":11},{"not_picked":["TheCursedMod:RavingStaff","TheCursedMod:SmokeScreen"],"picked":"TheCursedMod:Obscuration","floor":12},{"not_picked":["TheCursedMod:Evocation","TheCursedMod:BloodBarrier","TheCursedMod:FleshFromBone"],"picked":"SKIP","floor":14}],"player_experience":503068,"relics_obtained":[{"floor":9,"key":"MawBank"},{"floor":10,"key":"reliquary:IridiumChain"},{"floor":14,"key":"Vajra"}],"event_choices":[],"is_beta":false,"boss_relics":[],"items_purged_floors":[4],"is_endless":false,"potions_floor_spawned":[2,3,10,12],"killed_by":"Fading Forest","ascension_level":0}}