{"host":"49c2zf0lajbcs427","time":1612600570,"event":{"mods":["AchievementEnabler","BaseMod","Colored Map","Colored Powertips","Highlight Path","Key Reminder","Minty Spire (QoL Compilation)","Relic Stats","StSLib"],"gold_per_floor":[114,128,128,147,167,194,194,214,267,342,342,376,376,231,231,326,326,366,395,463,502,517,517,552,562,587,617,617,659,702,720,720,815,815,851,896,896,946,946],"floor_reached":38,"language":"ENG","playtime":3464,"items_purged":[],"score":629,"play_id":"e0bf59f1-acaa-42ba-a63d-02ed9820f2a1","local_time":"20210206213610","is_ascension_mode":true,"campfire_choices":[{"floor":7,"key":"REST"},{"data":"ConjureBlade","floor":11,"key":"SMITH"},{"data":"Vault","floor":15,"key":"SMITH"},{"floor":23,"key":"REST"},{"floor":32,"key":"REST"}],"circlet_count":0,"master_deck":["Strike_P","Strike_P","Strike_P","Strike_P","Defend_P+1","Defend_P","Defend_P","Defend_P+1","Eruption","Vigilance","ConjureBlade+1","FearNoEvil","FollowUp","SandsOfTime","Vault+1","Prostrate+1","Wallop","Study+1","Adaptation+1","EmptyFist","Wish","FlurryOfBlows","JustLucky+1","EmptyBody","Wireheading+1","CrushJoints+1","Protect","Wish","BattleHymn+1","Protect+1","LessonLearned"],"relics":["PureWater","Mummified Hand","keyreminder:keyreminder","Frozen Egg 2","MealTicket","Orrery","Fusion Hammer","Red Mask","TeardropLocket","Shovel","Pen Nib","Centennial Puzzle","Sozu"],"acts_visited":["Exordium","TheCity","TheBeyond"],"potions_floor_usage":[19,24,24,24,29,31,31],"damage_taken":[{"damage":3,"enemies":"2 Louse","floor":1,"turns":3},{"damage":0,"enemies":"Small Slimes","floor":2,"turns":2},{"damage":4,"enemies":"Jaw Worm","floor":4,"turns":3},{"damage":1,"enemies":"Exordium Wildlife","floor":5,"turns":4},{"damage":24,"enemies":"3 Sentries","floor":6,"turns":11},{"damage":10,"enemies":"Gremlin Gang","floor":8,"turns":5},{"damage":0,"enemies":"Lagavulin","floor":12,"turns":4},{"damage":0,"enemies":"Slime Boss","floor":16,"turns":4},{"damage":21,"enemies":"2 Thieves","floor":18,"turns":6},{"damage":34,"enemies":"Masked Bandits","floor":19,"turns":7},{"damage":6,"enemies":"Shell Parasite","floor":21,"turns":4},{"damage":6,"enemies":"Shelled Parasite and Fungi","floor":22,"turns":4},{"damage":5,"enemies":"Slavers","floor":24,"turns":4},{"damage":0,"enemies":"Cultist and Chosen","floor":25,"turns":5},{"damage":23,"enemies":"Book of Stabbing","floor":27,"turns":7},{"damage":1,"enemies":"Snecko","floor":29,"turns":4},{"damage":1,"enemies":"Centurion and Healer","floor":30,"turns":4},{"damage":0,"enemies":"Snake Plant","floor":31,"turns":2},{"damage":19,"enemies":"Champ","floor":33,"turns":10},{"damage":0,"enemies":"Orb Walker","floor":35,"turns":3},{"damage":35,"enemies":"3 Darklings","floor":36,"turns":8},{"damage":46,"enemies":"Writhing Mass","floor":38,"turns":7}],"seed_played":"2254188762977637752","potions_obtained":[{"floor":1,"key":"Weak Potion"},{"floor":6,"key":"Ancient Potion"},{"floor":16,"key":"Regen Potion"},{"floor":21,"key":"DuplicationPotion"},{"floor":22,"key":"SteroidPotion"},{"floor":25,"key":"Fire Potion"},{"floor":27,"key":"SneckoOil"},{"floor":30,"key":"SteroidPotion"}],"is_trial":false,"path_per_floor":["M","M","?","M","M","E","R","M","T","?","R","E","?","$","R","B",null,"M","?","T","M","M","R","E","M","T","E","?","M","M","M","R","B",null,"M","M","?","M"],"character_chosen":"WATCHER","items_purchased":["Orrery"],"campfire_rested":3,"item_purchase_floors":[14],"current_hp_per_floor":[69,69,55,51,50,26,47,37,37,26,26,26,19,34,34,34,72,51,17,17,11,5,26,33,33,33,10,10,9,8,8,29,10,72,72,37,37,0,0],"gold":946,"neow_bonus":"ONE_RANDOM_RARE_CARD","is_daily":false,"chose_seed":false,"campfire_upgraded":2,"win_rate":0.0,"timestamp":1612600570,"path_taken":["M","M","?","M","M","E","R","M","T","?","R","E","?","$","R","BOSS","M","?","?","M","?","R","E","M","T","E","?","M","M","M","R","BOSS","M","M","?","M"],"items_purchased_type":["Relic"],"build_version":"2020-12-22","purchased_purges":0,"victory":false,"max_hp_per_floor":[72,72,72,72,72,72,72,72,72,72,72,72,72,72,72,72,72,72,72,72,72,72,72,72,72,72,72,72,72,72,72,72,72,72,72,72,72,72,72],"relic_stats":{"Sozu":0,"Centennial Puzzle":[15],"Shovel":0,"counters":[22,111],"Mummified Hand":[66],"MealTicket":15,"Pen Nib":[11],"obtain_stats":[{"Pen Nib":26,"TeardropLocket":20,"Frozen Egg 2":12,"keyreminder:keyreminder":9,"Sozu":34,"Centennial Puzzle":27,"Shovel":24,"Mummified Hand":6,"Orrery":14,"MealTicket":13,"Fusion Hammer":17,"Red Mask":19,"PureWater":0},{"Pen Nib":14,"TeardropLocket":10,"Frozen Egg 2":7,"keyreminder:keyreminder":6,"Sozu":19,"Centennial Puzzle":15,"Shovel":13,"Mummified Hand":5,"Orrery":7,"MealTicket":7,"Fusion Hammer":8,"Red Mask":10,"PureWater":0},{"Pen Nib":66,"TeardropLocket":49,"Frozen Egg 2":32,"keyreminder:keyreminder":28,"Sozu":93,"Centennial Puzzle":73,"Shovel":61,"Mummified Hand":23,"Orrery":32,"MealTicket":32,"Fusion Hammer":36,"Red Mask":49,"PureWater":0}]},"card_choices":[{"not_picked":["Vengeance","FollowUp"],"picked":"FearNoEvil","floor":1},{"not_picked":["ThirdEye","ClearTheMind"],"picked":"FollowUp","floor":2},{"not_picked":["EmptyBody","ThirdEye"],"picked":"SandsOfTime","floor":4},{"not_picked":["CarveReality","Wireheading"],"picked":"Vault","floor":5},{"not_picked":["FlyingSleeves","Swivel"],"picked":"Prostrate","floor":6},{"not_picked":["SignatureMove","EmptyBody"],"picked":"Wallop","floor":8},{"not_picked":["BowlingBash","Prostrate"],"picked":"Study+1","floor":12},{"not_picked":["Fasting2+1","TalkToTheHand"],"picked":"Adaptation+1","floor":14},{"not_picked":["FollowUp","Alpha"],"picked":"EmptyFist","floor":14},{"not_picked":["Judgement","MasterReality+1"],"picked":"Wish","floor":16},{"not_picked":["CrushJoints","DeceiveReality"],"picked":"FlurryOfBlows","floor":18},{"not_picked":["Consecrate+1","CrushJoints"],"picked":"JustLucky+1","floor":19},{"not_picked":["ForeignInfluence","WheelKick"],"picked":"EmptyBody","floor":21},{"not_picked":["EmptyFist","Prostrate+1"],"picked":"Wireheading+1","floor":22},{"not_picked":["Nirvana+1","EmptyFist+1"],"picked":"CrushJoints+1","floor":24},{"not_picked":["FollowUp","Pray"],"picked":"Protect","floor":25},{"not_picked":["Protect","EmptyFist","Wireheading+1"],"picked":"SKIP","floor":27},{"not_picked":["Adaptation+1","Crescendo"],"picked":"Wish","floor":29},{"not_picked":["ClearTheMind","CutThroughFate"],"picked":"BattleHymn+1","floor":30},{"not_picked":["Prostrate","Crescendo+1"],"picked":"Protect","floor":31},{"not_picked":["MasterReality+1","Brilliance"],"picked":"LessonLearned","floor":33},{"not_picked":["Prostrate","EmptyFist+1","CrushJoints+1"],"picked":"SKIP","floor":35},{"not_picked":["Evaluate","CrushJoints","Consecrate+1"],"picked":"SKIP","floor":36}],"player_experience":2403085,"relics_obtained":[{"floor":6,"key":"Mummified Hand"},{"floor":12,"key":"Frozen Egg 2"},{"floor":19,"key":"Red Mask"},{"floor":20,"key":"TeardropLocket"},{"floor":24,"key":"Shovel"},{"floor":26,"key":"Pen Nib"},{"floor":27,"key":"Centennial Puzzle"}],"event_choices":[{"damage_healed":0,"gold_gain":0,"player_choice":"Entered Light","damage_taken":14,"max_hp_gain":0,"max_hp_loss":0,"event_name":"Shining Light","floor":3,"gold_loss":0,"cards_upgraded":["Defend_P","Defend_P"]},{"damage_healed":0,"gold_gain":75,"player_choice":"Gather Gold","damage_taken":11,"max_hp_gain":0,"max_hp_loss":0,"event_name":"World of Goop","floor":10,"gold_loss":0},{"damage_healed":0,"gold_gain":0,"player_choice":"Success","damage_taken":7,"relics_obtained":["MealTicket"],"max_hp_gain":0,"max_hp_loss":0,"event_name":"Scrap Ooze","floor":13,"gold_loss":0},{"damage_healed":0,"gold_gain":0,"player_choice":"Fought Bandits","damage_taken":0,"max_hp_gain":0,"max_hp_loss":0,"event_name":"Masked Bandits","floor":19,"gold_loss":0},{"damage_healed":0,"gold_gain":0,"player_choice":"Ignored","damage_taken":0,"max_hp_gain":0,"max_hp_loss":0,"event_name":"The Mausoleum","floor":28,"gold_loss":0},{"damage_healed":0,"gold_gain":0,"player_choice":"Ignored","damage_taken":0,"max_hp_gain":0,"max_hp_loss":0,"event_name":"Mysterious Sphere","floor":37,"gold_loss":0}],"is_beta":false,"boss_relics":[{"not_picked":["Black Star","Calling Bell"],"picked":"Fusion Hammer"},{"not_picked":["Philosopher\u0027s Stone","Runic Pyramid"],"picked":"Sozu"}],"items_purged_floors":[],"is_endless":false,"potions_floor_spawned":[1,6,16,21,22,25,27,30],"killed_by":"Writhing Mass","ascension_level":4}}