{"host":"Lucas","time":1612652523,"event":{"mods":["BaseMod","Downfall","Minty Spire (QoL Compilation)","READ ME - Guardian Mod","StSLib","The Cursed","The Disciple","The Necromancer","The Servant 0.9.4"],"gold_per_floor":[99,117,117,102,122,397,397,431,99,109,109,120,120,105,120,223,223,223,242,254,267,267,279,303,190,217,19,119,219,97,108,119,220,220,120,135,152,1151,1151,736,759,759,559,591,610,124,124,136,148,148,148,148,148,148],"floor_reached":52,"language":"ENG","playtime":4071,"items_purged":["Regret","Normality","Normality"],"score":727,"play_id":"808040a2-9289-4a43-a66d-31a01755fbb4","local_time":"20210206230203","is_ascension_mode":false,"campfire_choices":[{"data":"bronze:Replicate","floor":1,"key":"SMITH"},{"data":"bronze:Repair","floor":11,"key":"SMITH"},{"data":"bronze:Optimize","floor":13,"key":"SMITH"},{"data":"bronze:SpaghettiCode","floor":18,"key":"SMITH"},{"floor":35,"key":"RECALL"},{"floor":43,"key":"REST"},{"data":"expansioncontent:DashGenerateEvil","floor":47,"key":"SMITH"}],"circlet_count":0,"master_deck":["bronze:Strike","bronze:Strike","bronze:Strike+1","bronze:Defend","bronze:Defend","bronze:Defend","bronze:Replicate+1","bronze:Goto","bronze:Format","bronze:ChosenStrike","bronze:Repair+1","bronze:Optimize+1","bronze:CutThrough","bronze:Verify","bronze:DelayedSlice","bronze:Separator","bronze:GetLatest","bronze:ThunderWave","bronze:SpaghettiCode+1","bronze:Overheat+1","bronze:Shell+1","bronze:InfiniteBeams+1","bronze:Fortify","Clumsy","bronze:WhirlingStrike+1","expansioncontent:InvincibleStrength","bronze:Allocate","bronze:Overload+1","bronze:Terminator+1","bronze:Optimize","Bandage Up","bronze:Repair","bronze:HardenedForm","bronze:NullPointer+1","bronze:Deprecate+1","bronze:Branch+1","bronze:ChosenStrike","bronze:WildBeam+1","expansioncontent:YouAreMine","expansioncontent:DashGenerateEvil+1","downfall:Aged","bronze:DelayedSlice","bronze:FineTuning","bronze:WhirlingStrike","bronze:HyperBeam"],"relics":["bronze:BronzeCore","Bottled Lightning","HornCleat","Gremlin Horn","Cursed Key","Whetstone","Pantograph","Du-Vu Doll","Mercury Hourglass","White Beast Statue","Astrolabe","downfall:HeartBlessingGreen","Lantern","downfall:HeartBlessingRed","downfall:HeartBlessingBlue","Oddly Smooth Stone","bronze:CableSpool"],"acts_visited":["Exordium","TheCity","TheBeyond","TheEnding"],"potions_floor_usage":[8,15,16,21,29,32,33,44,50,50],"damage_taken":[{"damage":10,"enemies":"Small Slimes","floor":2,"turns":3},{"damage":5,"enemies":"downfall:FleeingMerchant","floor":4,"turns":4},{"damage":0,"enemies":"Cultist","floor":5,"turns":3},{"damage":20,"enemies":"Lagavulin","floor":8,"turns":6},{"damage":6,"enemies":"downfall:FleeingMerchant","floor":9,"turns":4},{"damage":4,"enemies":"2 Louse","floor":10,"turns":3},{"damage":0,"enemies":"Red Slaver","floor":12,"turns":3},{"damage":0,"enemies":"downfall:FleeingMerchant","floor":14,"turns":4},{"damage":6,"enemies":"Exordium Thugs","floor":15,"turns":3},{"damage":17,"enemies":"SI_SHIV_ARCHETYPE","floor":16,"turns":8},{"damage":6,"enemies":"3 Byrds","floor":19,"turns":3},{"damage":0,"enemies":"Centurion and Healer","floor":20,"turns":3},{"damage":4,"enemies":"Snake Plant","floor":21,"turns":4},{"damage":0,"enemies":"Sentry and Sphere","floor":23,"turns":3},{"damage":3,"enemies":"downfall:FleeingMerchant","floor":25,"turns":4},{"damage":6,"enemies":"Book of Stabbing","floor":26,"turns":4},{"damage":0,"enemies":"downfall:FleeingMerchant","floor":27,"turns":1},{"damage":6,"enemies":"downfall:LadyInBlue","floor":29,"turns":6},{"damage":9,"enemies":"3 Cultists","floor":31,"turns":4},{"damage":8,"enemies":"Shelled Parasite and Fungi","floor":32,"turns":4},{"damage":39,"enemies":"IC_MUSHROOM_ARCHETYPE","floor":33,"turns":8},{"damage":31,"enemies":"Orb Walker","floor":36,"turns":5},{"damage":6,"enemies":"3 Darklings","floor":37,"turns":3},{"damage":1,"enemies":"Nemesis","floor":44,"turns":7},{"damage":0,"enemies":"4 Shapes","floor":45,"turns":2},{"damage":0,"enemies":"Jaw Worm Horde","floor":48,"turns":3},{"damage":0,"enemies":"3 Darklings","floor":49,"turns":3},{"damage":36,"enemies":"WA_ARCHETYPE_DIVINITY","floor":50,"turns":10},{"damage":140,"enemies":"downfall:CharBossMerchant","floor":52,"turns":8}],"seed_played":"6518444492914231223","potions_obtained":[{"floor":2,"key":"sneckomod:MuddlingPotion"},{"floor":5,"key":"Explosive Potion"},{"floor":8,"key":"bronze:CleanCodePotion"},{"floor":10,"key":"SkillPotion"},{"floor":15,"key":"FearPotion"},{"floor":16,"key":"EssenceOfSteel"},{"floor":23,"key":"SkillPotion"},{"floor":29,"key":"Regen Potion"},{"floor":32,"key":"Energy Potion"},{"floor":33,"key":"sneckomod:MuddlingPotion"},{"floor":37,"key":"PowerPotion"},{"floor":44,"key":"AttackPotion"}],"is_trial":false,"path_per_floor":["R","M","?","$","M","?","T","E","$","M","R","M","R","$","M","B",null,"R","M","M","M","?","M","T","$","E","$","?","?","$","M","M","B",null,"R","M","M","?","?","$","T","?","R","E","M","$","R","M","M","B",null,"E"],"character_chosen":"THE_AUTOMATON","items_purchased":["Gremlin Horn","expansioncontent:InvincibleStrength","Du-Vu Doll","Mercury Hourglass","bronze:Optimize","Bandage Up","Lantern","expansioncontent:DashGenerateEvil","bronze:CableSpool","FairyPotion"],"campfire_rested":1,"item_purchase_floors":[9,25,27,27,30,30,40,40,46,46],"current_hp_per_floor":[70,60,60,55,62,62,62,51,52,55,55,65,65,70,70,53,70,70,70,70,66,66,70,70,67,64,70,70,64,64,61,66,39,70,70,48,59,59,59,59,59,59,80,80,80,80,80,80,80,48,80,0,0,0],"gold":148,"neow_bonus":"ONE_RANDOM_RARE_CARD","is_daily":false,"chose_seed":false,"campfire_upgraded":5,"win_rate":0.0,"timestamp":1612652523,"path_taken":["R","M","?","$","?","?","T","E","$","M","R","M","R","$","M","BOSS","R","M","M","M","?","M","T","?","E","$","?","?","$","M","M","BOSS","R","M","?","?","?","$","T","?","R","E","?","$","R","M","M","BOSS","E"],"items_purchased_type":["Relic","Card","Relic","Relic","Card","Card","Relic","Card","Relic","Potion"],"build_version":"2020-12-18","purchased_purges":3,"victory":false,"max_hp_per_floor":[70,70,70,70,70,70,70,70,70,70,70,70,70,70,70,70,70,70,70,70,70,70,70,70,70,70,70,70,70,70,70,70,70,70,70,70,70,70,70,70,70,70,80,80,80,80,80,80,80,80,80,80,80,80],"card_choices":[{"not_picked":["bronze:MaxOutput","bronze:Return"],"picked":"bronze:ChosenStrike","floor":2},{"not_picked":["bronze:ChildClass","bronze:Deprecate"],"picked":"bronze:Repair","floor":4},{"not_picked":["bronze:DelayedGuard","bronze:Overheat"],"picked":"bronze:Optimize","floor":5},{"not_picked":["bronze:ForLoop","bronze:Overload"],"picked":"bronze:CutThrough","floor":8},{"not_picked":["bronze:Turbo","bronze:Refactor"],"picked":"bronze:Verify","floor":9},{"not_picked":["bronze:Shield","bronze:Deprecate"],"picked":"bronze:DelayedSlice","floor":10},{"not_picked":["bronze:Overheat","bronze:NullPointer"],"picked":"bronze:Separator","floor":12},{"not_picked":["bronze:DigitalCarnage","bronze:Separator"],"picked":"bronze:GetLatest","floor":14},{"not_picked":["bronze:Turbo","bronze:Branch"],"picked":"bronze:ThunderWave","floor":15},{"not_picked":["bronze:Assembly","bronze:ThunderWave"],"picked":"bronze:SpaghettiCode","floor":16},{"not_picked":["bronze:Separator","bronze:BronzeArmor+1"],"picked":"bronze:Overheat","floor":19},{"not_picked":["bronze:FineTuning+1","bronze:Turbo"],"picked":"bronze:Shell+1","floor":20},{"not_picked":["bronze:Assembly","bronze:CutThrough"],"picked":"bronze:InfiniteBeams+1","floor":21},{"not_picked":["bronze:Allocate","bronze:Refactor"],"picked":"bronze:Fortify","floor":23},{"not_picked":["bronze:DelayedSlice","bronze:Deprecate"],"picked":"bronze:WhirlingStrike+1","floor":25},{"not_picked":["bronze:FineTuning","bronze:MaxOutput+1"],"picked":"bronze:Allocate","floor":26},{"not_picked":["bronze:BronzeArmor+1","bronze:Fortify+1"],"picked":"bronze:Overload+1","floor":27},{"not_picked":["bronze:FineTuning","bronze:Backtrace"],"picked":"bronze:Terminator+1","floor":29},{"not_picked":["bronze:BuggyMess+1","bronze:Allocate"],"picked":"bronze:Constructor","floor":31},{"not_picked":["bronze:Deprecate","bronze:ClassDefault"],"picked":"bronze:Repair","floor":32},{"not_picked":["bronze:RecursiveStrike","bronze:Verify"],"picked":"bronze:HardenedForm","floor":33},{"not_picked":["bronze:MaxOutput","bronze:DelayedGuard"],"picked":"bronze:ChosenStrike","floor":36},{"not_picked":["bronze:Overheat","bronze:Deprecate+1"],"picked":"bronze:WildBeam+1","floor":37},{"not_picked":["expansioncontent:PolyBeam","expansioncontent:InvincibleStrength"],"picked":"expansioncontent:YouAreMine","floor":39},{"not_picked":["bronze:Philosophize+1","bronze:MaxOutput+1"],"picked":"bronze:DelayedSlice","floor":44},{"not_picked":["bronze:Overload","bronze:BuggyMess+1"],"picked":"bronze:FineTuning","floor":45},{"not_picked":["bronze:Philosophize+1","bronze:BuggyMess"],"picked":"bronze:WhirlingStrike","floor":48},{"not_picked":["bronze:BronzeArmor+1","bronze:BitShift"],"picked":"bronze:HyperBeam","floor":49}],"player_experience":1284998,"relics_obtained":[{"floor":7,"key":"Bottled Lightning"},{"floor":8,"key":"HornCleat"},{"floor":24,"key":"Whetstone"},{"floor":26,"key":"Pantograph"},{"floor":29,"key":"White Beast Statue"},{"floor":44,"key":"Oddly Smooth Stone"}],"event_choices":[{"damage_healed":0,"gold_gain":0,"player_choice":"Ignored","damage_taken":0,"max_hp_gain":0,"max_hp_loss":0,"event_name":"Ghosts","floor":22,"gold_loss":0}],"is_beta":true,"boss_relics":[{"not_picked":["Runic Pyramid","Coffee Dripper"],"picked":"Cursed Key"},{"not_picked":["Runic Dome","Snecko Eye"],"picked":"Astrolabe"}],"items_purged_floors":[9,40,46],"is_endless":false,"potions_floor_spawned":[2,5,8,10,15,16,23,26,29,31,32,33,36,37,44,45,48,49],"killed_by":"downfall:CharBossMerchant","ascension_level":0}}