{"host":"htr0t6l50g7s3p2f","time":1612596207,"event":{"mods":["BaseMod","Better Note","Minty Spire (QoL Compilation)","Rare Cards Sparkle","StSLib","The IronCluck"],"gold_per_floor":[109,109,129,139,157,157,169,189,216,216,216,250,66,83,83,157,157,128,128,128,128,128,128,162,186,209,22,22,22],"floor_reached":28,"language":"ENG","playtime":1673,"items_purged":["Strike_G"],"score":440,"play_id":"c3522272-1948-4be8-a4cf-a115c2d6d66f","local_time":"20210206182327","is_ascension_mode":true,"campfire_choices":[{"floor":6,"key":"REST"},{"data":"Neutralize","floor":10,"key":"SMITH"},{"data":"1","floor":15,"key":"LIFT"},{"floor":23,"key":"REST"}],"circlet_count":0,"master_deck":["AscendersBane","Strike_G","Strike_G","Strike_G","Defend_G","Defend_G","Defend_G+1","Defend_G+1","Defend_G","Survivor","Neutralize+1","Dodge and Roll","Calculated Gamble","Outmaneuver","Heel Hook","Infinite Blades","Footwork","Skewer","Bullet Time","Blade Dance","Footwork","Prepared","Adrenaline","Well Laid Plans","J.A.X.","RitualDagger","Bandage Up","Noxious Fumes"],"relics":["Ring of the Snake","War Paint","Girya","Lantern","Sozu","Strawberry","Vajra","Centennial Puzzle"],"acts_visited":["Exordium","TheCity"],"potions_floor_usage":[8,14,20],"damage_taken":[{"damage":1,"enemies":"2 Louse","floor":1,"turns":4},{"damage":8,"enemies":"Cultist","floor":3,"turns":5},{"damage":6,"enemies":"Small Slimes","floor":4,"turns":5},{"damage":3,"enemies":"Blue Slaver","floor":5,"turns":7},{"damage":16,"enemies":"3 Louse","floor":7,"turns":6},{"damage":2,"enemies":"Looter","floor":8,"turns":5},{"damage":22,"enemies":"3 Sentries","floor":12,"turns":10},{"damage":0,"enemies":"2 Fungi Beasts","floor":14,"turns":3},{"damage":12,"enemies":"Hexaghost","floor":16,"turns":16},{"damage":9,"enemies":"2 Thieves","floor":18,"turns":4},{"damage":3,"enemies":"Chosen","floor":20,"turns":5},{"damage":38,"enemies":"Slavers","floor":24,"turns":7},{"damage":42,"enemies":"Colosseum Slavers","floor":28,"turns":3}],"seed_played":"-996681379808994270","potions_obtained":[{"floor":7,"key":"SneckoOil"},{"floor":8,"key":"SmokeBomb"},{"floor":12,"key":"ColorlessPotion"}],"is_trial":false,"path_per_floor":["M","?","M","M","M","R","M","M","T","R","?","E","$","M","R","B",null,"M","?","M","?","?","R","E","T","T","$","?"],"character_chosen":"THE_SILENT","items_purchased":["Blade Dance","Footwork","Bandage Up","Noxious Fumes"],"campfire_rested":2,"item_purchase_floors":[13,13,27,27],"current_hp_per_floor":[64,64,56,50,47,68,52,50,50,50,50,28,28,28,28,16,58,49,49,46,46,40,61,30,30,30,30,0,0],"gold":22,"neow_bonus":"TEN_PERCENT_HP_BONUS","is_daily":false,"chose_seed":false,"campfire_upgraded":1,"win_rate":0.0,"timestamp":1612596207,"path_taken":["M","?","M","?","M","R","M","M","T","R","?","E","$","M","R","BOSS","M","?","M","?","?","R","E","?","T","$","?"],"items_purchased_type":["Card","Card","Card","Card"],"build_version":"2020-12-22","purchased_purges":1,"victory":false,"max_hp_per_floor":[72,72,72,72,72,72,72,72,72,72,72,72,72,72,72,72,72,72,72,72,72,72,72,79,79,79,79,79,79],"card_choices":[{"not_picked":["PiercingWail","Riddle With Holes"],"picked":"Dodge and Roll","floor":1},{"not_picked":["Quick Slash","Sucker Punch"],"picked":"Outmaneuver","floor":3},{"not_picked":["Distraction","Prepared"],"picked":"Heel Hook","floor":4},{"not_picked":["Eviscerate","Dagger Throw"],"picked":"Infinite Blades","floor":5},{"not_picked":["Deadly Poison","Prepared"],"picked":"Footwork","floor":7},{"not_picked":["Dodge and Roll","Slice"],"picked":"Skewer","floor":8},{"not_picked":["Quick Slash","Eviscerate"],"picked":"Bullet Time","floor":12},{"not_picked":["PiercingWail","Sucker Punch"],"picked":"Prepared","floor":14},{"not_picked":["Burst","Unload"],"picked":"Adrenaline","floor":16},{"not_picked":["Underhanded Strike","Deflect"],"picked":"Well Laid Plans","floor":18},{"not_picked":["Reflex","Dagger Throw","Well Laid Plans"],"picked":"SKIP","floor":24}],"player_experience":956949,"relics_obtained":[{"floor":9,"key":"War Paint"},{"floor":12,"key":"Lantern"},{"floor":24,"key":"Strawberry"},{"floor":25,"key":"Vajra"},{"floor":26,"key":"Centennial Puzzle"}],"event_choices":[{"damage_healed":0,"gold_gain":0,"cards_transformed":["Strike_G"],"player_choice":"Transformed","damage_taken":0,"max_hp_gain":0,"max_hp_loss":0,"event_name":"Transmorgrifier","floor":2,"gold_loss":0,"cards_obtained":["Calculated Gamble"]},{"damage_healed":0,"gold_gain":0,"player_choice":"Searched \u00271\u0027 times","damage_taken":0,"relics_obtained":["Girya"],"max_hp_gain":0,"max_hp_loss":0,"event_name":"Dead Adventurer","floor":11,"gold_loss":0},{"damage_healed":0,"gold_gain":0,"player_choice":"Ignored","damage_taken":0,"max_hp_gain":0,"max_hp_loss":0,"event_name":"The Mausoleum","floor":19,"gold_loss":0},{"damage_healed":0,"gold_gain":0,"player_choice":"Obtain J.A.X.","damage_taken":0,"max_hp_gain":0,"max_hp_loss":0,"event_name":"Drug Dealer","floor":21,"gold_loss":0,"cards_obtained":["J.A.X."]},{"damage_healed":0,"gold_gain":0,"player_choice":"Joined the Cult","damage_taken":6,"max_hp_gain":0,"max_hp_loss":0,"event_name":"Nest","floor":22,"gold_loss":0,"cards_obtained":["RitualDagger"]},{"damage_healed":0,"gold_gain":0,"player_choice":"Fight","damage_taken":0,"max_hp_gain":0,"max_hp_loss":0,"event_name":"Colosseum","floor":28,"gold_loss":0}],"is_beta":false,"boss_relics":[{"not_picked":["SlaversCollar","HoveringKite"],"picked":"Sozu"}],"items_purged_floors":[13],"is_endless":false,"potions_floor_spawned":[7,8,12,20],"killed_by":"Colosseum Slavers","ascension_level":17}}