{"host":"rf8f5793azs0jd9i","time":1612587460,"event":{"mods":["AchievementEnabler","Aspiration","BaseMod","Colored Powertips","Hubris","Infinite Spire","Minty Spire (QoL Compilation)","Replay The Spire","StSLib"],"gold_per_floor":[116,5558,5578,5653,5730,5762,5789,5822,5848,5411,5411,5411,5429,5443,5443,5546,5546,5562,5575,5169,5186,5236,5236,5251,5251,5278,5296,5321,5321,5341,5357,5357,5458,5558,5578,5589,5601,5613,5613,5640,5640,5640,5640,5640,5674,5745,5745,5760,5760,5762],"floor_reached":51,"language":"ENG","playtime":2388,"items_purged":["Strike_P","Defend_P","Defend_P","Strike_P"],"score":739,"play_id":"d5aff64e-5440-4b16-92cb-868705a963da","local_time":"20210205225740","is_ascension_mode":false,"campfire_choices":[{"floor":15,"key":"REST"},{"data":"hubris:Fate","floor":23,"key":"SMITH"},{"data":"Alpha","floor":25,"key":"SMITH"},{"data":"Limit Break","floor":32,"key":"SMITH"},{"data":"WheelKick","floor":41,"key":"SMITH"},{"data":"Swivel","floor":44,"key":"SMITH"},{"data":"TalkToTheHand","floor":49,"key":"SMITH"}],"circlet_count":0,"master_deck":["Strike_P","Strike_P","Defend_P","Defend_P","Eruption","Vigilance","FlyingSleeves","Inflame","Inflame","Swivel+1","WheelKick+1","Wallop","TalkToTheHand+1","Limit Break+1","Consecrate","Replay:AtTheReady+1","Alpha+1","hubris:Fate+1","Pommel Strike","RitualDagger","BattleHymn","Swivel+1","DeusExMachina","AbeCurse","Indignation+1","Tantrum+1","ClearTheMind+1","EmptyFist+1","Consecrate+1"],"relics":["PureWater","aspiration:Nostalgia","Iron Core","Mercury Hourglass","Anchor","ReplayTheSpireMod:Lightbulb","Replay:PocketPolymizer","Bag of Preparation","Bronze Scales","aspiration:ChemicalBlood","Membership Card","hubris:DisguiseKit","Bag of Marbles","Runic Dome","hubris:MobiusCoin","aspiration:Lifesprig","HandDrill","Philosopher\u0027s Stone","infinitespire:BottledMercury","Blue Doll","aspiration:HatOfInfinitePower","Replay:Grab Bag","Replay:Bronze Core","Abe\u0027s Treasure","aspiration:SecretTechniqueScroll","infinitespire:Midas Blood","Pocketwatch","Blood Vial"],"acts_visited":["Exordium","TheCity","TheBeyond"],"potions_floor_usage":[6,8,16,33,33,50,50,50,50],"damage_taken":[{"damage":0,"enemies":"Small Slimes","floor":1,"turns":2},{"damage":0,"enemies":"Jaw Worm","floor":3,"turns":3},{"damage":14,"enemies":"3 Sentries","floor":6,"turns":5},{"damage":16,"enemies":"Gremlin Nob","floor":8,"turns":3},{"damage":0,"enemies":"Cultist","floor":13,"turns":2},{"damage":0,"enemies":"Large Slime","floor":14,"turns":4},{"damage":23,"enemies":"Hexaghost","floor":16,"turns":5},{"damage":13,"enemies":"2 Thieves","floor":18,"turns":3},{"damage":5,"enemies":"Spheric Guardian","floor":19,"turns":3},{"damage":3,"enemies":"Snake Plant","floor":21,"turns":2},{"damage":2,"enemies":"Cultist and Chosen","floor":24,"turns":3},{"damage":0,"enemies":"3 Cultists","floor":27,"turns":2},{"damage":2,"enemies":"Book of Stabbing","floor":28,"turns":2},{"damage":0,"enemies":"Snake Plant","floor":30,"turns":2},{"damage":0,"enemies":"Chosen and Byrds","floor":31,"turns":4},{"damage":18,"enemies":"Collector","floor":33,"turns":6},{"damage":0,"enemies":"3 Shapes","floor":35,"turns":3},{"damage":6,"enemies":"Orb Walker","floor":36,"turns":2},{"damage":0,"enemies":"Spire Growth","floor":37,"turns":1},{"damage":31,"enemies":"4 Shapes","floor":38,"turns":3},{"damage":0,"enemies":"R_Hoarder","floor":40,"turns":4},{"damage":0,"enemies":"Nemesis","floor":45,"turns":4},{"damage":13,"enemies":"Jaw Worm Horde","floor":46,"turns":3},{"damage":0,"enemies":"Writhing Mass","floor":48,"turns":3},{"damage":21,"enemies":"Replay:Hell Engine","floor":50,"turns":4}],"seed_played":"3401612013936355044","potions_obtained":[{"floor":3,"key":"LiquidBronze"},{"floor":5,"key":"Block Potion"},{"floor":5,"key":"Fire Potion"},{"floor":6,"key":"Milkshake"},{"floor":16,"key":"ColorlessPotion"},{"floor":18,"key":"Flashbang"},{"floor":33,"key":"ColorlessPotion"}],"is_trial":false,"path_per_floor":["M","$","M","?","?","E","T","E","T","$","?","?","M","M","R","B",null,"M","M","$","M","AVR","R","M","R","T","M","E","?","M","M","R","B",null,"M","M","M","M","?","E","R","?","T","R","E","M","?","M","R","B",null],"character_chosen":"WATCHER","items_purchased":["Elixir","Mercury Hourglass","Anchor","Inflame","Membership Card","hubris:DisguiseKit","Bag of Marbles","WheelKick","hubris:MobiusCoin","aspiration:Lifesprig","HandDrill","Alpha"],"campfire_rested":1,"item_purchase_floors":[2,2,2,2,10,10,10,10,20,20,20,20],"current_hp_per_floor":[72,72,72,61,33,19,19,3,3,3,3,3,3,3,24,1,72,59,54,54,51,51,51,49,49,49,49,47,41,41,41,41,23,72,72,66,66,35,35,35,35,35,35,35,35,24,31,33,33,14],"gold":5762,"neow_bonus":"NOSTALGIA","is_daily":false,"chose_seed":false,"campfire_upgraded":6,"win_rate":0.0,"timestamp":1612587460,"path_taken":["M","$","M","?","?","E","?","E","T","$","?","?","M","?","R","BOSS","M","M","$","M","AVR","R","M","R","T","M","E","?","M","M","R","BOSS","M","M","M","M","?","E","R","?","T","R","E","M","?","M","R","BOSS"],"items_purchased_type":["Potion","Relic","Relic","Card","Relic","Relic","Relic","Card","Relic","Relic","Relic","Card"],"build_version":"2020-12-22","purchased_purges":4,"victory":true,"max_hp_per_floor":[72,72,72,72,72,72,72,72,72,72,72,72,72,72,72,72,72,72,72,72,72,72,72,72,72,72,72,72,72,72,72,72,72,72,72,72,72,72,68,68,68,68,68,68,68,68,68,68,68,68],"card_choices":[{"not_picked":["CutThroughFate","ThirdEye"],"picked":"FlyingSleeves","floor":1},{"not_picked":["EmptyBody","Study"],"picked":"Swivel","floor":3},{"not_picked":["Iron Wave","Replay:ManipulateFuture","Establishment"],"picked":"SKIP","floor":6},{"not_picked":["Fasting2","Rebound","Replay:BluntJabs"],"picked":"SKIP","floor":8},{"not_picked":["Replay:ManipulateFuture","PathToVictory","Second Wind"],"picked":"Wallop","floor":13},{"not_picked":["Capacitor","Replay:ManipulateFuture","Iron Wave"],"picked":"TalkToTheHand","floor":14},{"not_picked":["Scrawl","Blasphemy","Exhume"],"picked":"Limit Break","floor":16},{"not_picked":["Evaluate","FlurryOfBlows","ReplayReversal"],"picked":"Consecrate","floor":18},{"not_picked":["BattleHymn","FollowUp","Uppercut"],"picked":"Replay:AtTheReady+1","floor":19},{"not_picked":["Tantrum","JustLucky","Protect","Warcry"],"picked":"SKIP","floor":21},{"not_picked":["SashWhip","Replay:BluntJabs","CutThroughFate","Armaments"],"picked":"SKIP","floor":24},{"not_picked":["Protect","Meditate","Nirvana"],"picked":"Pommel Strike","floor":27},{"not_picked":["Meditate","ClearTheMind","ThirdEye","Reckless Charge"],"picked":"SKIP","floor":28},{"not_picked":["Halt","Protect","Intimidate"],"picked":"BattleHymn","floor":30},{"not_picked":["EmptyFist","FollowUp","Hemogenesis"],"picked":"Swivel+1","floor":31},{"not_picked":["Alpha","Judgement","Reaper"],"picked":"DeusExMachina","floor":33},{"not_picked":["PathToVictory+1","Replay:Vibes","Replay:Undeath\u0027s Touch"],"picked":"Indignation+1","floor":35},{"not_picked":["Replay:Vibes+1","FlyingSleeves+1","Replay:Undeath\u0027s Touch"],"picked":"Tantrum+1","floor":36},{"not_picked":["PathToVictory+1","Replay:DivineShield+1","Fasting2+1","Inflame"],"picked":"SKIP","floor":37},{"not_picked":["Conclude","Perseverance","Feed"],"picked":"ClearTheMind+1","floor":38},{"not_picked":["Replay:Vibes","Halt","Vault","ReplayTheSpireMod:Muscle Training"],"picked":"SKIP","floor":40},{"not_picked":["EmptyFist+1","WaveOfTheHand+1","JustLucky","Cleave"],"picked":"SKIP","floor":45},{"not_picked":["FearNoEvil+1","CutThroughFate","Warcry"],"picked":"EmptyFist+1","floor":46},{"not_picked":["SashWhip+1","Evaluate","Armaments"],"picked":"Consecrate+1","floor":48}],"player_experience":61321,"relics_obtained":[{"floor":5,"key":"ReplayTheSpireMod:Lightbulb"},{"floor":6,"key":"Replay:PocketPolymizer"},{"floor":7,"key":"Bag of Preparation"},{"floor":8,"key":"Bronze Scales"},{"floor":9,"key":"aspiration:ChemicalBlood"},{"floor":26,"key":"Blue Doll"},{"floor":28,"key":"aspiration:HatOfInfinitePower"},{"floor":40,"key":"infinitespire:Midas Blood"},{"floor":43,"key":"Pocketwatch"},{"floor":45,"key":"Blood Vial"}],"event_choices":[{"damage_healed":0,"gold_gain":75,"player_choice":"Gather Gold","damage_taken":11,"max_hp_gain":0,"max_hp_loss":0,"event_name":"World of Goop","floor":4,"gold_loss":0},{"damage_healed":0,"gold_gain":0,"player_choice":"Fled","damage_taken":0,"max_hp_gain":0,"max_hp_loss":0,"event_name":"Scrap Ooze","floor":11,"gold_loss":0},{"damage_healed":0,"gold_gain":0,"player_choice":"Bought 0 Potions","damage_taken":0,"max_hp_gain":0,"max_hp_loss":0,"event_name":"The Woman in Blue","floor":12,"gold_loss":0},{"damage_healed":0,"gold_gain":0,"player_choice":"Joined the Cult","damage_taken":6,"max_hp_gain":0,"max_hp_loss":0,"event_name":"Nest","floor":29,"gold_loss":0,"cards_obtained":["RitualDagger"]},{"damage_healed":0,"gold_gain":0,"player_choice":"Max HP","damage_taken":0,"max_hp_gain":0,"max_hp_loss":4,"event_name":"Winding Halls","floor":39,"gold_loss":0},{"damage_healed":0,"gold_gain":0,"player_choice":"Ignored","damage_taken":0,"max_hp_gain":0,"max_hp_loss":0,"event_name":"Tomb of Lord Red Mask","floor":42,"gold_loss":0}],"is_beta":false,"boss_relics":[{"not_picked":["ReplayTheSpireMod:SealedPack","Fusion Hammer"],"picked":"Runic Dome"},{"not_picked":["Pandora\u0027s Box","Painkiller Herb"],"picked":"Replay:Grab Bag"},{"not_picked":["Velvet Choker","hubris:GrandSneckoEye"],"picked":"Replay:Bronze Core"},{"not_picked":["hubris:TerracottaHorce","ChewingGum"],"picked":"Abe\u0027s Treasure"},{"not_picked":["Calling Bell","hubris:BlackHole"],"picked":"aspiration:SecretTechniqueScroll"}],"items_purged_floors":[2,10,20,22],"is_endless":false,"potions_floor_spawned":[1,3,6,16,18,27,28,33,36,40,45],"ascension_level":0}}