{"host":"rb2p2z6v6vieend5","time":1612635013,"event":{"mods":["BaseMod","Block Reminder","Colored Map","DeckTracker","Highlight Path","Minty Spire (QoL Compilation)","Random Character Button","Relic Stats"],"gold_per_floor":[111,111,121,71,88,88,100,100,100,100,100,51,67,78,78,149,149,165,146,164,263,263,263],"floor_reached":22,"language":"ENG","playtime":992,"items_purged":[],"score":294,"play_id":"1adc227e-c4c0-47a8-90c0-157316e6190c","local_time":"20210206191013","is_ascension_mode":true,"campfire_choices":[{"data":"Dagger Spray","floor":6,"key":"SMITH"},{"data":"Noxious Fumes","floor":8,"key":"SMITH"},{"data":"Crippling Poison","floor":10,"key":"SMITH"},{"data":"Dagger Spray","floor":15,"key":"SMITH"}],"circlet_count":0,"master_deck":["AscendersBane","Strike_G","Strike_G","Strike_G","Defend_G","Defend_G","Defend_G","Defend_G","Defend_G","Survivor","Neutralize","Crippling Poison+1","Dagger Spray+1","Noxious Fumes+1","Dagger Spray+1","Escape Plan","Backstab","Terror"],"relics":["Ring of the Snake","Strawberry","Ornamental Fan","HoveringKite"],"acts_visited":["Exordium","TheCity"],"potions_floor_usage":[7,22,22],"damage_taken":[{"damage":4,"enemies":"Jaw Worm","floor":1,"turns":6},{"damage":0,"enemies":"Cultist","floor":3,"turns":5},{"damage":1,"enemies":"2 Louse","floor":5,"turns":3},{"damage":8,"enemies":"Gremlin Gang","floor":7,"turns":6},{"damage":0,"enemies":"3 Louse","floor":13,"turns":1},{"damage":5,"enemies":"Exordium Wildlife","floor":14,"turns":5},{"damage":31,"enemies":"Hexaghost","floor":16,"turns":10},{"damage":31,"enemies":"Spheric Guardian","floor":18,"turns":7},{"damage":18,"enemies":"2 Thieves","floor":19,"turns":4},{"damage":11,"enemies":"Centurion and Healer","floor":20,"turns":5},{"damage":6,"enemies":"Cultist and Chosen","floor":22,"turns":6}],"seed_played":"2954472945220157708","potions_obtained":[{"floor":1,"key":"BlessingOfTheForge"},{"floor":5,"key":"EssenceOfSteel"},{"floor":16,"key":"GhostInAJar"}],"is_trial":false,"path_per_floor":["M","?","M","?","M","R","M","R","T","R","?","$","M","M","R","B",null,"M","M","M","?","M"],"character_chosen":"THE_SILENT","items_purchased":["Dagger Spray"],"campfire_rested":0,"item_purchase_floors":[12],"current_hp_per_floor":[66,66,66,66,65,65,57,57,57,57,50,50,50,45,45,14,61,30,12,1,1,0,0],"gold":263,"neow_bonus":"RANDOM_COMMON_RELIC","is_daily":false,"chose_seed":false,"campfire_upgraded":4,"win_rate":0.0,"timestamp":1612635013,"path_taken":["M","?","?","?","M","R","M","R","T","R","?","$","M","M","R","BOSS","M","?","M","?","M"],"items_purchased_type":["Card"],"build_version":"2020-12-22","purchased_purges":0,"victory":false,"max_hp_per_floor":[77,77,77,77,77,77,77,77,77,77,77,77,77,77,77,77,77,77,77,77,77,77,77],"relic_stats":{"counters":[11,58],"Ornamental Fan":[16],"HoveringKite":[5],"obtain_stats":[{"Ornamental Fan":9,"Strawberry":0,"HoveringKite":17,"Ring of the Snake":0},{"Ornamental Fan":4,"Strawberry":0,"HoveringKite":7,"Ring of the Snake":0},{"Ornamental Fan":20,"Strawberry":0,"HoveringKite":36,"Ring of the Snake":0}],"Ring of the Snake":[22]},"card_choices":[{"not_picked":["Underhanded Strike","Flechettes"],"picked":"Crippling Poison","floor":1},{"not_picked":["Dagger Throw","Flying Knee"],"picked":"Dagger Spray","floor":3},{"not_picked":["Flying Knee","Skewer","Underhanded Strike"],"picked":"SKIP","floor":5},{"not_picked":["Finisher","Bane"],"picked":"Noxious Fumes","floor":7},{"not_picked":["Cloak And Dagger","Distraction","Infinite Blades"],"picked":"SKIP","floor":13},{"not_picked":["Crippling Poison","Poisoned Stab"],"picked":"Escape Plan","floor":14},{"not_picked":["Deflect","Accuracy"],"picked":"Backstab","floor":18},{"not_picked":["Poisoned Stab","Slice","Dodge and Roll"],"picked":"SKIP","floor":19},{"not_picked":["Masterful Stab","Slice"],"picked":"Terror","floor":20}],"player_experience":694102,"relics_obtained":[{"floor":9,"key":"Ornamental Fan"}],"event_choices":[{"cards_removed":["Strike_G"],"damage_healed":0,"gold_gain":0,"player_choice":"Purged","damage_taken":0,"max_hp_gain":0,"max_hp_loss":0,"event_name":"Purifier","floor":2,"gold_loss":0},{"cards_removed":["Strike_G"],"damage_healed":0,"gold_gain":0,"player_choice":"Card Removal","damage_taken":0,"max_hp_gain":0,"max_hp_loss":0,"event_name":"The Cleric","floor":4,"gold_loss":50},{"damage_healed":0,"gold_gain":0,"player_choice":"Damaged","damage_taken":7,"max_hp_gain":0,"max_hp_loss":0,"event_name":"Wheel of Change","floor":11,"gold_loss":0},{"damage_healed":0,"gold_gain":99,"player_choice":"Stole From Cult","damage_taken":0,"max_hp_gain":0,"max_hp_loss":0,"event_name":"Nest","floor":21,"gold_loss":0}],"is_beta":false,"boss_relics":[{"not_picked":["WristBlade","Ectoplasm"],"picked":"HoveringKite"}],"items_purged_floors":[],"is_endless":false,"potions_floor_spawned":[1,5,16,20],"killed_by":"Cultist and Chosen","ascension_level":13}}