{"host":"2xnjhc1nuqzfyzm4","time":1612642099,"event":{"mods":["100% Spire Juice","Act Like it!","Arknights","BaseMod","Beaked The Cultist","Bestiary","Better Match","Better Note","Better Sensory Stone","Better Third Choice","Block Reminder","CapriCore","CatGirl Mod","ChefMod","Colored Powertips","Displayed Cursed Tome","Dota2Spire","Downfall","Ekko","Elementarium","GungeonMod","Hallownest","Hermit","Hubris","Infinite Spire","Jedi Mod","Jorbs\u0027s Wanderer Trilogy","Luminous","Mad Scientist","Marisa????????","Menagerie","Minty Spire (QoL Compilation)","Potionbrewer","Prisma Mod","QueenMod","Relic Stats","Reliquary","Replay The Spire","Robot Space Explorer","SIMod","Shade Mod","Spikes Relics","StSLib","The Alterego","The Animator","The Blackbeard","The Bug Knight","The Cursed","The Death Knight","The Disciple","The Dragon Tamer","The Dragonkin","The Druid","The Elementalist","The Exalted","The Fake Hero","The Florist","The Gatherer","The Hayseed","The Hierophant","The Immortal","The Jungle","The Mystic","The Necromancer","The Poker Player","The Runesmith","The Sage","The Senshi","The Servant 0.9.4","The Showman","The Valiant","The Wild Card","TheBandit","TheSwordswoman","TheVacant","TheVelvet","TheWitcher","Trackpad","Waifu the Spire","WarShipGirlsR/????R mod","Yakumo Yukari mod"],"gold_per_floor":[113,113,130,146,165,199,199,210,210,226,226,261,63,82,82,185,185,204,204,216,216,216],"floor_reached":21,"language":"ENG","playtime":2023,"items_purged":[],"score":218,"play_id":"2d862026-9f5c-4194-b696-018b87956d62","local_time":"20210206120819","is_ascension_mode":false,"campfire_choices":[{"floor":7,"key":"RECALL"},{"floor":15,"key":"DIG"}],"circlet_count":0,"master_deck":["Strike_G","Strike_G","Strike_G","Strike_G","Strike_G","Defend_G","Defend_G","Defend_G","Defend_G","Defend_G","Survivor","Neutralize","ShadowRift","Slice","ReplayTheSpireMod:Tripwire","Bouncing Flask","jedi:rejectivetoxin","Replay:Poison Smokescreen","Quick Slash","infinitespire:FutureSight","Prepared","BlessedFruit","BlessedFruit","Fluid Movement","PiercingWail","Deflect","Glass Knife","Backflip+1"],"relics":["Ring of the Snake","Dota2Spire:UrnOfShadows","hubris:Towel","potionbrewer:SlideRule","DemoMod:DecoyRelic","HeavenlyBonsai","DemoMod:GnawedKey","reliquary:TridentHead","SacredBark"],"acts_visited":["Exordium","TheCity"],"potions_floor_usage":[5,12,16,20],"damage_taken":[{"damage":0,"enemies":"Small Slimes","floor":1,"turns":3},{"damage":0,"enemies":"Cultist","floor":3,"turns":5},{"damage":0,"enemies":"2 Louse","floor":4,"turns":3},{"damage":2,"enemies":"2 Fungi Beasts","floor":5,"turns":5},{"damage":15,"enemies":"HollowMod:MossKnight","floor":6,"turns":10},{"damage":1,"enemies":"3 Louse","floor":8,"turns":3},{"damage":14,"enemies":"Exordium Thugs","floor":10,"turns":5},{"damage":0,"enemies":"Gremlin Nob","floor":12,"turns":3},{"damage":11,"enemies":"Gremlin Gang","floor":14,"turns":7},{"damage":3,"enemies":"Hexaghost","floor":16,"turns":8},{"damage":6,"enemies":"3 Byrds","floor":18,"turns":8},{"damage":31,"enemies":"Spheric Guardian","floor":20,"turns":10},{"damage":29,"enemies":"3 Cultists","floor":21,"turns":4}],"seed_played":"4424668813908794183","potions_obtained":[{"floor":4,"key":"Swift Potion"},{"floor":6,"key":"potionbrewer:HastePotion"},{"floor":12,"key":"Poison Potion"},{"floor":16,"key":"Dexterity Potion"}],"is_trial":false,"path_per_floor":["M","?","M","M","M","E","R","M","T","M","?","E","$","M","R","B",null,"M","?","M","M"],"character_chosen":"THE_SILENT","items_purchased":["DemoMod:GnawedKey","Fluid Movement","PiercingWail"],"campfire_rested":0,"item_purchase_floors":[13,13,13],"current_hp_per_floor":[70,70,70,70,68,61,61,60,60,52,36,42,42,39,39,50,74,76,70,53,30,30],"gold":216,"neow_bonus":"RANDOM_COMMON_RELIC","is_daily":false,"chose_seed":false,"campfire_upgraded":0,"win_rate":0.0,"timestamp":1612642099,"path_taken":["M","?","M","M","M","E","R","M","T","M","?","E","$","?","R","BOSS","M","?","M","M"],"items_purchased_type":["Relic","Card","Card"],"build_version":"2020-12-22","purchased_purges":0,"victory":false,"max_hp_per_floor":[70,70,70,70,70,70,70,70,70,70,70,70,70,72,72,74,74,76,76,78,78,78],"relic_stats":{"counters":[13,73],"obtain_stats":[{"reliquary:TridentHead":15,"Dota2Spire:UrnOfShadows":0,"SacredBark":17,"DemoMod:DecoyRelic":9,"DemoMod:GlassGuonStoneRelic":3,"DemoMod:GnawedKey":13,"hubris:Towel":2,"HeavenlyBonsai":12,"potionbrewer:SlideRule":6,"Ring of the Snake":0},{"reliquary:TridentHead":9,"Dota2Spire:UrnOfShadows":0,"SacredBark":10,"DemoMod:DecoyRelic":6,"DemoMod:GlassGuonStoneRelic":2,"DemoMod:GnawedKey":8,"hubris:Towel":1,"HeavenlyBonsai":8,"potionbrewer:SlideRule":5,"Ring of the Snake":0},{"reliquary:TridentHead":44,"Dota2Spire:UrnOfShadows":0,"SacredBark":52,"DemoMod:DecoyRelic":29,"DemoMod:GlassGuonStoneRelic":8,"DemoMod:GnawedKey":37,"hubris:Towel":3,"HeavenlyBonsai":37,"potionbrewer:SlideRule":26,"Ring of the Snake":0}],"Ring of the Snake":[26]},"card_choices":[{"not_picked":["hubris:SlightOfHand","ReplayTheSpireMod:Exploit Weakness"],"picked":"ShadowRift","floor":1},{"not_picked":["Hidden Blade","Poisoned Stab"],"picked":"Slice","floor":3},{"not_picked":["Flechettes","Prepared"],"picked":"ReplayTheSpireMod:Tripwire","floor":4},{"not_picked":["PiercingWail","Caltrops"],"picked":"Bouncing Flask","floor":5},{"not_picked":["Skewer","Caltrops"],"picked":"jedi:rejectivetoxin","floor":6},{"not_picked":["Outmaneuver","Caltrops"],"picked":"Replay:Poison Smokescreen","floor":8},{"not_picked":["Sneak Up","Outmaneuver"],"picked":"Quick Slash","floor":10},{"not_picked":["ReplayTheSpireMod:Echoes of Time","ReplayTheSpireMod:Haul"],"picked":"infinitespire:FutureSight","floor":11},{"not_picked":["Blade Dance","Predator"],"picked":"Prepared","floor":12},{"not_picked":["Eviscerate","Dagger Spray"],"picked":"Deflect","floor":14},{"not_picked":["jedi:studyshivs","jedi:studypoison"],"picked":"Glass Knife","floor":16},{"not_picked":["Deadly Poison","Underhanded Strike","Endless Agony"],"picked":"SKIP","floor":18},{"not_picked":["Cloak And Dagger","Hidden Blade"],"picked":"Backflip+1","floor":20}],"player_experience":207645,"relics_obtained":[{"floor":6,"key":"potionbrewer:SlideRule"},{"floor":9,"key":"DemoMod:DecoyRelic"},{"floor":12,"key":"HeavenlyBonsai"},{"floor":15,"key":"reliquary:TridentHead"}],"event_choices":[{"damage_healed":0,"gold_gain":0,"player_choice":"","damage_taken":6,"max_hp_gain":0,"max_hp_loss":0,"event_name":"Knowing Skull","floor":19,"potions_obtained":[],"gold_loss":0,"cards_obtained":[]}],"is_beta":false,"boss_relics":[{"not_picked":["Bromod:ArcaneBarrier","bronze:MakeshiftBattery"],"picked":"SacredBark"}],"items_purged_floors":[],"is_endless":false,"potions_floor_spawned":[4,6,12,16],"killed_by":"3 Cultists","ascension_level":0}}