{"host":"9tzam4717zt8ei1o","time":1612587086,"event":{"mods":["BaseMod","Colored Map","Keyboard Shortcuts","Minty Spire (QoL Compilation)","Quick Restart","StSLib","SuperFastMode"],"gold_per_floor":[367,367,253,266,280,280,295,295,295,94,119,135,154,183,183,260,260,250,165,180,102,116,116,145,145,145,145,145,20,20,37,37,111,111,128,143,143,154,132,132,132,407,460,460,51,62,77,109,109,109,109,109,35,60,60],"floor_reached":56,"language":"KOR","playtime":1412,"items_purged":["Strike_G","Strike_G","Masterful Stab","Bane+1"],"score":2215,"play_id":"464c74f6-1414-4b58-94cc-ef240fd8ac66","local_time":"20210206135126","is_ascension_mode":true,"campfire_choices":[{"data":"Terror","floor":6.0,"key":"SMITH"},{"data":"A Thousand Cuts","floor":8.0,"key":"SMITH"},{"data":"Flechettes","floor":15.0,"key":"SMITH"},{"data":"Prepared","floor":23.0,"key":"SMITH"},{"floor":28.0,"key":"REST"},{"data":"Acrobatics","floor":32.0,"key":"SMITH"},{"data":"Envenom","floor":40.0,"key":"SMITH"},{"data":"Adrenaline","floor":44.0,"key":"SMITH"},{"floor":49,"key":"RECALL"},{"data":"Acrobatics","floor":52,"key":"SMITH"}],"circlet_count":0,"master_deck":["AscendersBane","Defend_G","Survivor","Neutralize","Blur","Terror+1","A Thousand Cuts+1","Prepared+1","Acrobatics+1","Adrenaline+1","Flechettes+1","Escape Plan","Tactician+1","Envenom+1","Flying Knee+1","Noxious Fumes+1","Acrobatics+1","Eviscerate"],"relics":["Ring of the Snake","Happy Flower","InkBottle","Sundial","Empty Cage","Omamori","Bag of Preparation","Gremlin Horn","Astrolabe","Kunai","Letter Opener","Paper Crane"],"acts_visited":["Exordium","TheCity","TheBeyond","TheEnding"],"potions_floor_usage":[55,55],"damage_taken":[{"damage":0.0,"enemies":"Small Slimes","floor":1.0,"turns":5.0},{"damage":0.0,"enemies":"Cultist","floor":4.0,"turns":3.0},{"damage":1.0,"enemies":"2 Louse","floor":5.0,"turns":4.0},{"damage":2.0,"enemies":"Exordium Thugs","floor":7.0,"turns":4.0},{"damage":0.0,"enemies":"Lagavulin","floor":11.0,"turns":7.0},{"damage":0.0,"enemies":"Large Slime","floor":12.0,"turns":5.0},{"damage":0.0,"enemies":"3 Louse","floor":13.0,"turns":2.0},{"damage":20.0,"enemies":"3 Sentries","floor":14.0,"turns":7.0},{"damage":0.0,"enemies":"Slime Boss","floor":16.0,"turns":6.0},{"damage":1.0,"enemies":"2 Thieves","floor":18.0,"turns":4.0},{"damage":1.0,"enemies":"3 Byrds","floor":20.0,"turns":4.0},{"damage":0.0,"enemies":"Snecko","floor":22.0,"turns":3.0},{"damage":51.0,"enemies":"Slavers","floor":24.0,"turns":9.0},{"damage":0.0,"enemies":"Cultist and Chosen","floor":31.0,"turns":3.0},{"damage":2.0,"enemies":"Champ","floor":33.0,"turns":7.0},{"damage":0.0,"enemies":"3 Darklings","floor":35.0,"turns":2.0},{"damage":8.0,"enemies":"Orb Walker","floor":36.0,"turns":2.0},{"damage":4.0,"enemies":"Maw","floor":38.0,"turns":5.0},{"damage":0,"enemies":"Transient","floor":46,"turns":5},{"damage":0,"enemies":"4 Shapes","floor":47,"turns":1},{"damage":0,"enemies":"Nemesis","floor":48,"turns":1},{"damage":0,"enemies":"Awakened One","floor":50,"turns":4},{"damage":0,"enemies":"Shield and Spear","floor":54,"turns":1},{"damage":35,"enemies":"The Heart","floor":55,"turns":4}],"seed_played":"-7578293469575013895","potions_obtained":[{"floor":1.0,"key":"Dexterity Potion"},{"floor":5.0,"key":"CultistPotion"},{"floor":35.0,"key":"LiquidMemories"},{"floor":54,"key":"Dexterity Potion"}],"is_trial":false,"path_per_floor":["M","?","$","M","M","R","M","R","T","$","E","M","M","E","R","B",null,"M","?","M","$","M","R","E","?","T","?","R","$","?","M","R","B",null,"M","M","?","M","$","R","?","?","T","R","$","M","M","E","R","B",null,"R","$","E","B",null],"character_chosen":"THE_SILENT","items_purchased":["Blur","Prepared","Acrobatics","Escape Plan","Acrobatics","Kunai","Eviscerate"],"campfire_rested":1,"item_purchase_floors":[3,10,10,21,39,45,53],"current_hp_per_floor":[44,44,44,44,43,43,41,41,41,41,41,41,41,21,21,21,55,54,54,53,53,53,53,2,2,2,2,21,21,21,21,21,19,54,54,46,59,55,55,55,55,55,55,55,55,55,55,55,55,55,63,63,63,63,28],"gold":60,"neow_bonus":"TWO_FIFTY_GOLD","is_daily":false,"chose_seed":false,"campfire_upgraded":8,"win_rate":0.0,"timestamp":1612587086,"path_taken":["M","?","$","?","M","R","M","R","T","$","E","M","M","E","R","BOSS","M","?","M","$","M","R","E","?","T","?","R","$","?","M","R","BOSS","M","M","?","M","$","R","?","?","T","R","$","?","M","E","R","BOSS","R","$","E","BOSS"],"items_purchased_type":["Card","Card","Card","Card","Card","Relic","Card"],"build_version":"2020-12-22","purchased_purges":4,"victory":true,"max_hp_per_floor":[66,66,66,66,66,66,66,66,66,66,66,66,66,66,66,66,66,66,66,66,66,66,66,66,66,66,66,66,66,66,66,66,66,66,66,66,66,66,66,66,66,66,66,66,66,66,66,66,66,66,66,66,66,66,66],"card_choices":[{"not_picked":["Quick Slash","Poisoned Stab"],"picked":"Masterful Stab","floor":1.0},{"not_picked":["Leg Sweep","Bane"],"picked":"Terror","floor":4.0},{"not_picked":["Cloak And Dagger","Underhanded Strike","Skewer"],"picked":"SKIP","floor":5.0},{"not_picked":["Bane","Quick Slash"],"picked":"A Thousand Cuts","floor":7.0},{"not_picked":["Choke","Blade Dance"],"picked":"Adrenaline","floor":11.0},{"not_picked":["Deadly Poison","Acrobatics","Dodge and Roll"],"picked":"SKIP","floor":12.0},{"not_picked":["Terror","Skewer","Flying Knee"],"picked":"SKIP","floor":13.0},{"not_picked":["Dagger Spray","Crippling Poison"],"picked":"Flechettes","floor":14.0},{"not_picked":["Blade Dance+1","Deflect+1","Sucker Punch"],"picked":"SKIP","floor":18.0},{"not_picked":["Footwork+1","Cloak And Dagger","Infinite Blades"],"picked":"SKIP","floor":20.0},{"not_picked":["Skewer","Underhanded Strike","Slice"],"picked":"SKIP","floor":22.0},{"not_picked":["Deflect","Dodge and Roll"],"picked":"Tactician+1","floor":24.0},{"not_picked":["Bane","Flying Knee","Cloak And Dagger"],"picked":"SKIP","floor":31.0},{"not_picked":["Phantasmal Killer","Die Die Die"],"picked":"Envenom","floor":33.0},{"not_picked":["Outmaneuver","Dagger Spray","Deflect"],"picked":"SKIP","floor":35.0},{"not_picked":["Dodge and Roll","Backstab","Noxious Fumes"],"picked":"SKIP","floor":36.0},{"not_picked":["Sucker Punch","Underhanded Strike","Outmaneuver"],"picked":"SKIP","floor":38.0},{"not_picked":["Backstab","Dodge and Roll","Deflect"],"picked":"SKIP","floor":46},{"not_picked":["Cloak And Dagger","Crippling Poison","Distraction+1"],"picked":"SKIP","floor":47},{"not_picked":["Infinite Blades","Doppelganger","Deadly Poison"],"picked":"SKIP","floor":48},{"not_picked":["Dagger Spray+1","Cloak And Dagger+1","Setup"],"picked":"SKIP","floor":54}],"player_experience":118929,"relics_obtained":[{"floor":9.0,"key":"Happy Flower"},{"floor":11.0,"key":"InkBottle"},{"floor":14.0,"key":"Sundial"},{"floor":24.0,"key":"Bag of Preparation"},{"floor":26.0,"key":"Gremlin Horn"},{"floor":48,"key":"Letter Opener"},{"floor":54,"key":"Paper Crane"}],"event_choices":[{"cards_removed":["Strike_G"],"damage_healed":0.0,"max_hp_gain":0.0,"max_hp_loss":0.0,"gold_gain":0.0,"event_name":"Bonfire Elementals","player_choice":"Offered Basic","floor":2.0,"gold_loss":0.0,"damage_taken":0.0},{"damage_healed":0.0,"max_hp_gain":0.0,"max_hp_loss":0.0,"gold_gain":0.0,"event_name":"Addict","player_choice":"Obtained Relic","floor":19.0,"gold_loss":85.0,"damage_taken":0.0,"relics_obtained":["Omamori"]},{"damage_healed":0.0,"max_hp_gain":0.0,"max_hp_loss":0.0,"gold_gain":0.0,"event_name":"Vampires","player_choice":"Ignored","floor":25.0,"gold_loss":0.0,"damage_taken":0.0},{"cards_removed":["Defend_G"],"damage_healed":0.0,"max_hp_gain":0.0,"max_hp_loss":0.0,"gold_gain":0.0,"event_name":"Back to Basics","player_choice":"Elegance","floor":27.0,"gold_loss":0.0,"damage_taken":0.0},{"damage_healed":0.0,"max_hp_gain":0.0,"max_hp_loss":0.0,"gold_gain":0.0,"cards_transformed":["Defend_G"],"event_name":"Transmorgrifier","player_choice":"Transformed","floor":30.0,"gold_loss":0.0,"damage_taken":0.0,"cards_obtained":["Skewer"]},{"damage_healed":13.0,"max_hp_gain":0.0,"max_hp_loss":0.0,"gold_gain":0.0,"event_name":"Winding Halls","player_choice":"Writhe","floor":37.0,"gold_loss":0.0,"damage_taken":0.0,"cards_obtained":["Writhe"]},{"damage_healed":0.0,"max_hp_gain":0.0,"max_hp_loss":0.0,"gold_gain":0.0,"event_name":"Tomb of Lord Red Mask","player_choice":"Ignored","floor":41.0,"gold_loss":0.0,"damage_taken":0.0},{"damage_healed":0.0,"max_hp_gain":0.0,"max_hp_loss":0.0,"gold_gain":275.0,"event_name":"Golden Shrine","player_choice":"Desecrate","floor":42.0,"gold_loss":0.0,"damage_taken":0.0,"cards_obtained":["Regret"]}],"is_beta":false,"boss_relics":[{"not_picked":["Tiny House","SacredBark"],"picked":"Empty Cage"},{"not_picked":["Calling Bell","Cursed Key"],"picked":"Astrolabe"}],"items_purged_floors":[3,10,29,45],"is_endless":false,"potions_floor_spawned":[1,5,13,14,31,35,36,48,54],"ascension_level":15}}