{"host":"u0hb5we0hmj7y3yv","time":1612619390,"event":{"mods":["BaseMod","Colored Powertips","Conspire","KinomotoSakuraMod(Ä¾Ö®±¾Ó£)","Minty Spire (QoL Compilation)"],"gold_per_floor":[109,120,120,137,154,154,188,188,213,288,37,66,79,104,104,199,199,212,63,80,98,109,141,159,159,159,192,192,192,192,225,225,322,322,341,37,48,79,95,122,147,158,212,243,243,258,268,300,300,300,300,300,25,60,60],"floor_reached":56,"language":"ZHS","playtime":2680,"items_purged":["ClowCardTheShield","ClowCardTheSword"],"score":2288,"play_id":"9f77136f-5d04-49b8-9bc8-fb3353a82433","local_time":"20210206214950","is_ascension_mode":true,"campfire_choices":[{"data":"ClowCardTheMove","floor":6.0,"key":"SMITH"},{"data":"ClowCardTheBig","floor":8.0,"key":"SMITH"},{"data":"ClowCardTheTwin","floor":15.0,"key":"SMITH"},{"floor":25.0,"key":"RECALL"},{"floor":28.0,"key":"REST"},{"floor":32.0,"key":"REST"},{"floor":45,"key":"REST"},{"floor":49,"key":"REST"},{"floor":52,"key":"REST"}],"circlet_count":0,"master_deck":["ClowCardTheFly","ClowCardTheFly","SakuraCardTheMist+","ClowCardTheDash","ClowCardTheShadow","ClowCardTheWindy","ClowCardTheLight","ClowCardTheFirey","ClowCardTheWave","SakuraCardTheSword+","AscendersBane","ClowCardTheSword+1","ClowCardTheShield+1","SpellCardSeal","SpellCardRelease","ClowCardTheMove+1","ClowCardTheBig+1","ClowCardTheArrow+1","ClowCardTheTwin+1","ClowCardTheMove","ClowCardTheFlower","ClowCardTheDark","ClowCardTheSleep","ClowCardTheSweet","ClowCardTheBig+1","ClowCardTheChange+1","ClowCardTheTwin","ClowCardTheFlower","ClowCardTheEarthy+1","ClowCardTheBubbles+1","ClowCardTheBubbles+1"],"relics":["KSMOD_SealedBook","KSMOD_SealedWand","PreservedInsect","Pen Nib","Eternal Feather","Strawberry","CaptainsWheel","Fusion Hammer","Toy Ornithopter","KSMOD_Compass","Happy Flower","Mercury Hourglass","Pantograph","Orichalcum","Busted Crown","Membership Card","Dream Catcher","KSMOD_TaoistSuit","KSMOD_TomoyosHeart","Centennial Puzzle","Lantern","Bag of Marbles","Boot","Ice Cream","OrangePellets","Whetstone"],"acts_visited":["Exordium","TheCity","TheBeyond","TheEnding"],"potions_floor_usage":[38,38,38,48,55,55],"damage_taken":[{"damage":4.0,"enemies":"Jaw Worm","floor":1.0,"turns":3.0},{"damage":0.0,"enemies":"Small Slimes","floor":2.0,"turns":3.0},{"damage":0.0,"enemies":"2 Louse","floor":4.0,"turns":3.0},{"damage":0.0,"enemies":"2 Fungi Beasts","floor":5.0,"turns":3.0},{"damage":0.0,"enemies":"Gremlin Nob","floor":7.0,"turns":2.0},{"damage":0.0,"enemies":"Lagavulin","floor":12.0,"turns":5.0},{"damage":0.0,"enemies":"Exordium Thugs","floor":13.0,"turns":2.0},{"damage":4.0,"enemies":"3 Sentries","floor":14.0,"turns":3.0},{"damage":0.0,"enemies":"Slime Boss","floor":16.0,"turns":7.0},{"damage":11.0,"enemies":"2 Thieves","floor":18.0,"turns":2.0},{"damage":0.0,"enemies":"Chosen","floor":20.0,"turns":1.0},{"damage":0.0,"enemies":"Shelled Parasite and Fungi","floor":21.0,"turns":1.0},{"damage":24.0,"enemies":"Snake Plant","floor":22.0,"turns":3.0},{"damage":3.0,"enemies":"Book of Stabbing","floor":23.0,"turns":2.0},{"damage":2.0,"enemies":"Snecko","floor":24.0,"turns":3.0},{"damage":12.0,"enemies":"conspire:SneckoGhost","floor":27.0,"turns":5.0},{"damage":0.0,"enemies":"Gremlin Leader","floor":31.0,"turns":2.0},{"damage":5.0,"enemies":"conspire:MysteriousRune","floor":33.0,"turns":5.0},{"damage":0.0,"enemies":"3 Darklings","floor":35.0,"turns":2.0},{"damage":12.0,"enemies":"Orb Walker","floor":37.0,"turns":3.0},{"damage":32,"enemies":"conspire:MimicChest","floor":38,"turns":4},{"damage":5,"enemies":"Writhing Mass","floor":39,"turns":4},{"damage":0,"enemies":"Nemesis","floor":40,"turns":1},{"damage":0,"enemies":"Maw","floor":42,"turns":4},{"damage":0,"enemies":"Reptomancer","floor":44,"turns":2},{"damage":12,"enemies":"4 Shapes","floor":46,"turns":3},{"damage":0,"enemies":"Spire Growth","floor":47,"turns":3},{"damage":0,"enemies":"Giant Head","floor":48,"turns":1},{"damage":0,"enemies":"conspire:OrnateMirror","floor":50,"turns":5},{"damage":12,"enemies":"Shield and Spear","floor":54,"turns":2},{"damage":46,"enemies":"The Heart","floor":55,"turns":4}],"seed_played":"-6816645241127338272","potions_obtained":[{"floor":1.0,"key":"LiquidMemories"},{"floor":4.0,"key":"Strength Potion"},{"floor":12.0,"key":"Explosive Potion"},{"floor":14.0,"key":"EssenceOfSteel"},{"floor":18.0,"key":"conspire:TimeTravelPotion"},{"floor":20.0,"key":"EntropicBrew"},{"floor":21.0,"key":"DuplicationPotion"},{"floor":38,"key":"Ancient Potion"},{"floor":42,"key":"DistilledChaos"},{"floor":54,"key":"Dexterity Potion"}],"is_trial":false,"path_per_floor":["M","M","?","M","M","R","E","R","T","?","$","E","M","E","R","B",null,"M","$","M","M","M","E","M","R","T","E","R","?","?","E","R","B",null,"M","$","M","?","M","E","T","M","T","E","R","M","M","E","R","B",null,"R","$","E","B",null],"character_chosen":"KINOMOTOSAKURA","items_purchased":["Eternal Feather","Toy Ornithopter","Membership Card","ClowCardTheFlower","Dream Catcher","Ice Cream","OrangePellets"],"campfire_rested":5,"item_purchase_floors":[11,19,36,36,36,53,53],"current_hp_per_floor":[59,59,46,46,46,46,46,46,46,35,35,42,42,38,47,47,64,53,53,58,58,63,60,63,70,70,63,70,70,70,70,70,70,70,70,70,63,38,38,38,38,43,43,43,70,63,68,70,70,70,70,70,70,58,45],"gold":60,"neow_bonus":"TRANSFORM_TWO_CARDS","is_daily":false,"chose_seed":false,"campfire_upgraded":3,"win_rate":0.0,"timestamp":1612619390,"path_taken":["M","M","?","M","M","R","E","R","T","?","$","E","M","E","R","BOSS","M","$","M","M","M","E","M","R","T","E","R","?","?","E","R","BOSS","M","$","M","?","M","E","?","M","T","E","R","M","M","E","R","BOSS","R","$","E","BOSS"],"items_purchased_type":["Relic","Relic","Relic","Card","Relic","Relic","Relic"],"build_version":"2020-12-22","purchased_purges":2,"victory":true,"max_hp_per_floor":[63,63,63,63,63,63,63,63,63,63,63,70,70,70,70,70,70,70,70,70,70,70,70,70,70,70,70,70,70,70,70,70,70,70,70,70,70,70,70,70,70,70,70,70,70,70,70,70,70,70,70,70,70,70,70],"card_choices":[{"not_picked":["ClowCardTheCloud","ClowCardTheIllusion"],"picked":"ClowCardTheArrow","floor":1.0},{"not_picked":["ClowCardTheWood","ClowCardTheErase","ClowCardTheSong"],"picked":"SKIP","floor":2.0},{"not_picked":["ClowCardTheWood","ClowCardTheShot","ClowCardTheMist"],"picked":"SKIP","floor":4.0},{"not_picked":["ClowCardTheDream","ClowCardTheShot"],"picked":"ClowCardTheTwin","floor":5.0},{"not_picked":["ClowCardTheLock","ClowCardTheSilent","ClowCardTheMist"],"picked":"SKIP","floor":7.0},{"not_picked":["ClowCardTheWatery","ClowCardThePower","ClowCardTheShot"],"picked":"SKIP","floor":12.0},{"not_picked":["ClowCardTheRain","ClowCardTheBubbles"],"picked":"ClowCardTheMove","floor":13.0},{"not_picked":["ClowCardTheShadow","ClowCardTheEarthy"],"picked":"ClowCardTheFlower","floor":14.0},{"not_picked":["ClowCardTheCreate","ClowCardTheFight"],"picked":"ClowCardTheDark","floor":16.0},{"not_picked":["ClowCardThePower","ClowCardTheMist+1","ClowCardTheFloat+1"],"picked":"SKIP","floor":18.0},{"not_picked":["ClowCardTheChange","ClowCardTheShadow","ClowCardTheSnow"],"picked":"SKIP","floor":20.0},{"not_picked":["ClowCardTheMaze","ClowCardTheErase"],"picked":"ClowCardTheCreate","floor":21.0},{"not_picked":["ClowCardTheWindy+1","ClowCardTheFloat"],"picked":"ClowCardTheSleep","floor":22.0},{"not_picked":["ClowCardTheFloat","ClowCardTheStorm"],"picked":"ClowCardTheSweet","floor":23.0},{"not_picked":["ClowCardTheSweet","ClowCardTheLibra+1"],"picked":"ClowCardTheBig+1","floor":24.0},{"not_picked":["ClowCardTheJump","ClowCardTheSilent"],"picked":"ClowCardTheChange+1","floor":27.0},{"not_picked":["ClowCardTheShot","ClowCardTheCloud+1","ClowCardTheIllusion"],"picked":"SKIP","floor":31.0},{"not_picked":["ClowCardTheReturn","ClowCardTheTime"],"picked":"ClowCardTheTwin","floor":33.0},{"not_picked":["ClowCardTheSand"],"picked":"SKIP","floor":35.0},{"not_picked":["ClowCardTheLock+1"],"picked":"SKIP","floor":37.0},{"not_picked":[],"picked":"ClowCardTheEarthy+1","floor":39},{"not_picked":["ClowCardTheWindy+1"],"picked":"SKIP","floor":40},{"not_picked":["ClowCardTheVoice+1"],"picked":"SKIP","floor":42},{"not_picked":["ClowCardTheCloud+1"],"picked":"SKIP","floor":44},{"not_picked":["ClowCardTheFlower+1"],"picked":"SKIP","floor":46},{"not_picked":["ClowCardTheShadow+1"],"picked":"SKIP","floor":47},{"not_picked":[],"picked":"ClowCardTheBubbles","floor":48},{"not_picked":[],"picked":"ClowCardTheBubbles+1","floor":52},{"not_picked":["ClowCardTheBubbles"],"picked":"SKIP","floor":54}],"player_experience":98837,"relics_obtained":[{"floor":7.0,"key":"PreservedInsect"},{"floor":9.0,"key":"Pen Nib"},{"floor":12.0,"key":"Strawberry"},{"floor":14.0,"key":"CaptainsWheel"},{"floor":23.0,"key":"KSMOD_Compass"},{"floor":26.0,"key":"Happy Flower"},{"floor":27.0,"key":"Mercury Hourglass"},{"floor":27.0,"key":"Pantograph"},{"floor":31.0,"key":"Orichalcum"},{"floor":38,"key":"KSMOD_TaoistSuit"},{"floor":39,"key":"KSMOD_TomoyosHeart"},{"floor":40,"key":"Centennial Puzzle"},{"floor":43,"key":"Lantern"},{"floor":44,"key":"Bag of Marbles"},{"floor":48,"key":"Boot"},{"floor":54,"key":"Whetstone"}],"event_choices":[{"damage_healed":0.0,"max_hp_gain":0.0,"max_hp_loss":0.0,"gold_gain":0.0,"event_name":"Shining Light","player_choice":"Entered Light","floor":3.0,"gold_loss":0.0,"damage_taken":13.0,"cards_upgraded":["ClowCardTheShield","ClowCardTheArrow"]},{"damage_healed":0.0,"max_hp_gain":0.0,"max_hp_loss":0.0,"gold_gain":75.0,"event_name":"World of Goop","player_choice":"Gather Gold","floor":10.0,"gold_loss":0.0,"damage_taken":11.0},{"damage_healed":0.0,"max_hp_gain":0.0,"max_hp_loss":0.0,"gold_gain":0.0,"event_name":"Vampires","player_choice":"Ignored","floor":29.0,"gold_loss":0.0,"damage_taken":0.0},{"damage_healed":0.0,"max_hp_gain":0.0,"max_hp_loss":0.0,"gold_gain":0.0,"cards_transformed":["ClowCardTheShield"],"event_name":"Transmorgrifier","player_choice":"Transformed","floor":30.0,"gold_loss":0.0,"damage_taken":0.0,"cards_obtained":["ClowCardTheMist"]}],"is_beta":false,"boss_relics":[{"not_picked":["Empty Cage","Tiny House"],"picked":"Fusion Hammer"},{"not_picked":["SacredBark","KSMOD_StarWand"],"picked":"Busted Crown"}],"items_purged_floors":[36,53],"is_endless":false,"potions_floor_spawned":[1,4,12,14,18,20,21,38,40,42,44,46,47,54],"ascension_level":10}}