{"host":"rolltorest","time":1612601735,"event":{"mods":["BaseMod","Minty Spire (QoL Compilation)","Relic Stats","Slay the Relics Exporter","StSLib"],"gold_per_floor":[13,13,13,36,36,67,67,87,112,156,156,89,112,112,112],"floor_reached":14,"language":"ENG","playtime":415,"items_purged":[],"score":196,"play_id":"5e414611-efc1-4c10-b71c-3127c3d15476","local_time":"20210206005535","is_ascension_mode":true,"campfire_choices":[{"floor":7,"key":"REST"},{"floor":11,"key":"REST"}],"circlet_count":0,"master_deck":["AscendersBane","Strike_G","Strike_G","Strike_G","Defend_G","Defend_G","Defend_G","Defend_G","Defend_G","Survivor","Neutralize","Prepared","Dagger Spray+1","Masterful Stab","Backstab","Terror","Blade Dance","Bouncing Flask"],"relics":["Ring of the Snake","Golden Idol","Centennial Puzzle","Ancient Tea Set","Letter Opener"],"acts_visited":["Exordium"],"potions_floor_usage":[10],"damage_taken":[{"damage":2,"enemies":"Small Slimes","floor":1,"turns":4},{"damage":0,"enemies":"2 Louse","floor":4,"turns":2},{"damage":51,"enemies":"Gremlin Nob","floor":6,"turns":6},{"damage":0,"enemies":"Jaw Worm","floor":8,"turns":2},{"damage":22,"enemies":"3 Sentries","floor":10,"turns":12},{"damage":12,"enemies":"Large Slime","floor":13,"turns":5},{"damage":0,"enemies":"Lagavulin","floor":14,"turns":1}],"seed_played":"-1823825637366045011","potions_obtained":[{"floor":4,"key":"LiquidBronze"},{"floor":8,"key":"EssenceOfSteel"},{"floor":10,"key":"GamblersBrew"}],"is_trial":false,"path_per_floor":["M","?","?","M","?","E","R","M","T","E","R","?","M","E"],"character_chosen":"THE_SILENT","items_purchased":[],"campfire_rested":2,"item_purchase_floors":[],"current_hp_per_floor":[57,57,57,57,57,6,24,24,24,2,20,20,8,8,8],"gold":112,"neow_bonus":"TRANSFORM_TWO_CARDS","is_daily":false,"chose_seed":false,"campfire_upgraded":0,"win_rate":0.0,"timestamp":1612601735,"path_taken":["M","?","?","M","?","E","R","M","T","E","R","?","M","E"],"items_purchased_type":[],"build_version":"2020-12-18","purchased_purges":0,"victory":false,"max_hp_per_floor":[66,60,60,60,60,60,60,60,60,60,60,60,60,60,60],"relic_stats":{"Centennial Puzzle":[6],"counters":[7,32],"Golden Idol":29,"Letter Opener":[5],"obtain_stats":[{"Centennial Puzzle":6,"Golden Idol":2,"Letter Opener":10,"Ancient Tea Set":9,"Ring of the Snake":0},{"Centennial Puzzle":3,"Golden Idol":1,"Letter Opener":5,"Ancient Tea Set":4,"Ring of the Snake":0},{"Centennial Puzzle":12,"Golden Idol":4,"Letter Opener":26,"Ancient Tea Set":14,"Ring of the Snake":0}],"Ring of the Snake":[14]},"card_choices":[{"not_picked":["Cloak And Dagger","PiercingWail"],"picked":"Masterful Stab","floor":1},{"not_picked":["Reflex","Accuracy"],"picked":"Backstab","floor":4},{"not_picked":["Deflect","Cloak And Dagger"],"picked":"Terror","floor":6},{"not_picked":["Dagger Spray","Acrobatics"],"picked":"Blade Dance","floor":8},{"not_picked":["Tools of the Trade","Deflect"],"picked":"Bouncing Flask","floor":10},{"not_picked":["Slice","Sucker Punch","Expertise"],"picked":"SKIP","floor":13}],"player_experience":1888849,"relics_obtained":[{"floor":6,"key":"Centennial Puzzle"},{"floor":9,"key":"Ancient Tea Set"},{"floor":10,"key":"Letter Opener"}],"event_choices":[{"damage_healed":0,"gold_gain":0,"player_choice":"Lose Max HP","damage_taken":0,"relics_obtained":["Golden Idol"],"max_hp_gain":0,"max_hp_loss":6,"event_name":"Golden Idol","floor":2,"gold_loss":0},{"damage_healed":0,"gold_gain":0,"player_choice":"Grow","damage_taken":0,"max_hp_gain":0,"max_hp_loss":0,"event_name":"Living Wall","floor":3,"gold_loss":0,"cards_upgraded":["Dagger Spray"]},{"damage_healed":0,"gold_gain":0,"player_choice":"Leave","damage_taken":0,"max_hp_gain":0,"max_hp_loss":0,"event_name":"The Cleric","floor":5,"gold_loss":0},{"damage_healed":0,"gold_gain":0,"player_choice":"Left Gold","damage_taken":0,"max_hp_gain":0,"max_hp_loss":0,"event_name":"World of Goop","floor":12,"gold_loss":67}],"is_beta":true,"boss_relics":[],"items_purged_floors":[],"is_endless":false,"potions_floor_spawned":[4,8,10],"killed_by":"Lagavulin","ascension_level":20}}