{"host":"630px4nyj50z5id8","time":1612609375,"event":{"mods":["BaseMod","Better Note","Colored Powertips","Good Game Mod","Minty Spire (QoL Compilation)","Quick Restart","Rare Cards Sparkle","Relic Filter Mod","Replay The Spire","StSLib","Waifu the Spire"],"gold_per_floor":[118,132,132,132,152,191,214,232,232,232,258,279,322,336,34,77,77,197,197,215,215,175,38,53,53,89,89,137,137,181,202,233,251,251,372,372,390,414,429,119,119,153,153,192,204,549,579,622,338,351,351,351,351],"floor_reached":52,"language":"ZHS","playtime":2191,"items_purged":["Strike_R","Strike_R","Strike_R"],"score":1086,"play_id":"94b87f63-4576-4dfb-a23b-824fe117dd32","local_time":"20210206190255","is_ascension_mode":true,"campfire_choices":[{"floor":17.0,"key":"REST"},{"data":"Berserk","floor":25.0,"key":"SMITH"},{"data":"Massacre","floor":27.0,"key":"SMITH"},{"data":"Burning Pact","floor":29.0,"key":"SMITH"},{"data":"Strike_R","floor":34.0,"key":"PURGE"},{"data":"Apotheosis","floor":43,"key":"SMITH"},{"data":"Limit Break","floor":51,"key":"SMITH"}],"circlet_count":0,"master_deck":["Defend_R","Defend_R","Defend_R","Defend_R+1","Bash","ReplayTheSpireMod:Omega Cannon+1","Berserk+1","Blood for Blood","Massacre+1","Flex","Disarm+1","Replay:Undeath\u0027s Touch","Burning Pact+1","ReplayTheSpireMod:Stacked","Shockwave","Power Through","Second Wind","Reaper","Offering","Sword Boomerang","Burning Pact","Flex","Replay:Undeath\u0027s Touch","Intimidate","Dark Embrace","Berserk","Barricade","Flex+1","Dual Wield+1","Limit Break+1","Massacre","Massacre","Bandage Up","Violence","Apotheosis+1","Double Tap","Pot Of Greed","Pot Of Greed","Pot Of Greed","Pot Of Greed","ReplayTheSpireMod:Limb From Limb+1"],"relics":["Burning Blood","REME:ComplimentaryCards","Replay:Mystery Machine","King of Hearts","War Paint","Brimstone","Happy Flower","Sozu","Regal Pillow","MealTicket","Blue Doll","Lantern","Magic Flower","Runic Cube","Potion Belt","MawBank","Bottled Tornado","Omamori","Pet Ghost","Grinning Jar"],"acts_visited":["Exordium","TheCity","TheBeyond"],"potions_floor_usage":[],"damage_taken":[{"damage":0.0,"enemies":"Small Slimes","floor":1.0,"turns":1.0},{"damage":0.0,"enemies":"Jaw Worm","floor":2.0,"turns":3.0},{"damage":6.0,"enemies":"Cultist","floor":5.0,"turns":3.0},{"damage":45.0,"enemies":"Lagavulin","floor":6.0,"turns":7.0},{"damage":7.0,"enemies":"3 Louse","floor":7.0,"turns":2.0},{"damage":0.0,"enemies":"2 Fungi Beasts","floor":8.0,"turns":1.0},{"damage":8.0,"enemies":"Blue Slaver","floor":12.0,"turns":2.0},{"damage":0.0,"enemies":"3 Sentries","floor":13.0,"turns":1.0},{"damage":4.0,"enemies":"Red Slaver","floor":14.0,"turns":3.0},{"damage":10.0,"enemies":"Gremlin Nob","floor":16.0,"turns":3.0},{"damage":52.0,"enemies":"Fading Forest","floor":18.0,"turns":11.0},{"damage":18.0,"enemies":"3 Byrds","floor":20.0,"turns":2.0},{"damage":0.0,"enemies":"Chosen","floor":24.0,"turns":2.0},{"damage":8.0,"enemies":"Slavers","floor":26.0,"turns":3.0},{"damage":41.0,"enemies":"Book of Stabbing","floor":30.0,"turns":3.0},{"damage":6.0,"enemies":"Centurion and Healer","floor":31.0,"turns":3.0},{"damage":6.0,"enemies":"Gremlin Leader","floor":32.0,"turns":3.0},{"damage":8.0,"enemies":"Snecko","floor":33.0,"turns":4.0},{"damage":27.0,"enemies":"Automaton","floor":35.0,"turns":5.0},{"damage":0,"enemies":"Orb Walker","floor":37,"turns":2},{"damage":6,"enemies":"3 Darklings","floor":38,"turns":1},{"damage":35,"enemies":"Spire Growth","floor":39,"turns":4},{"damage":6,"enemies":"Reptomancer","floor":42,"turns":3},{"damage":26,"enemies":"Giant Head","floor":44,"turns":7},{"damage":16,"enemies":"Maw","floor":47,"turns":4},{"damage":78,"enemies":"Reptomancer","floor":48,"turns":4},{"damage":6,"enemies":"Writhing Mass","floor":50,"turns":5},{"damage":83,"enemies":"Time Eater","floor":52,"turns":6}],"seed_played":"-3496710677923660737","potions_obtained":[{"floor":5.0,"key":"Fire Potion"},{"floor":6.0,"key":"Swift Potion"},{"floor":7.0,"key":"Ancient Potion"},{"floor":12.0,"key":"SkillPotion"},{"floor":18.0,"key":"Venom Potion"}],"is_trial":false,"path_per_floor":["M","M","?","?","M","E","M","M","PTL","PTL","T","M","E","M","$","E","R","B",null,"M","?","?","$","M","R","E","R","T","R","E","M","E","M","R","B",null,"M","M","M","$","?","E","R","E","T","?","M","E","$","M","R","B"],"character_chosen":"IRONCLAD","items_purchased":["Brimstone","Second Wind","Burning Pact","Limit Break","Massacre","Pet Ghost","Grinning Jar"],"campfire_rested":1,"item_purchase_floors":[15,15,23,40,40,49,49],"current_hp_per_floor":[78,80,60,60,60,21,20,26,26,26,26,24,30,32,32,28,52,42,71,74,74,74,74,80,80,78,78,78,78,43,43,70,71,71,68,77,80,80,54,69,59,80,80,69,69,69,80,27,42,74,74,0,0],"gold":351,"neow_bonus":"TRANSFORM_CARD","is_daily":false,"chose_seed":false,"campfire_upgraded":5,"win_rate":0.0,"timestamp":1612609375,"path_taken":["M","M","?","?","M","E","M","M","PTL","PTL","T","M","E","?","$","E","R","BOSS","M","?","?","$","?","R","E","R","T","R","E","M","E","M","R","BOSS","M","M","M","$","?","E","R","E","T","?","M","E","$","M","R","BOSS"],"items_purchased_type":["Relic","Card","Card","Card","Card","Relic","Relic"],"build_version":"2020-12-22","purchased_purges":3,"victory":false,"max_hp_per_floor":[80,80,80,80,80,80,80,80,80,80,80,80,80,80,80,80,80,80,80,80,80,80,80,80,80,80,80,80,80,80,80,80,80,80,80,80,80,80,80,80,80,80,80,80,80,80,80,80,80,80,80,80,80],"card_choices":[{"not_picked":["Bloodletting","Clothesline"],"picked":"Blood for Blood","floor":1.0},{"not_picked":["Spot Weakness","Inflame"],"picked":"Massacre","floor":2.0},{"not_picked":["Clash","Eclipse"],"picked":"Flex","floor":5.0},{"not_picked":["ReplayTheSpireMod:Strike From Hell","Combust"],"picked":"Disarm","floor":6.0},{"not_picked":["Rage","Body Slam"],"picked":"Replay:Undeath\u0027s Touch","floor":7.0},{"not_picked":["Flex","Cleave"],"picked":"Burning Pact","floor":8.0},{"not_picked":["Dropkick","Headbutt"],"picked":"ReplayTheSpireMod:Stacked","floor":12.0},{"not_picked":["Thunderclap","Metallicize"],"picked":"Shockwave","floor":13.0},{"not_picked":["Rage","Iron Wave"],"picked":"Power Through","floor":14.0},{"not_picked":["Sword Boomerang","Flex"],"picked":"Reaper","floor":16.0},{"not_picked":["Eclipse","Bludgeon"],"picked":"Offering","floor":18.0},{"not_picked":["ReplayTheSpireMod:Strike From Hell","Sentinel"],"picked":"Sword Boomerang","floor":20.0},{"not_picked":["Entrench","Thunderclap+1"],"picked":"Flex","floor":24.0},{"not_picked":["Juggernaut","Perfected Strike"],"picked":"Replay:Undeath\u0027s Touch","floor":26.0},{"not_picked":["Blood for Blood","Perfected Strike+1"],"picked":"Intimidate","floor":30.0},{"not_picked":["Body Slam+1","Armaments","Clothesline"],"picked":"SKIP","floor":31.0},{"not_picked":["ReplayTheSpireMod:Stacked","Cleave"],"picked":"Dark Embrace","floor":32.0},{"not_picked":["Iron Wave","Uppercut+1"],"picked":"Berserk","floor":33.0},{"not_picked":["Juggernaut","Corruption"],"picked":"Barricade","floor":35.0},{"not_picked":["Havoc","Rupture+1"],"picked":"Flex+1","floor":37},{"not_picked":["Run Through","ReplayTheSpireMod:Stacked","Sword Boomerang"],"picked":"SKIP","floor":38},{"not_picked":["Sentinel","Sword Boomerang"],"picked":"Dual Wield+1","floor":39},{"not_picked":["Flash of Steel","Replay:Parry"],"picked":"Bandage Up","floor":41},{"not_picked":["ReplayTheSpireMod:Uncanny Aura","Finesse"],"picked":"Violence","floor":41},{"not_picked":["ReplayTheSpireMod:Brewmster","Blind"],"picked":"Apotheosis","floor":41},{"not_picked":["Heavy Blade+1","Clothesline+1","Thunderclap+1"],"picked":"SKIP","floor":42},{"not_picked":["ReplayReversal+1","Anger","Heavy Blade"],"picked":"SKIP","floor":44},{"not_picked":["Rampage","Iron Wave","Dual Wield+1"],"picked":"SKIP","floor":47},{"not_picked":["Pommel Strike+1","Sever Soul+1"],"picked":"Double Tap","floor":48},{"not_picked":["Ghostly Armor","Clash"],"picked":"ReplayTheSpireMod:Limb From Limb+1","floor":50}],"player_experience":405237,"relics_obtained":[{"floor":6.0,"key":"Replay:Mystery Machine"},{"floor":11.0,"key":"King of Hearts"},{"floor":13.0,"key":"War Paint"},{"floor":16.0,"key":"Happy Flower"},{"floor":26.0,"key":"MealTicket"},{"floor":28.0,"key":"Blue Doll"},{"floor":30.0,"key":"Lantern"},{"floor":32.0,"key":"Magic Flower"},{"floor":42,"key":"Potion Belt"},{"floor":44,"key":"MawBank"},{"floor":45,"key":"Bottled Tornado"},{"floor":48,"key":"Omamori"}],"event_choices":[{"damage_healed":0.0,"max_hp_gain":0.0,"max_hp_loss":0.0,"gold_gain":0.0,"event_name":"Golden Idol","player_choice":"Take Damage","floor":3.0,"gold_loss":0.0,"damage_taken":20.0,"relics_obtained":["Golden Idol"]},{"damage_healed":0.0,"max_hp_gain":0.0,"max_hp_loss":0.0,"gold_gain":0.0,"event_name":"Liars Game","player_choice":"Ignored","floor":4.0,"gold_loss":0.0,"damage_taken":0.0},{"damage_healed":0.0,"max_hp_gain":0.0,"max_hp_loss":0.0,"gold_gain":0.0,"event_name":"Designer","player_choice":"Upgrade","floor":22.0,"gold_loss":40.0,"damage_taken":0.0,"cards_upgraded":["ReplayTheSpireMod:Omega Cannon"]},{"damage_healed":0,"gold_gain":0,"player_choice":"Memory 3","damage_taken":10,"max_hp_gain":0,"max_hp_loss":0,"event_name":"SensoryStone","floor":41,"gold_loss":0},{"damage_healed":0,"gold_gain":333,"player_choice":"Gave Idol","damage_taken":0,"max_hp_gain":0,"max_hp_loss":0,"event_name":"The Moai Head","floor":46,"relics_lost":["Golden Idol"],"gold_loss":0}],"is_beta":false,"boss_relics":[{"not_picked":["Busted Crown","Fusion Hammer"],"picked":"Sozu"},{"not_picked":["Velvet Choker","Pandora\u0027s Box"],"picked":"Runic Cube"}],"items_purged_floors":[15,23,40],"is_endless":false,"potions_floor_spawned":[5,6,7,12,18,20,24,32,33,39,42,47,48,50],"killed_by":"Time Eater","ascension_level":8}}