{"host":"aqym1xxr3lb31d9m","time":1612583914,"event":{"mods":["BaseMod","Block Reminder","Colored Map","Colored Powertips","DeckTracker","Highlight Path","Minty Spire (QoL Compilation)","Quick Restart","Random Character Button","StSLib","SuperFastMode","UnlockEverythingMod"],"gold_per_floor":[112,123,123,197,197,197,217,242,268,284,311,325,325,342,342,418,418,431,346,371,371,381,381,411,427,427,427,479,504,109,119,119,193,193,208,430,450,39,55,55,55,55],"floor_reached":41,"language":"JPN","playtime":2640,"items_purged":[],"score":862,"play_id":"36d24baf-abd7-4a82-96fa-568c4352f332","local_time":"20210206125834","is_ascension_mode":true,"campfire_choices":[{"data":"Doom and Gloom","floor":6.0,"key":"SMITH"},{"data":"Beam Cell","floor":13.0,"key":"SMITH"},{"data":"Static Discharge","floor":15.0,"key":"SMITH"},{"data":"Seek","floor":23.0,"key":"SMITH"},{"data":"White Noise","floor":27.0,"key":"SMITH"},{"floor":32.0,"key":"REST"},{"data":"Fusion","floor":40.0,"key":"SMITH"}],"circlet_count":0,"master_deck":["AscendersBane","Strike_B+1","Defend_B+1","Defend_B+1","Defend_B+1","Defend_B+1","Zap","Dualcast","CurseOfTheBell","Doom and Gloom+1","Leap","Static Discharge+1","Seek+1","Beam Cell+1","Cold Snap","Cold Snap","Electrodynamics","Seek+1","Recycle+1","Stack+1","Fusion+1","Coolheaded","BootSequence","White Noise+1","Reinforced Body","Defragment+1","Hello World+1","Barrage","Creative AI+1","Undo","Cold Snap","Defragment+1","White Noise"],"relics":["Calling Bell","Tiny Chest","Eternal Feather","Incense Burner","Orichalcum","Potion Belt","Anchor","Astrolabe","Frozen Egg 2","Red Mask","Toy Ornithopter","Question Card","Akabeko","Runic Capacitor","Philosopher\u0027s Stone","Ice Cream"],"acts_visited":["Exordium","TheCity","TheBeyond"],"potions_floor_usage":[],"damage_taken":[{"damage":16.0,"enemies":"Jaw Worm","floor":1.0,"turns":9.0},{"damage":3.0,"enemies":"2 Louse","floor":2.0,"turns":5.0},{"damage":0.0,"enemies":"Cultist","floor":7.0,"turns":3.0},{"damage":16.0,"enemies":"Lagavulin","floor":8.0,"turns":6.0},{"damage":28.0,"enemies":"Exordium Thugs","floor":10.0,"turns":4.0},{"damage":0.0,"enemies":"3 Louse","floor":12.0,"turns":4.0},{"damage":9.0,"enemies":"Large Slime","floor":14.0,"turns":6.0},{"damage":19.0,"enemies":"The Guardian","floor":16.0,"turns":13.0},{"damage":9.0,"enemies":"Spheric Guardian","floor":18.0,"turns":5.0},{"damage":4.0,"enemies":"Masked Bandits","floor":20.0,"turns":2.0},{"damage":9.0,"enemies":"Shell Parasite","floor":22.0,"turns":8.0},{"damage":2.0,"enemies":"Slavers","floor":24.0,"turns":6.0},{"damage":10.0,"enemies":"Shelled Parasite and Fungi","floor":25.0,"turns":6.0},{"damage":18.0,"enemies":"Gremlin Leader","floor":29.0,"turns":5.0},{"damage":28.0,"enemies":"Cultist and Chosen","floor":31.0,"turns":6.0},{"damage":26.0,"enemies":"Automaton","floor":33.0,"turns":7.0},{"damage":33.0,"enemies":"Orb Walker","floor":35.0,"turns":8.0},{"damage":17.0,"enemies":"3 Shapes","floor":37.0,"turns":4.0},{"damage":12.0,"enemies":"Jaw Worm Horde","floor":39.0,"turns":4.0},{"damage":29,"enemies":"Reptomancer","floor":41,"turns":2}],"seed_played":"-8789991055282701245","potions_obtained":[{"floor":2.0,"key":"CultistPotion"},{"floor":10.0,"key":"FearPotion"},{"floor":16.0,"key":"AttackPotion"},{"floor":18.0,"key":"Weak Potion"},{"floor":31.0,"key":"ColorlessPotion"},{"floor":35.0,"key":"EssenceOfDarkness"},{"floor":37.0,"key":"FocusPotion"}],"is_trial":false,"path_per_floor":["M","M","$","?","?","R","M","E","T","M","T","M","R","M","R","B",null,"M","?","?","?","M","R","E","M","T","R","T","E","$","M","R","B",null,"M","?","M","$","M","R","E"],"character_chosen":"DEFECT","items_purchased":["Runic Capacitor","Hello World+1","Regen Potion","FocusPotion","Ice Cream","Defragment+1"],"campfire_rested":1,"item_purchase_floors":[30,30,30,30,38,38],"current_hp_per_floor":[48,45,45,45,71,71,71,55,55,27,27,27,36,27,36,17,58,49,49,45,45,36,48,46,36,36,51,51,38,38,10,46,35,62,29,29,17,17,5,23,0,0],"gold":55,"neow_bonus":"BOSS_RELIC","is_daily":false,"chose_seed":false,"campfire_upgraded":6,"win_rate":0.0,"timestamp":1612583914,"path_taken":["M","M","$","?","?","R","?","E","T","M","?","M","R","M","R","BOSS","M","?","?","?","M","R","E","M","T","R","?","E","$","M","R","BOSS","M","?","M","$","M","R","E"],"items_purchased_type":["Relic","Card","Potion","Potion","Relic","Card"],"build_version":"2020-12-22","purchased_purges":0,"victory":false,"max_hp_per_floor":[71,71,71,71,71,71,71,71,71,71,71,71,71,71,71,71,71,71,71,71,71,71,71,71,71,71,71,71,71,71,71,71,71,71,71,71,71,71,71,71,71,71],"card_choices":[{"not_picked":["Turbo","Barrage"],"picked":"Doom and Gloom","floor":1.0},{"not_picked":["Meteor Strike","Steam"],"picked":"Leap","floor":2.0},{"not_picked":["Stack","Hologram"],"picked":"Static Discharge","floor":7.0},{"not_picked":["Beam Cell","Leap"],"picked":"Seek","floor":8.0},{"not_picked":["Leap","Ball Lightning"],"picked":"Beam Cell","floor":10.0},{"not_picked":["Sweeping Beam","Barrage"],"picked":"Cold Snap","floor":12.0},{"not_picked":["Doom and Gloom","Static Discharge"],"picked":"Cold Snap","floor":14.0},{"not_picked":["Core Surge","Creative AI"],"picked":"Electrodynamics","floor":16.0},{"not_picked":["Sweeping Beam","Storm"],"picked":"Fusion","floor":18.0},{"not_picked":["Gash","Rip and Tear+1"],"picked":"Coolheaded","floor":20.0},{"not_picked":["Rebound","Steam"],"picked":"BootSequence","floor":22.0},{"not_picked":["Cold Snap","Storm+1"],"picked":"White Noise","floor":24.0},{"not_picked":["Rebound","Stack"],"picked":"Reinforced Body","floor":25.0},{"not_picked":["Reinforced Body","Force Field","Stack"],"picked":"Defragment+1","floor":29.0},{"not_picked":["Beam Cell","Steam","Rip and Tear"],"picked":"Barrage","floor":31.0},{"not_picked":["Reboot","Fission","Amplify"],"picked":"Creative AI+1","floor":33.0},{"not_picked":["Barrage","Sweeping Beam","Genetic Algorithm+1"],"picked":"Undo","floor":35.0},{"not_picked":["Steam","Redo","Leap"],"picked":"Cold Snap","floor":37.0},{"not_picked":["Auto Shields","Hologram","Ball Lightning"],"picked":"White Noise","floor":39.0}],"player_experience":4181803,"relics_obtained":[{"floor":0.0,"key":"Tiny Chest"},{"floor":0.0,"key":"Eternal Feather"},{"floor":0.0,"key":"Incense Burner"},{"floor":8.0,"key":"Orichalcum"},{"floor":9.0,"key":"Potion Belt"},{"floor":11.0,"key":"Anchor"},{"floor":20.0,"key":"Red Mask"},{"floor":24.0,"key":"Toy Ornithopter"},{"floor":26.0,"key":"Question Card"},{"floor":29.0,"key":"Akabeko"}],"event_choices":[{"damage_healed":0.0,"max_hp_gain":0.0,"max_hp_loss":0.0,"gold_gain":74.0,"event_name":"Golden Wing","player_choice":"Gained Gold","floor":4.0,"gold_loss":0.0,"damage_taken":0.0},{"damage_healed":26.0,"max_hp_gain":0.0,"max_hp_loss":0.0,"gold_gain":0.0,"event_name":"Wheel of Change","player_choice":"Full Heal","floor":5.0,"gold_loss":0.0,"damage_taken":0.0},{"damage_healed":0.0,"max_hp_gain":0.0,"max_hp_loss":0.0,"gold_gain":0.0,"event_name":"Addict","player_choice":"Obtained Relic","floor":19.0,"gold_loss":85.0,"damage_taken":0.0,"relics_obtained":["Frozen Egg 2"]},{"damage_healed":0.0,"max_hp_gain":0.0,"max_hp_loss":0.0,"gold_gain":0.0,"event_name":"Masked Bandits","player_choice":"Fought Bandits","floor":20.0,"gold_loss":0.0,"damage_taken":0.0},{"damage_healed":0.0,"max_hp_gain":0.0,"max_hp_loss":0.0,"gold_gain":0.0,"event_name":"Back to Basics","player_choice":"Simplicity","floor":21.0,"gold_loss":0.0,"damage_taken":0.0,"cards_upgraded":["Strike_B","Defend_B","Defend_B","Defend_B","Defend_B"]},{"damage_healed":0.0,"max_hp_gain":0.0,"max_hp_loss":0.0,"gold_gain":222.0,"event_name":"Tomb of Lord Red Mask","player_choice":"Wore Mask","floor":36.0,"gold_loss":0.0,"damage_taken":0.0}],"is_beta":false,"boss_relics":[{"not_picked":["Ectoplasm","Fusion Hammer"],"picked":"Astrolabe"},{"not_picked":["Black Star","SacredBark"],"picked":"Philosopher\u0027s Stone"}],"items_purged_floors":[],"is_endless":false,"potions_floor_spawned":[2,10,16,18,22,31,35,37],"killed_by":"Reptomancer","ascension_level":20}}