{"host":"mr1ctipv0dcr6y8g","time":1612654744,"event":{"mods":["BaseMod","Beaked The Cultist","DeckTracker","Energized Spire","Minty Spire (QoL Compilation)","READ ME - Guardian Mod","Shop Mod","StSLib","The Construct"],"gold_per_floor":[117,132,152,163,174,174,199,199,199,28,53,128,78,97,97,197,197,207,207,217,142,154,181,207,234,234,234,11,11,37,55,55,154,154,164,174,174,194,208,235,261,261,287,287,301,329,73,87,87,87],"floor_reached":51,"language":"ENG","playtime":2960,"items_purged":["Strike_G","Flechettes"],"score":974,"play_id":"d3831d75-464c-4be5-8d6d-6c258cea4d73","local_time":"20210206163904","daily_mods":["Heirloom","Time Dilation","Flight"],"is_ascension_mode":false,"campfire_choices":[{"data":"Glass Knife","floor":6.0,"key":"SMITH"},{"floor":15.0,"key":"REST"},{"data":"Catalyst","floor":27,"key":"SMITH"},{"data":"Apotheosis","floor":32,"key":"SMITH"},{"data":"After Image","floor":42,"key":"SMITH"},{"floor":49,"key":"REST"}],"circlet_count":0,"master_deck":["Defend_G","Defend_G+1","Defend_G","Defend_G","Defend_G","Survivor+1","Neutralize","Prepared","Glass Knife+1","Calculated Gamble","Crippling Poison","Deadly Poison","Backstab","Blur","Deflect","Apotheosis+1","Burst","PiercingWail","After Image+1","Catalyst+1","Leg Sweep","Deadly Poison","Deflect","Burst","Dagger Throw","Blade Dance","Catalyst","Blur","Wraith Form v2","Deflect+1","Wraith Form v2","PiercingWail+1"],"relics":["Ring of the Snake","Prayer Wheel","PreservedInsect","Letter Opener","Art of War","Runic Pyramid","Du-Vu Doll","Centennial Puzzle","Ornamental Fan","The Specimen","Pen Nib","energizedSpire:RedRose","Bag of Marbles","CeramicFish","Orrery"],"acts_visited":["Exordium","TheCity","TheBeyond"],"potions_floor_usage":[48],"damage_taken":[{"damage":8.0,"enemies":"Small Slimes","floor":1.0,"turns":4.0},{"damage":0.0,"enemies":"Jaw Worm","floor":2.0,"turns":3.0},{"damage":0.0,"enemies":"2 Louse","floor":3.0,"turns":2.0},{"damage":2.0,"enemies":"Looter","floor":4.0,"turns":3.0},{"damage":0.0,"enemies":"3 Louse","floor":5.0,"turns":4.0},{"damage":17.0,"enemies":"Lagavulin","floor":7.0,"turns":5.0},{"damage":0.0,"enemies":"Gremlin Nob","floor":11.0,"turns":3.0},{"damage":4.0,"enemies":"Exordium Thugs","floor":14.0,"turns":3.0},{"damage":0.0,"enemies":"Slime Boss","floor":16.0,"turns":7.0},{"damage":0.0,"enemies":"Spheric Guardian","floor":18.0,"turns":3.0},{"damage":0.0,"enemies":"Chosen","floor":20.0,"turns":4.0},{"damage":2.0,"enemies":"Shelled Parasite and Fungi","floor":22.0,"turns":4.0},{"damage":0.0,"enemies":"Book of Stabbing","floor":23.0,"turns":5.0},{"damage":1.0,"enemies":"Gremlin Leader","floor":24.0,"turns":6.0},{"damage":0.0,"enemies":"Book of Stabbing","floor":25.0,"turns":5.0},{"damage":9,"enemies":"Gremlin Leader","floor":30,"turns":4},{"damage":8,"enemies":"Centurion and Healer","floor":31,"turns":4},{"damage":0,"enemies":"Automaton","floor":33,"turns":6},{"damage":5,"enemies":"3 Shapes","floor":35,"turns":3},{"damage":5,"enemies":"3 Darklings","floor":36,"turns":4},{"damage":4,"enemies":"Spire Growth","floor":38,"turns":4},{"damage":0,"enemies":"Writhing Mass","floor":39,"turns":4},{"damage":1,"enemies":"Giant Head","floor":40,"turns":4},{"damage":2,"enemies":"Nemesis","floor":41,"turns":3},{"damage":0,"enemies":"Jaw Worm Horde","floor":45,"turns":5},{"damage":0,"enemies":"4 Shapes","floor":46,"turns":4},{"damage":6,"enemies":"Writhing Mass","floor":48,"turns":3},{"damage":8,"enemies":"Donu and Deca","floor":50,"turns":9}],"seed_played":"-5935705987574541511","potions_obtained":[{"floor":2.0,"key":"LiquidBronze"},{"floor":4.0,"key":"Swift Potion"},{"floor":5.0,"key":"SteroidPotion"},{"floor":14.0,"key":"Energy Potion"},{"floor":18.0,"key":"AttackPotion"},{"floor":24.0,"key":"DuplicationPotion"},{"floor":31,"key":"Strength Potion"},{"floor":38,"key":"CultistPotion"},{"floor":40,"key":"SteroidPotion"},{"floor":41,"key":"Weak Potion"}],"is_trial":true,"path_per_floor":["M","M","M","M","M","R","E","?","T","$","E","?","?","M","R","B",null,"M","?","M","?","M","E","E","E","T","R","$","?","E","M","R","B",null,"M","M","?","M","M","E","E","R","T","?","M","M","$","M","R","B",null],"character_chosen":"THE_SILENT","items_purchased":["Apotheosis","Burst","Orrery"],"campfire_rested":2,"item_purchase_floors":[10,28,47],"current_hp_per_floor":[62,62,62,60,60,60,43,29,29,29,29,18,18,14,35,35,70,70,70,70,70,68,68,67,67,67,67,67,67,58,50,50,50,70,65,60,60,56,56,55,53,53,53,53,53,53,53,47,68,60],"gold":87,"neow_bonus":"","is_daily":false,"chose_seed":false,"campfire_upgraded":4,"win_rate":0.0,"timestamp":1612654744,"path_taken":["M","M","M","M","M","R","E","?","T","$","E","?","?","M","R","BOSS","M","?","M","?","M","E","E","E","T","R","$","?","E","M","R","BOSS","M","M","?","M","M","E","E","R","T","?","M","M","$","M","R","BOSS"],"items_purchased_type":["Card","Card","Relic"],"build_version":"2020-12-22","purchased_purges":2,"victory":true,"max_hp_per_floor":[70,70,70,70,70,70,70,70,70,70,70,70,70,70,70,70,70,70,70,70,70,70,70,70,70,70,70,70,70,70,70,70,70,70,70,70,70,70,70,70,70,70,70,70,70,70,70,70,70,70],"card_choices":[{"not_picked":["PiercingWail","Quick Slash"],"picked":"Prepared","floor":1.0},{"not_picked":["Acrobatics","Outmaneuver"],"picked":"Glass Knife","floor":1.0},{"not_picked":["Backflip","Slice"],"picked":"Calculated Gamble","floor":2.0},{"not_picked":["Skewer","Dagger Throw"],"picked":"Crippling Poison","floor":2.0},{"not_picked":["Prepared","Concentrate"],"picked":"Deadly Poison","floor":3.0},{"not_picked":["Predator","Dagger Spray"],"picked":"Backstab","floor":3.0},{"not_picked":["Poisoned Stab","Heel Hook"],"picked":"Blur","floor":4.0},{"not_picked":["Skewer","Cloak And Dagger","Backstab"],"picked":"SKIP","floor":4.0},{"not_picked":["Acrobatics","Blade Dance"],"picked":"Deflect","floor":5.0},{"not_picked":["Underhanded Strike","Cloak And Dagger","Masterful Stab"],"picked":"SKIP","floor":5.0},{"not_picked":["Slice","Bane","Prepared"],"picked":"SKIP","floor":7.0},{"not_picked":["Wraith Form v2","Sucker Punch"],"picked":"Burst","floor":11.0},{"not_picked":["Acrobatics","Calculated Gamble"],"picked":"PiercingWail","floor":14.0},{"not_picked":["Dagger Spray","Dodge and Roll","Flying Knee"],"picked":"SKIP","floor":14.0},{"not_picked":["Phantasmal Killer","Unload"],"picked":"After Image","floor":16.0},{"not_picked":["Dagger Throw+1","Heel Hook+1","Poisoned Stab+1"],"picked":"SKIP","floor":18.0},{"not_picked":["Reflex+1","Accuracy","Underhanded Strike+1"],"picked":"SKIP","floor":18.0},{"not_picked":["Acrobatics+1","Terror"],"picked":"Catalyst","floor":20.0},{"not_picked":["Dagger Spray","Backflip"],"picked":"Leg Sweep","floor":20.0},{"not_picked":["Deflect","Slice"],"picked":"Deadly Poison","floor":22.0},{"not_picked":["Flying Knee","Escape Plan","Outmaneuver"],"picked":"SKIP","floor":22.0},{"not_picked":["Unload","Acrobatics"],"picked":"Deflect","floor":23.0},{"not_picked":["Blade Dance","Dagger Spray","Poisoned Stab"],"picked":"SKIP","floor":24.0},{"not_picked":["Cloak And Dagger+1","Backflip"],"picked":"Flechettes","floor":25.0},{"not_picked":["Dodge and Roll","Masterful Stab"],"picked":"Catalyst","floor":30},{"not_picked":["Finisher","All Out Attack"],"picked":"Blur","floor":31},{"not_picked":["Prepared+1","Well Laid Plans","Flying Knee"],"picked":"SKIP","floor":31},{"not_picked":["Glass Knife","Die Die Die"],"picked":"Wraith Form v2","floor":33},{"not_picked":["All Out Attack","Concentrate","Tactician+1"],"picked":"SKIP","floor":35},{"not_picked":["Cloak And Dagger","Backflip+1","Quick Slash"],"picked":"SKIP","floor":35},{"not_picked":["Backstab+1","Sucker Punch+1","Eviscerate+1"],"picked":"SKIP","floor":36},{"not_picked":["All Out Attack","Dagger Spray","Calculated Gamble+1"],"picked":"SKIP","floor":36},{"not_picked":["Calculated Gamble","Catalyst+1"],"picked":"Deflect+1","floor":38},{"not_picked":["Prepared","Cloak And Dagger","Flying Knee+1"],"picked":"SKIP","floor":38},{"not_picked":["Cloak And Dagger+1","Acrobatics+1"],"picked":"Wraith Form v2","floor":39},{"not_picked":["Finisher+1","Terror+1","Heel Hook+1"],"picked":"SKIP","floor":39},{"not_picked":["Dash+1","Crippling Poison+1","Cloak And Dagger+1"],"picked":"SKIP","floor":40},{"not_picked":["Tactician","Prepared+1","Quick Slash"],"picked":"SKIP","floor":41},{"not_picked":["Acrobatics+1","Riddle With Holes+1","Bane+1"],"picked":"SKIP","floor":45},{"not_picked":["Cloak And Dagger+1","Blade Dance+1","Outmaneuver"],"picked":"SKIP","floor":45},{"not_picked":["Die Die Die","Skewer"],"picked":"PiercingWail+1","floor":46},{"not_picked":["Terror+1","Acrobatics+1","Flechettes"],"picked":"SKIP","floor":46},{"not_picked":["Choke+1","Dash","Quick Slash+1"],"picked":"SKIP","floor":48},{"not_picked":["Acrobatics+1","Eviscerate+1","Bane"],"picked":"SKIP","floor":48}],"player_experience":1570726,"relics_obtained":[{"floor":7.0,"key":"PreservedInsect"},{"floor":9.0,"key":"Letter Opener"},{"floor":11.0,"key":"Art of War"},{"floor":23.0,"key":"Du-Vu Doll"},{"floor":24.0,"key":"Centennial Puzzle"},{"floor":25.0,"key":"Ornamental Fan"},{"floor":26.0,"key":"The Specimen"},{"floor":30,"key":"Pen Nib"},{"floor":40,"key":"Bag of Marbles"},{"floor":41,"key":"CeramicFish"}],"event_choices":[{"damage_healed":0.0,"max_hp_gain":0.0,"max_hp_loss":0.0,"gold_gain":0.0,"event_name":"Shining Light","player_choice":"Entered Light","floor":8.0,"gold_loss":0.0,"damage_taken":14.0,"cards_upgraded":["Survivor","Defend_G"]},{"damage_healed":0.0,"max_hp_gain":0.0,"max_hp_loss":0.0,"gold_gain":75.0,"event_name":"World of Goop","player_choice":"Gather Gold","floor":12.0,"gold_loss":0.0,"damage_taken":11.0},{"cards_removed":["Strike_G"],"damage_healed":0.0,"max_hp_gain":0.0,"max_hp_loss":0.0,"gold_gain":0.0,"event_name":"The Cleric","player_choice":"Card Removal","floor":13.0,"gold_loss":50.0,"damage_taken":0.0},{"damage_healed":0.0,"max_hp_gain":0.0,"max_hp_loss":0.0,"gold_gain":0.0,"event_name":"Ghosts","player_choice":"Ignored","floor":19.0,"gold_loss":0.0,"damage_taken":0.0},{"cards_removed":["Strike_G"],"damage_healed":0.0,"max_hp_gain":0.0,"max_hp_loss":0.0,"gold_gain":0.0,"event_name":"Beggar","player_choice":"Gave Gold","floor":21.0,"gold_loss":75.0,"damage_taken":0.0},{"damage_healed":0,"gold_gain":0,"cards_transformed":["Strike_G","Strike_G"],"player_choice":"Became Test Subject","damage_taken":0,"max_hp_gain":0,"max_hp_loss":0,"event_name":"Drug Dealer","floor":29,"gold_loss":0,"cards_obtained":["Dagger Throw","Blade Dance"]},{"damage_healed":0,"gold_gain":0,"player_choice":"Ignored","damage_taken":0,"max_hp_gain":0,"max_hp_loss":0,"event_name":"Tomb of Lord Red Mask","floor":37,"gold_loss":0},{"damage_healed":0,"gold_gain":0,"player_choice":"Ignored","damage_taken":0,"max_hp_gain":0,"max_hp_loss":0,"event_name":"SecretPortal","floor":44,"gold_loss":0}],"is_beta":false,"boss_relics":[{"not_picked":["energizedSpire:PogoStick","Calling Bell"],"picked":"Runic Pyramid"},{"not_picked":["construct:ClawGrip","Fusion Hammer"],"picked":"energizedSpire:RedRose"}],"items_purged_floors":[28,47],"is_endless":false,"potions_floor_spawned":[2,4,5,14,18,24,31,38,40,41,45],"ascension_level":0}}