{"host":"59wnhi65kiwmnpg4","time":1612608963,"event":{"mods":["2.2 Compatiblity","AchievementEnabler","BaseMod","BetterRewards","Colored Map","Custom Start","Disable Question Mark Monsters","Highlight Path","Minty Spire (QoL Compilation)","Permanent Neow","Relic Sorter","Relic Stats"],"gold_per_floor":[112,16,116,129,140,140,171,185,267,299,309,320,164,199,199,296,296,307,307,322,336,356,384,384,403,452,481,114,114,30,62,62,162,162,178,196,214,229,29,29,29,63,89,106,106,117,135,4,4,4],"floor_reached":51,"language":"ENG","playtime":3879,"items_purged":["Defend_P","Writhe"],"score":1126,"play_id":"86868b9d-f6b5-4801-a213-62a1587ed8af","local_time":"20210206105603","is_ascension_mode":true,"campfire_choices":[{"data":"SandsOfTime","floor":6.0,"key":"SMITH"},{"data":"BowlingBash","floor":15.0,"key":"SMITH"},{"data":"Crescendo","floor":24.0,"key":"SMITH"},{"data":"Devotion","floor":32.0,"key":"SMITH"},{"data":"Eruption","floor":41,"key":"SMITH"},{"data":"TalkToTheHand","floor":45,"key":"SMITH"},{"data":"ForeignInfluence","floor":49,"key":"SMITH"}],"circlet_count":0,"master_deck":["Strike_P","Strike_P","Strike_P","Strike_P","Defend_P+1","Defend_P+1","Defend_P+1","Eruption+1","Vigilance","SandsOfTime+1","BowlingBash+1","Crescendo+1","WreathOfFlame","Wallop","DeusExMachina","EmptyBody","FollowUp+1","Devotion+1","EmptyFist+1","Wallop","TalkToTheHand+1","Ragnarok","LessonLearned","ClearTheMind+1","FlurryOfBlows+1","Tantrum","Injury","Swivel+1","ForeignInfluence+1"],"relics":["PureWater","FossilizedHelix","TungstenRod","Singing Bowl","Vajra","Bag of Preparation","Blue Candle","Runic Pyramid","Enchiridion","InkBottle","Orichalcum","Prayer Wheel","Membership Card","Bronze Scales","Nunchaku","War Paint","Matryoshka","Cursed Key","Turnip","Regal Pillow","Question Card","Potion Belt","TeardropLocket"],"acts_visited":["Exordium","TheCity","TheBeyond"],"potions_floor_usage":[50,50,50,50,50],"damage_taken":[{"damage":0.0,"enemies":"2 Louse","floor":1.0,"turns":2.0},{"damage":0.0,"enemies":"Cultist","floor":4.0,"turns":2.0},{"damage":0.0,"enemies":"Small Slimes","floor":5.0,"turns":2.0},{"damage":0.0,"enemies":"3 Sentries","floor":7.0,"turns":4.0},{"damage":7.0,"enemies":"Exordium Wildlife","floor":8.0,"turns":3.0},{"damage":0.0,"enemies":"Lagavulin","floor":10.0,"turns":3.0},{"damage":0.0,"enemies":"Looter","floor":11.0,"turns":2.0},{"damage":0.0,"enemies":"2 Fungi Beasts","floor":12.0,"turns":2.0},{"damage":0.0,"enemies":"3 Sentries","floor":14.0,"turns":4.0},{"damage":0.0,"enemies":"Slime Boss","floor":16.0,"turns":4.0},{"damage":0.0,"enemies":"Spheric Guardian","floor":18.0,"turns":3.0},{"damage":2.0,"enemies":"2 Thieves","floor":20.0,"turns":3.0},{"damage":0.0,"enemies":"Snecko","floor":21.0,"turns":3.0},{"damage":0.0,"enemies":"Snake Plant","floor":22.0,"turns":2.0},{"damage":19.0,"enemies":"Gremlin Leader","floor":23.0,"turns":3.0},{"damage":0.0,"enemies":"Sentry and Sphere","floor":25.0,"turns":3.0},{"damage":13.0,"enemies":"Slavers","floor":27.0,"turns":3.0},{"damage":0.0,"enemies":"Gremlin Leader","floor":31.0,"turns":6.0},{"damage":0.0,"enemies":"Champ","floor":33.0,"turns":7.0},{"damage":0.0,"enemies":"3 Shapes","floor":35.0,"turns":2.0},{"damage":0.0,"enemies":"Orb Walker","floor":36.0,"turns":2.0},{"damage":0.0,"enemies":"Maw","floor":37.0,"turns":6.0},{"damage":0.0,"enemies":"Jaw Worm Horde","floor":38.0,"turns":3.0},{"damage":0,"enemies":"Reptomancer","floor":42,"turns":3},{"damage":0,"enemies":"4 Shapes","floor":44,"turns":2},{"damage":0,"enemies":"Spire Growth","floor":46,"turns":3},{"damage":0,"enemies":"Jaw Worm Horde","floor":47,"turns":3},{"damage":12,"enemies":"Donu and Deca","floor":50,"turns":3}],"seed_played":"-1829914371379405039","potions_obtained":[{"floor":1.0,"key":"AttackPotion"},{"floor":4.0,"key":"EntropicBrew"},{"floor":7.0,"key":"LiquidBronze"},{"floor":8.0,"key":"Strength Potion"},{"floor":12.0,"key":"Fire Potion"},{"floor":23.0,"key":"DistilledChaos"},{"floor":31.0,"key":"Energy Potion"},{"floor":36.0,"key":"Ambrosia"},{"floor":42,"key":"CultistPotion"},{"floor":44,"key":"SteroidPotion"},{"floor":46,"key":"Ambrosia"}],"is_trial":false,"path_per_floor":["M","$","?","M","M","R","E","M","T","E","M","M","$","E","R","B",null,"M","?","M","M","M","E","R","M","T","E","$","?","$","E","R","B",null,"M","M","M","M","$","?","R","E","T","M","R","M","M","$","R","B",null],"character_chosen":"WATCHER","items_purchased":["BowlingBash","FearPotion","Bag of Preparation","Membership Card","Bronze Scales","Nunchaku","PowerPotion","EmptyFist","Wallop","Strength Potion","Tantrum","Turnip","TeardropLocket"],"campfire_rested":0,"item_purchase_floors":[2,2,13,28,28,28,28,28,30,39,39,39,48],"current_hp_per_floor":[51,51,51,51,51,51,51,44,44,46,48,50,50,50,50,50,78,78,66,64,66,68,51,51,53,53,49,49,49,49,49,49,49,86,90,90,94,96,96,96,96,98,98,100,100,104,106,106,106,94],"gold":4,"neow_bonus":"ONE_RARE_RELIC","is_daily":false,"chose_seed":false,"campfire_upgraded":7,"win_rate":0.0,"timestamp":1612608963,"path_taken":["M","$","?","?","M","R","E","M","T","E","M","M","$","E","R","BOSS","M","?","M","M","M","E","R","M","T","E","$","?","?","E","R","BOSS","M","M","M","M","$","?","R","E","T","M","R","M","M","$","R","BOSS"],"items_purchased_type":["Card","Potion","Relic","Relic","Relic","Relic","Potion","Card","Card","Potion","Card","Relic","Relic"],"build_version":"2020-12-22","purchased_purges":2,"victory":true,"max_hp_per_floor":[72,72,72,72,72,72,72,72,72,74,76,78,78,78,78,78,78,78,78,78,80,82,84,84,86,86,86,86,86,86,86,86,86,86,90,90,94,96,96,96,96,98,98,100,100,104,106,106,106,106],"relic_stats":{"Regal Pillow":0,"Singing Bowl":34,"counters":[28,88],"Blue Candle":[1],"Bag of Preparation":[43],"Orichalcum":[42],"War Paint":["Defend_P","Defend_P"],"Cursed Key":1,"Question Card":6,"Nunchaku":[12],"Bronze Scales":[49],"Prayer Wheel":7,"Turnip":[0],"obtain_stats":[{"Potion Belt":43,"Regal Pillow":42,"Singing Bowl":9,"Blue Candle":14,"Vajra":10,"Enchiridion":19,"Bag of Preparation":13,"TeardropLocket":48,"Orichalcum":26,"War Paint":29,"Cursed Key":34,"Question Card":43,"Nunchaku":28,"Matryoshka":31,"Bronze Scales":28,"Prayer Wheel":27,"Turnip":39,"Membership Card":28,"PureWater":0,"FossilizedHelix":0,"TungstenRod":7,"InkBottle":23,"Runic Pyramid":17},{"Potion Belt":24,"Regal Pillow":24,"Singing Bowl":5,"Blue Candle":9,"Vajra":6,"Enchiridion":11,"Bag of Preparation":8,"TeardropLocket":27,"Orichalcum":16,"War Paint":17,"Cursed Key":19,"Question Card":24,"Nunchaku":17,"Matryoshka":18,"Bronze Scales":17,"Prayer Wheel":17,"Turnip":23,"Membership Card":17,"PureWater":0,"FossilizedHelix":0,"TungstenRod":4,"InkBottle":15,"Runic Pyramid":10},{"Potion Belt":77,"Regal Pillow":77,"Singing Bowl":13,"Blue Candle":24,"Vajra":16,"Enchiridion":31,"Bag of Preparation":20,"TeardropLocket":85,"Orichalcum":45,"War Paint":48,"Cursed Key":61,"Question Card":77,"Nunchaku":48,"Matryoshka":54,"Bronze Scales":48,"Prayer Wheel":48,"Turnip":74,"Membership Card":48,"PureWater":0,"FossilizedHelix":0,"TungstenRod":10,"InkBottle":42,"Runic Pyramid":28}],"TungstenRod":12,"InkBottle":[20]},"card_choices":[{"not_picked":["Weave","Evaluate"],"picked":"SandsOfTime","floor":1.0},{"not_picked":["Nirvana","ReachHeaven"],"picked":"Crescendo","floor":4.0},{"not_picked":["ReachHeaven","Prostrate","Perseverance"],"picked":"SKIP","floor":5.0},{"not_picked":["Crescendo","Collect"],"picked":"WreathOfFlame","floor":7.0},{"not_picked":["CarveReality","FollowUp","Consecrate"],"picked":"SKIP","floor":8.0},{"not_picked":["CarveReality","FollowUp","Consecrate"],"picked":"SKIP","floor":8.0},{"not_picked":["WreathOfFlame","PathToVictory","Alpha"],"picked":"Singing Bowl","floor":10.0},{"not_picked":["Consecrate","Halt","CutThroughFate"],"picked":"Singing Bowl","floor":11.0},{"not_picked":["CrushJoints","Halt","DeceiveReality"],"picked":"Singing Bowl","floor":12.0},{"not_picked":["CutThroughFate","Nirvana"],"picked":"Wallop","floor":14.0},{"not_picked":["Devotion","MasterReality"],"picked":"DeusExMachina","floor":16.0},{"not_picked":["BowlingBash","SashWhip"],"picked":"EmptyBody","floor":18.0},{"not_picked":["Nirvana","ThirdEye"],"picked":"FollowUp+1","floor":20.0},{"not_picked":["Perseverance","CrushJoints","WheelKick"],"picked":"Singing Bowl","floor":21.0},{"not_picked":["Pray","Study","Evaluate"],"picked":"Singing Bowl","floor":22.0},{"not_picked":["FlurryOfBlows+1","PathToVictory","Sanctity+1"],"picked":"Singing Bowl","floor":23.0},{"not_picked":["Perseverance+1","Vengeance+1","FlurryOfBlows"],"picked":"Singing Bowl","floor":25.0},{"not_picked":["FollowUp","BowlingBash"],"picked":"Devotion","floor":27.0},{"not_picked":["WheelKick","EmptyMind+1"],"picked":"TalkToTheHand","floor":31.0},{"not_picked":["Wish","SpiritShield"],"picked":"Ragnarok","floor":33.0},{"not_picked":["BowlingBash","EmptyFist+1","CrushJoints+1"],"picked":"Singing Bowl","floor":35.0},{"not_picked":["EmptyBody","Halt","Evaluate+1"],"picked":"Singing Bowl","floor":35.0},{"not_picked":["SashWhip","BattleHymn"],"picked":"LessonLearned","floor":36.0},{"not_picked":["SashWhip","ThirdEye+1"],"picked":"ClearTheMind+1","floor":36.0},{"not_picked":["Perseverance+1","SashWhip","SandsOfTime"],"picked":"Singing Bowl","floor":37.0},{"not_picked":["EmptyBody","Sanctity","Crescendo+1"],"picked":"Singing Bowl","floor":37.0},{"not_picked":["EmptyBody+1","Consecrate","SashWhip"],"picked":"Singing Bowl","floor":38.0},{"not_picked":["FlyingSleeves+1","SandsOfTime"],"picked":"FlurryOfBlows+1","floor":38.0},{"not_picked":["Evaluate","CrushJoints","WheelKick"],"picked":"Singing Bowl","floor":42},{"not_picked":["CutThroughFate+1","Tantrum","Crescendo"],"picked":"Swivel+1","floor":44},{"not_picked":["SashWhip","ClearTheMind","Conclude+1","SandsOfTime+1"],"picked":"Singing Bowl","floor":44},{"not_picked":["JustLucky+1","MasterReality","PathToVictory","Crescendo+1"],"picked":"Singing Bowl","floor":46},{"not_picked":["Conclude+1","JustLucky+1","Vengeance","CrushJoints"],"picked":"Singing Bowl","floor":46},{"not_picked":["DeceiveReality","EmptyBody","EmptyFist+1","Crescendo"],"picked":"Singing Bowl","floor":47},{"not_picked":["Evaluate","Crescendo","Prostrate+1"],"picked":"ForeignInfluence","floor":47}],"player_experience":893321,"relics_obtained":[{"floor":7.0,"key":"TungstenRod"},{"floor":9.0,"key":"Singing Bowl"},{"floor":10.0,"key":"Vajra"},{"floor":14.0,"key":"Blue Candle"},{"floor":19.0,"key":"Enchiridion"},{"floor":23.0,"key":"InkBottle"},{"floor":26.0,"key":"Orichalcum"},{"floor":27.0,"key":"Prayer Wheel"},{"floor":31.0,"key":"Matryoshka"},{"floor":42,"key":"Regal Pillow"},{"floor":43,"key":"Question Card"},{"floor":43,"key":"Potion Belt"}],"event_choices":[{"damage_healed":0.0,"max_hp_gain":0.0,"max_hp_loss":0.0,"gold_gain":100.0,"event_name":"Golden Shrine","player_choice":"Pray","floor":3.0,"gold_loss":0.0,"damage_taken":0.0},{"damage_healed":0.0,"max_hp_gain":0.0,"max_hp_loss":0.0,"gold_gain":0.0,"event_name":"Cursed Tome","player_choice":"Obtained Book","floor":19.0,"gold_loss":0.0,"damage_taken":16.0},{"damage_healed":0.0,"max_hp_gain":0.0,"max_hp_loss":0.0,"gold_gain":0.0,"event_name":"The Mausoleum","player_choice":"Opened","floor":29.0,"gold_loss":0.0,"damage_taken":0.0,"relics_obtained":["War Paint"],"cards_obtained":["Writhe"]},{"damage_healed":0,"gold_gain":0,"player_choice":"Ignored","damage_taken":0,"max_hp_gain":0,"max_hp_loss":0,"event_name":"Mysterious Sphere","floor":40,"gold_loss":0}],"is_beta":false,"boss_relics":[{"not_picked":["Ectoplasm","Fusion Hammer"],"picked":"Runic Pyramid"},{"not_picked":["Tiny House","Calling Bell"],"picked":"Cursed Key"}],"items_purged_floors":[28,30],"is_endless":false,"potions_floor_spawned":[1,4,7,8,12,18,20,23,31,36,38,42,44,46,47],"ascension_level":3}}