{"host":"gaqyve1328ta0etl","time":1612598647,"event":{"mods":["BaseMod","Colored Map","Colored Powertips","Duelist Mod","Googly Eyes","Hero for Fun","Minty Spire (QoL Compilation)","Shop Mod","StSLib","SuperFastMode","The Hierophant","The Runesmith"],"gold_per_floor":[119,138,103,103,103,103,119,137,137,157,157,233,5,0,0,130,130,149,1,25,25,25,25,49,49,49,49,82,102,102,2,2,125,125,146,161,179,54,69,69,87,87,87,87,105,121,139,139,139,139],"floor_reached":51,"language":"ENG","playtime":1323,"items_purged":["Strike_G","Strike_G","Strike_G"],"score":1064,"play_id":"699ad0a0-03ef-4562-8490-b9916c832043","local_time":"20210206000407","is_ascension_mode":true,"campfire_choices":[{"floor":6.0,"key":"REST"},{"floor":11.0,"key":"REST"},{"floor":15.0,"key":"REST"},{"data":"Panache","floor":23.0,"key":"SMITH"},{"floor":25.0,"key":"REST"},{"data":"Adrenaline","floor":27.0,"key":"SMITH"},{"data":"Infinite Blades","floor":32.0,"key":"SMITH"},{"data":"Footwork","floor":40,"key":"SMITH"},{"floor":42,"key":"REST"},{"floor":44,"key":"REST"},{"floor":49,"key":"REST"}],"circlet_count":0,"master_deck":["AscendersBane","Strike_G","Defend_G","Defend_G","Defend_G","Defend_G","Survivor","Neutralize","Panache+1","Dagger Throw","Infinite Blades+1","Footwork+1","Cloak And Dagger","Slice","Blur","Adrenaline+1","Slice","Flying Knee","Escape Plan","Cloak And Dagger","Corpse Explosion"],"relics":["Ring of the Serpent","Golden Idol","Runesmith:Nanobots","Meat on the Bone","ClockworkSouvenir","Medical Kit","Anchor","Blue Candle","Nunchaku","Busted Crown","InkBottle"],"acts_visited":["Exordium","TheCity","TheBeyond"],"potions_floor_usage":[50,50],"damage_taken":[{"damage":8.0,"enemies":"Jaw Worm","floor":1.0,"turns":5.0},{"damage":0.0,"enemies":"2 Louse","floor":2.0,"turns":3.0},{"damage":4.0,"enemies":"Small Slimes","floor":7.0,"turns":5.0},{"damage":18.0,"enemies":"3 Louse","floor":8.0,"turns":5.0},{"damage":3.0,"enemies":"Looter","floor":10.0,"turns":3.0},{"damage":6.0,"enemies":"3 Sentries","floor":12.0,"turns":5.0},{"damage":43.0,"enemies":"Hexaghost","floor":16.0,"turns":15.0},{"damage":6.0,"enemies":"3 Byrds","floor":18.0,"turns":5.0},{"damage":0.0,"enemies":"Chosen","floor":20.0,"turns":5.0},{"damage":7.0,"enemies":"Shelled Parasite and Fungi","floor":24.0,"turns":8.0},{"damage":16.0,"enemies":"Book of Stabbing","floor":28.0,"turns":7.0},{"damage":0.0,"enemies":"Snake Plant","floor":29.0,"turns":5.0},{"damage":32.0,"enemies":"Automaton","floor":33.0,"turns":13.0},{"damage":0,"enemies":"3 Darklings","floor":35,"turns":2},{"damage":5,"enemies":"Orb Walker","floor":36,"turns":5},{"damage":5,"enemies":"3 Darklings","floor":37,"turns":4},{"damage":0,"enemies":"Sphere and 2 Shapes","floor":39,"turns":3},{"damage":48,"enemies":"Writhing Mass","floor":41,"turns":8},{"damage":12,"enemies":"3 Darklings","floor":45,"turns":4},{"damage":1,"enemies":"Spire Growth","floor":46,"turns":5},{"damage":0,"enemies":"Jaw Worm Horde","floor":47,"turns":2},{"damage":34,"enemies":"Donu and Deca","floor":50,"turns":7}],"seed_played":"8121090388576627357","potions_obtained":[{"floor":1.0,"key":"Dexterity Potion"},{"floor":2.0,"key":"Ancient Potion"},{"floor":24.0,"key":"FearPotion"},{"floor":35,"key":"SpeedPotion"},{"floor":37,"key":"CultistPotion"}],"is_trial":false,"path_per_floor":["M","M","?","?","?","R","M","M","T","M","R","?","$","?","R","B",null,"M","$","M","?","?","R","M","R","T","R","E","M","?","$","R","B",null,"M","M","M","$","M","R","M","R","T","R","M","M","M","?","R","B",null],"character_chosen":"THE_SILENT","items_purchased":["ClockworkSouvenir","Medical Kit"],"campfire_rested":7,"item_purchase_floors":[13,19],"current_hp_per_floor":[37,37,54,47,30,51,47,29,29,26,47,41,41,41,62,31,60,54,54,54,54,54,54,47,68,68,68,52,52,52,52,52,32,61,61,56,51,51,51,51,15,36,36,57,45,44,44,44,65,43],"gold":139,"neow_bonus":"RANDOM_COLORLESS_2","is_daily":false,"chose_seed":false,"campfire_upgraded":4,"win_rate":0.0,"timestamp":1612598647,"path_taken":["M","M","?","?","?","R","M","?","T","M","R","?","$","?","R","BOSS","M","$","M","?","?","R","M","R","T","R","E","?","?","$","R","BOSS","M","?","?","$","M","R","M","R","T","R","M","M","M","?","R","BOSS"],"items_purchased_type":["Relic","Relic"],"build_version":"2020-12-22","purchased_purges":3,"victory":true,"max_hp_per_floor":[70,70,70,70,70,70,70,70,70,70,70,70,70,70,70,70,70,70,70,70,70,70,70,70,70,70,70,70,70,70,70,70,70,70,70,70,70,70,70,70,70,70,70,70,70,70,70,70,70,70],"card_choices":[{"not_picked":["Mayhem","Magnetism"],"picked":"Panache","floor":0.0},{"not_picked":["PiercingWail","Accuracy"],"picked":"Dagger Throw","floor":1.0},{"not_picked":["Expertise","Dodge and Roll"],"picked":"Infinite Blades","floor":2.0},{"not_picked":["Dagger Spray","Caltrops"],"picked":"Footwork","floor":7.0},{"not_picked":["Accuracy","Underhanded Strike"],"picked":"Cloak And Dagger","floor":8.0},{"not_picked":["Underhanded Strike","Eviscerate"],"picked":"Slice","floor":10.0},{"not_picked":["PiercingWail","Bouncing Flask"],"picked":"Blur","floor":12.0},{"not_picked":["Bullet Time","Envenom"],"picked":"Adrenaline","floor":16.0},{"not_picked":["Outmaneuver","Flying Knee"],"picked":"Slice","floor":18.0},{"not_picked":["Acrobatics","Heel Hook"],"picked":"Flying Knee","floor":20.0},{"not_picked":["PiercingWail","Well Laid Plans"],"picked":"Escape Plan","floor":24.0},{"not_picked":["Riddle With Holes","Slice"],"picked":"Cloak And Dagger","floor":28.0},{"not_picked":["Infinite Blades","Prepared","All Out Attack"],"picked":"SKIP","floor":29.0},{"not_picked":["After Image","Bullet Time"],"picked":"Corpse Explosion","floor":33.0},{"not_picked":["Poisoned Stab"],"picked":"SKIP","floor":35},{"not_picked":["Dagger Throw"],"picked":"SKIP","floor":36},{"not_picked":["Dagger Throw"],"picked":"SKIP","floor":37},{"not_picked":["Dagger Throw"],"picked":"SKIP","floor":39},{"not_picked":["Poisoned Stab"],"picked":"SKIP","floor":41},{"not_picked":["Blade Dance+1"],"picked":"SKIP","floor":45},{"not_picked":["Blade Dance"],"picked":"SKIP","floor":46},{"not_picked":["Die Die Die"],"picked":"SKIP","floor":47}],"player_experience":2083452,"relics_obtained":[{"floor":9.0,"key":"Runesmith:Nanobots"},{"floor":12.0,"key":"Meat on the Bone"},{"floor":26.0,"key":"Blue Candle"},{"floor":28.0,"key":"Nunchaku"},{"floor":43,"key":"InkBottle"}],"event_choices":[{"damage_healed":17.0,"max_hp_gain":0.0,"max_hp_loss":0.0,"gold_gain":0.0,"event_name":"The Cleric","player_choice":"Healed","floor":3.0,"gold_loss":35.0,"damage_taken":0.0},{"cards_removed":["Strike_G"],"damage_healed":0.0,"max_hp_gain":0.0,"max_hp_loss":0.0,"gold_gain":0.0,"event_name":"Golden Wing","player_choice":"Card Removal","floor":4.0,"gold_loss":0.0,"damage_taken":7.0},{"damage_healed":0.0,"max_hp_gain":0.0,"max_hp_loss":0.0,"gold_gain":0.0,"event_name":"Golden Idol","player_choice":"Take Damage","floor":5.0,"gold_loss":0.0,"damage_taken":17.0,"relics_obtained":["Golden Idol"]},{"damage_healed":0.0,"max_hp_gain":0.0,"max_hp_loss":0.0,"gold_gain":0.0,"event_name":"Dead Adventurer","player_choice":"Searched \u00272\u0027 times","floor":12.0,"gold_loss":0.0,"damage_taken":0.0},{"damage_healed":0.0,"max_hp_gain":0.0,"max_hp_loss":0.0,"gold_gain":0.0,"event_name":"World of Goop","player_choice":"Left Gold","floor":14.0,"gold_loss":5.0,"damage_taken":0.0},{"damage_healed":0.0,"max_hp_gain":0.0,"max_hp_loss":0.0,"gold_gain":0.0,"event_name":"The Mausoleum","player_choice":"Opened","floor":21.0,"gold_loss":0.0,"damage_taken":0.0,"relics_obtained":["Anchor"],"cards_obtained":["Writhe"]},{"cards_removed":["Writhe"],"damage_healed":0.0,"max_hp_gain":0.0,"max_hp_loss":0.0,"gold_gain":0.0,"event_name":"Purifier","player_choice":"Purged","floor":22.0,"gold_loss":0.0,"damage_taken":0.0},{"damage_healed":0.0,"max_hp_gain":0.0,"max_hp_loss":0.0,"gold_gain":0.0,"event_name":"The Woman in Blue","player_choice":"Bought 0 Potions","floor":30.0,"gold_loss":0.0,"damage_taken":0.0},{"cards_removed":["Defend_G"],"damage_healed":0,"gold_gain":0,"player_choice":"Removed Skill","damage_taken":0,"max_hp_gain":0,"max_hp_loss":0,"event_name":"Falling","floor":48,"gold_loss":0}],"is_beta":false,"boss_relics":[{"not_picked":["Ectoplasm","Runic Pyramid"],"picked":"Ring of the Serpent"},{"not_picked":["HoveringKite","Velvet Choker"],"picked":"Busted Crown"}],"items_purged_floors":[13,31,38],"is_endless":false,"potions_floor_spawned":[1,2,7,24,28,29,35,37,39,41,47],"ascension_level":12}}