{"host":"640uue19m79c7wbt","time":1612580735,"event":{"mods":["BaseMod","Colored Map","Googly Eyes","Highlight Path","Minty Spire (QoL Compilation)","Quick Restart","StSLib"],"gold_per_floor":[115,115,115,115,127,127,156,169,169,180,215,49,74,99,99,174,174,188,205,205,221,232,232,265,265,292,32,43,43,43,69,69,142,142,153,153,153,103,28,28,98,113,113,130,143,157,190,203,203,203],"floor_reached":51,"language":"ENG","playtime":2541,"items_purged":["Regret","Strike_G","Defend_G"],"score":1472,"play_id":"fb35ad2d-8652-4f37-b1bf-4fac82eb2afd","local_time":"20210205220535","is_ascension_mode":true,"campfire_choices":[{"data":"Dagger Spray","floor":6.0,"key":"SMITH"},{"data":"Neutralize","floor":15.0,"key":"SMITH"},{"data":"Well Laid Plans","floor":23.0,"key":"SMITH"},{"floor":25.0,"key":"REST"},{"data":"Survivor","floor":30.0,"key":"SMITH"},{"floor":32.0,"key":"REST"},{"floor":40.0,"key":"REST"},{"floor":49,"key":"REST"}],"circlet_count":0,"master_deck":["AscendersBane","Strike_G","Strike_G","Defend_G","Defend_G","Defend_G","Defend_G","Survivor+1","Neutralize+1","Dagger Spray+1","Cloak And Dagger+1","Calculated Gamble+1","Blade Dance+1","Catalyst+1","Concentrate+1","Trip+1","Deadly Poison+1","Bouncing Flask+1","Venomology+1","PiercingWail+1","PiercingWail+1","Well Laid Plans+1","Catalyst+1","Blur+1","Leg Sweep+1","Escape Plan+1","Backstab","Night Terror+1","Setup+1","Discovery+1","Footwork+1","Blur+1","Tactician+1","Burst+1","Parasite"],"relics":["Ring of the Serpent","NeowsBlessing","Du-Vu Doll","Toxic Egg 2","Question Card","CaptainsWheel","Tiny Chest","Calipers","Odd Mushroom","SacredBark","Regal Pillow","Smiling Mask","Snake Skull","Lizard Tail","InkBottle","Singing Bowl","Paper Crane","Lantern"],"acts_visited":["Exordium","TheCity","TheBeyond"],"potions_floor_usage":[48,50],"damage_taken":[{"damage":0.0,"enemies":"Small Slimes","floor":1.0,"turns":1.0},{"damage":0.0,"enemies":"Jaw Worm","floor":5.0,"turns":1.0},{"damage":0.0,"enemies":"3 Sentries","floor":7.0,"turns":1.0},{"damage":0.0,"enemies":"Cultist","floor":8.0,"turns":2.0},{"damage":0.0,"enemies":"Large Slime","floor":10.0,"turns":2.0},{"damage":5.0,"enemies":"Gremlin Nob","floor":11.0,"turns":3.0},{"damage":7.0,"enemies":"3 Sentries","floor":13.0,"turns":5.0},{"damage":0.0,"enemies":"The Mushroom Lair","floor":14.0,"turns":3.0},{"damage":21.0,"enemies":"Hexaghost","floor":16.0,"turns":6.0},{"damage":6.0,"enemies":"Spheric Guardian","floor":18.0,"turns":5.0},{"damage":2.0,"enemies":"3 Byrds","floor":19.0,"turns":4.0},{"damage":2.0,"enemies":"3 Cultists","floor":21.0,"turns":4.0},{"damage":1.0,"enemies":"Centurion and Healer","floor":22.0,"turns":3.0},{"damage":2.0,"enemies":"Book of Stabbing","floor":24.0,"turns":5.0},{"damage":0.0,"enemies":"Sentry and Sphere","floor":28.0,"turns":5.0},{"damage":32.0,"enemies":"Gremlin Leader","floor":31.0,"turns":7.0},{"damage":35.0,"enemies":"Automaton","floor":33.0,"turns":7.0},{"damage":16.0,"enemies":"3 Darklings","floor":35.0,"turns":3.0},{"damage":23.0,"enemies":"3 Shapes","floor":42.0,"turns":7.0},{"damage":5.0,"enemies":"Transient","floor":44.0,"turns":6.0},{"damage":0.0,"enemies":"Sphere and 2 Shapes","floor":45.0,"turns":8.0},{"damage":0.0,"enemies":"Maw","floor":46.0,"turns":4.0},{"damage":31,"enemies":"Nemesis","floor":47,"turns":7},{"damage":8,"enemies":"Writhing Mass","floor":48,"turns":4},{"damage":30,"enemies":"Time Eater","floor":50,"turns":5}],"seed_played":"-4080224418922312175","potions_obtained":[{"floor":8.0,"key":"CunningPotion"},{"floor":11.0,"key":"ColorlessPotion"},{"floor":13.0,"key":"SneckoOil"},{"floor":14.0,"key":"SpeedPotion"},{"floor":18.0,"key":"Fruit Juice"},{"floor":22.0,"key":"SteroidPotion"},{"floor":31.0,"key":"Strength Potion"},{"floor":33.0,"key":"Dexterity Potion"},{"floor":44.0,"key":"Energy Potion"},{"floor":45.0,"key":"ColorlessPotion"}],"is_trial":false,"path_per_floor":["M","?","?","?","M","R","E","M","T","M","E","$","E","?","R","B",null,"M","M","?","M","M","R","E","R","T","$","M","T","R","E","R","B",null,"M","?","?","$","?","R","T","M","T","M","M","M","E","M","R","B",null],"character_chosen":"THE_SILENT","items_purchased":["Trip+1","Snake Skull","Leg Sweep+1"],"campfire_rested":4,"item_purchase_floors":[12,27,27],"current_hp_per_floor":[59,54,54,54,54,54,54,54,54,54,49,49,42,42,42,21,55,59,57,53,51,50,50,48,76,76,76,76,76,76,44,76,41,67,51,51,51,51,51,76,76,53,53,48,50,50,19,13,52,22],"gold":203,"neow_bonus":"THREE_ENEMY_KILL","is_daily":false,"chose_seed":false,"campfire_upgraded":4,"win_rate":0.0,"timestamp":1612580735,"path_taken":["M","?","?","?","M","R","E","M","T","M","E","$","E","?","R","BOSS","M","M","?","?","M","R","E","R","T","$","M","?","R","E","R","BOSS","M","?","?","$","?","R","?","?","T","M","M","M","E","M","R","BOSS"],"items_purchased_type":["Card","Relic","Card"],"build_version":"2020-12-22","purchased_purges":3,"victory":true,"max_hp_per_floor":[66,66,66,66,66,66,66,66,66,66,66,66,66,66,66,66,66,76,76,76,76,76,76,76,76,76,76,76,76,76,76,76,76,76,76,76,76,76,76,76,76,76,76,76,78,78,78,80,80,80],"card_choices":[{"not_picked":["Quick Slash","Bane"],"picked":"Dagger Spray","floor":1.0},{"not_picked":["Bane","Leg Sweep+1"],"picked":"Cloak And Dagger+1","floor":5.0},{"not_picked":["Acrobatics+1","Bane"],"picked":"Calculated Gamble+1","floor":7.0},{"not_picked":["Dodge and Roll+1","Expertise+1","Poisoned Stab"],"picked":"Blade Dance+1","floor":8.0},{"not_picked":["Slice","Acrobatics+1","Malaise+1"],"picked":"Catalyst+1","floor":10.0},{"not_picked":["Finisher","Quick Slash","Endless Agony"],"picked":"Concentrate+1","floor":11.0},{"not_picked":["Slice","Underhanded Strike","Quick Slash"],"picked":"Deadly Poison+1","floor":13.0},{"not_picked":["Deadly Poison+1","Flechettes","Backflip+1"],"picked":"Bouncing Flask+1","floor":14.0},{"not_picked":["Storm of Steel+1","A Thousand Cuts","Grand Finale"],"picked":"Venomology+1","floor":16.0},{"not_picked":["Dagger Spray","Dodge and Roll+1","Slice"],"picked":"PiercingWail+1","floor":18.0},{"not_picked":["Sucker Punch","Acrobatics+1","Backflip+1"],"picked":"PiercingWail+1","floor":19.0},{"not_picked":["Outmaneuver+1","Calculated Gamble+1","Reflex+1"],"picked":"Well Laid Plans","floor":21.0},{"not_picked":["Bane+1","Choke","Dagger Throw"],"picked":"Catalyst+1","floor":22.0},{"not_picked":["Riddle With Holes","PiercingWail+1","Eviscerate"],"picked":"Blur+1","floor":24.0},{"not_picked":["All Out Attack","Choke","Bane"],"picked":"Escape Plan+1","floor":28.0},{"not_picked":["Acrobatics+1","Dodge and Roll+1","Sucker Punch"],"picked":"Backstab","floor":31.0},{"not_picked":["Die Die Die","Corpse Explosion+1","Doppelganger+1"],"picked":"Night Terror+1","floor":33.0},{"not_picked":["Sucker Punch","Distraction+1","Cloak And Dagger+1"],"picked":"Setup+1","floor":35.0},{"not_picked":["Mind Blast","PanicButton+1","Swift Strike"],"picked":"Discovery+1","floor":37.0},{"not_picked":["Calculated Gamble+1","Leg Sweep+1","Deflect+1"],"picked":"Footwork+1","floor":42.0},{"not_picked":["Escape Plan+1","Dagger Throw","Acrobatics+1"],"picked":"Blur+1","floor":44.0},{"not_picked":["PiercingWail+1","Deflect+1","Slice+1","Dodge and Roll+1"],"picked":"Singing Bowl","floor":45.0},{"not_picked":["Grand Finale","Blade Dance+1","Poisoned Stab+1"],"picked":"Tactician+1","floor":46.0},{"not_picked":["Backflip+1","Heel Hook","Dagger Spray"],"picked":"Burst+1","floor":47},{"not_picked":["Blade Dance+1","Backflip+1","Concentrate+1","Prepared+1"],"picked":"Singing Bowl","floor":48}],"player_experience":661308,"relics_obtained":[{"floor":7.0,"key":"Question Card"},{"floor":9.0,"key":"CaptainsWheel"},{"floor":11.0,"key":"Tiny Chest"},{"floor":13.0,"key":"Calipers"},{"floor":14.0,"key":"Odd Mushroom"},{"floor":24.0,"key":"Regal Pillow"},{"floor":26.0,"key":"Smiling Mask"},{"floor":29.0,"key":"Lizard Tail"},{"floor":31.0,"key":"InkBottle"},{"floor":41.0,"key":"Singing Bowl"},{"floor":43.0,"key":"Paper Crane"},{"floor":47,"key":"Lantern"}],"event_choices":[{"damage_healed":0.0,"max_hp_gain":0.0,"max_hp_loss":0.0,"gold_gain":0.0,"event_name":"Scrap Ooze","player_choice":"Success","floor":2.0,"gold_loss":0.0,"damage_taken":5.0,"relics_obtained":["Du-Vu Doll"]},{"damage_healed":0.0,"max_hp_gain":0.0,"max_hp_loss":0.0,"gold_gain":0.0,"event_name":"Shining Light","player_choice":"Ignored","floor":3.0,"gold_loss":0.0,"damage_taken":0.0},{"damage_healed":0.0,"max_hp_gain":0.0,"max_hp_loss":0.0,"gold_gain":0.0,"event_name":"Big Fish","player_choice":"Box","floor":4.0,"gold_loss":0.0,"damage_taken":0.0,"relics_obtained":["Toxic Egg 2"],"cards_obtained":["Regret"]},{"damage_healed":0.0,"max_hp_gain":0.0,"max_hp_loss":0.0,"gold_gain":0.0,"event_name":"Mushrooms","player_choice":"Fought Mushrooms","floor":14.0,"gold_loss":0.0,"damage_taken":0.0},{"damage_healed":0.0,"max_hp_gain":0.0,"max_hp_loss":0.0,"gold_gain":0.0,"event_name":"The Woman in Blue","player_choice":"Bought 0 Potions","floor":20.0,"gold_loss":0.0,"damage_taken":0.0},{"cards_removed":["Strike_G"],"damage_healed":0.0,"max_hp_gain":0.0,"max_hp_loss":0.0,"gold_gain":0.0,"event_name":"Falling","player_choice":"Removed Attack","floor":36.0,"gold_loss":0.0,"damage_taken":0.0},{"damage_healed":0.0,"max_hp_gain":0.0,"max_hp_loss":0.0,"gold_gain":0.0,"event_name":"SensoryStone","player_choice":"Memory 1","floor":37.0,"gold_loss":0.0,"damage_taken":0.0},{"cards_removed":["Strike_G"],"damage_healed":0.0,"max_hp_gain":0.0,"max_hp_loss":0.0,"gold_gain":0.0,"event_name":"Designer","player_choice":"Single Remove","floor":39.0,"gold_loss":75.0,"damage_taken":0.0}],"is_beta":false,"boss_relics":[{"not_picked":["SlaversCollar","Busted Crown"],"picked":"SacredBark"},{"not_picked":["HoveringKite","Runic Pyramid"],"picked":"Ring of the Serpent"}],"items_purged_floors":[12,27,38],"is_endless":false,"potions_floor_spawned":[8,11,13,14,18,22,31,33,44,45],"ascension_level":18}}