{"host":"2xnjhc1nuqzfyzm4","time":1612652005,"event":{"mods":["100% Spire Juice","Act Like it!","Arknights","BaseMod","Beaked The Cultist","Bestiary","Better Match","Better Note","Better Sensory Stone","Better Third Choice","Block Reminder","CapriCore","CatGirl Mod","ChefMod","Colored Powertips","Displayed Cursed Tome","Dota2Spire","Downfall","Ekko","Elementarium","GungeonMod","Hallownest","Hermit","Hubris","Infinite Spire","Jedi Mod","Jorbs\u0027s Wanderer Trilogy","Luminous","Mad Scientist","Marisa????????","Menagerie","Minty Spire (QoL Compilation)","Potionbrewer","Prisma Mod","QueenMod","Relic Stats","Reliquary","Replay The Spire","Robot Space Explorer","SIMod","Shade Mod","Spikes Relics","StSLib","The Alterego","The Animator","The Blackbeard","The Bug Knight","The Cursed","The Death Knight","The Disciple","The Dragon Tamer","The Dragonkin","The Druid","The Elementalist","The Exalted","The Fake Hero","The Florist","The Gatherer","The Hayseed","The Hierophant","The Immortal","The Jungle","The Mystic","The Necromancer","The Poker Player","The Runesmith","The Sage","The Senshi","The Servant 0.9.4","The Showman","The Valiant","The Wild Card","TheBandit","TheSwordswoman","TheVacant","TheVelvet","TheWitcher","Trackpad","Waifu the Spire","WarShipGirlsR/????R mod","Yakumo Yukari mod"],"gold_per_floor":[117,131,131,141,26,61,61,76,101,113,113,142,157,175,175,271,271,260,278,278,292,292,323,323,283,283,283,301,312,326,336,356,356,356,356],"floor_reached":34,"language":"ENG","playtime":3844,"items_purged":[],"score":290,"play_id":"4ce99434-5035-4de4-86a5-35e593337cc2","local_time":"20210206145325","is_ascension_mode":false,"campfire_choices":[{"floor":7,"key":"REST"},{"floor":15,"key":"REST"},{"floor":24,"key":"RECALL"},{"data":"Blur","floor":27,"key":"SMITH"},{"data":"Dodge and Roll","floor":33,"key":"SMITH"}],"circlet_count":0,"master_deck":["Strike_G","Strike_G","Strike_G","Strike_G","Strike_G","Defend_G","Defend_G","Defend_G","Defend_G","Defend_G","Survivor","Neutralize+1","Dodge and Roll","Masterful Stab","Cloak And Dagger+1","Cloak And Dagger","Blade Dance","Dagger Spray+1","Blur+1","Finisher","PiercingWail","Venomology","Deflect","Escape Plan","Deflect","infinitespire:Neurotoxin","Backstab+1","Dash+1","Backflip","Dodge and Roll+1"],"relics":["Ring of the Snake","Vajra","ReplayTheSpireMod:TigerMarble","Bromod:ArcaneEnergize","Sundial","trackpad:Mousetrap","reliquary:Buckler"],"acts_visited":["Exordium","TheCity","DemoMod:Maze"],"potions_floor_usage":[6,8,10,16,21,21,23,31,32,34,34],"damage_taken":[{"damage":8,"enemies":"Jaw Worm","floor":1,"turns":3},{"damage":0,"enemies":"Cultist","floor":2,"turns":4},{"damage":0,"enemies":"2 Louse","floor":4,"turns":3},{"damage":29,"enemies":"Lagavulin","floor":6,"turns":12},{"damage":4,"enemies":"Lots of Slimes","floor":8,"turns":5},{"damage":0,"enemies":"Red Slaver","floor":10,"turns":1},{"damage":15,"enemies":"3 Sentries","floor":12,"turns":10},{"damage":0,"enemies":"2 Fungi Beasts","floor":13,"turns":3},{"damage":2,"enemies":"Exordium Wildlife","floor":14,"turns":2},{"damage":4,"enemies":"Fading Forest","floor":16,"turns":11},{"damage":0,"enemies":"2 Thieves","floor":18,"turns":4},{"damage":0,"enemies":"3 Byrds","floor":19,"turns":4},{"damage":0,"enemies":"Centurion and Healer","floor":21,"turns":9},{"damage":18,"enemies":"HollowMod:Nosk","floor":23,"turns":8},{"damage":0,"enemies":"DemoMod:4_Bullet_Kins_with_one_veteran","floor":28,"turns":1},{"damage":0,"enemies":"DemoMod:Veteran_shot_gun_kin_and_bullet_kin","floor":29,"turns":1},{"damage":7,"enemies":"DemoMod:Veteran_shot_gun_kin_and_red_shotgun_kin_with_gunsinger","floor":30,"turns":4},{"damage":0,"enemies":"DemoMod:Red_and_blue_shotgun_kin_with_gunsinger","floor":31,"turns":2},{"damage":0,"enemies":"DemoMod:Veteran_shot_gun_kin_and_blue_shotgun_kin_with_gunsinger","floor":32,"turns":3},{"damage":58,"enemies":"DemoMod:ResourcefulRat","floor":34,"turns":7}],"seed_played":"8188327305853090094","potions_obtained":[{"floor":1,"key":"Dota2Spire:HealingSalve"},{"floor":2,"key":"potionbrewer:FreezingPotion"},{"floor":8,"key":"Fire Potion"},{"floor":12,"key":"DuplicationPotion"},{"floor":19,"key":"DistilledChaos"},{"floor":31,"key":"Block Potion"},{"floor":32,"key":"Adrenaline Potion"}],"is_trial":false,"path_per_floor":["M","M","?","M","$","E","R","M","T","M","?","E","M","M","R","B",null,"M","M","AVR","M","?","E","R","?","T","R","M","M","M","M","M","R","B"],"character_chosen":"THE_SILENT","items_purchased":["DemoMod:GnawedKey"],"campfire_rested":2,"item_purchase_floors":[5],"current_hp_per_floor":[62,62,62,62,62,33,54,59,59,59,64,49,49,47,68,64,70,70,70,70,70,70,52,52,52,70,70,70,70,63,63,63,63,5,5],"gold":356,"neow_bonus":"RANDOM_EVENT","is_daily":false,"chose_seed":false,"campfire_upgraded":2,"win_rate":0.0,"timestamp":1612652005,"path_taken":["M","M","?","M","$","E","R","?","T","M","?","E","M","?","R","BOSS","M","M","AVR","M","?","E","R","?","T","R","M","M","M","M","M","R","BOSS"],"items_purchased_type":["Relic"],"build_version":"2020-12-22","purchased_purges":0,"victory":false,"max_hp_per_floor":[70,70,70,70,70,70,70,70,70,70,70,70,70,70,70,70,70,70,70,70,70,70,70,70,70,70,70,70,70,70,70,70,70,70,70],"relic_stats":{"counters":[20,96],"Sundial":[2],"obtain_stats":[{"trackpad:Mousetrap":22,"Sundial":20,"Vajra":6,"Bromod:ArcaneEnergize":17,"reliquary:Buckler":23,"DemoMod:GlassGuonStoneRelic":1,"DemoMod:GnawedKey":5,"ReplayTheSpireMod:TigerMarble":12,"Ring of the Snake":0},{"trackpad:Mousetrap":13,"Sundial":12,"Vajra":4,"Bromod:ArcaneEnergize":10,"reliquary:Buckler":14,"DemoMod:GlassGuonStoneRelic":1,"DemoMod:GnawedKey":3,"ReplayTheSpireMod:TigerMarble":7,"Ring of the Snake":0},{"trackpad:Mousetrap":71,"Sundial":62,"Vajra":22,"Bromod:ArcaneEnergize":54,"reliquary:Buckler":79,"DemoMod:GlassGuonStoneRelic":3,"DemoMod:GnawedKey":10,"ReplayTheSpireMod:TigerMarble":38,"Ring of the Snake":0}],"Ring of the Snake":[40]},"card_choices":[{"not_picked":["Deflect","Hidden Blade"],"picked":"Dodge and Roll","floor":1},{"not_picked":["Endless Agony","Noxious Fumes"],"picked":"Masterful Stab","floor":2},{"not_picked":["Outmaneuver","Hidden Blade"],"picked":"Cloak And Dagger","floor":4},{"not_picked":["ReplayTheSpireMod:Speed Training","Hidden Blade"],"picked":"jedi:pocketpoison","floor":6},{"not_picked":["Quick Slash","jedi:unstablefumes"],"picked":"Blade Dance","floor":8},{"not_picked":["Backstab","Riddle With Holes"],"picked":"Dagger Spray","floor":10},{"not_picked":["jedi:collectorvenom","Prepared"],"picked":"Blur","floor":12},{"not_picked":["Hidden Blade","Cloak And Dagger"],"picked":"Finisher","floor":13},{"not_picked":["Bouncing Flask","Prepared"],"picked":"PiercingWail","floor":14},{"not_picked":["Doppelganger","Poison Darts"],"picked":"Venomology","floor":16},{"not_picked":["Acrobatics","Backflip+1"],"picked":"Deflect","floor":18},{"not_picked":["Outmaneuver","Quick Slash+1"],"picked":"Escape Plan","floor":19},{"not_picked":["Blade Dance","InfectiousVector"],"picked":"Deflect","floor":21},{"not_picked":["Replay:Bag of Tricks","Flechettes"],"picked":"infinitespire:Neurotoxin","floor":23},{"not_picked":["Outmaneuver","PiercingWail+1"],"picked":"Backstab","floor":28},{"not_picked":["Skewer","Blade Dance+1"],"picked":"Dash+1","floor":29},{"not_picked":["Escape Plan","Dagger Throw","hubris:SlightOfHand"],"picked":"SKIP","floor":30},{"not_picked":["jedi:pocketpoison+1","Deadly Poison"],"picked":"Backflip","floor":31},{"not_picked":["Underhanded Strike+1","Dagger Throw+1"],"picked":"Dodge and Roll","floor":32}],"player_experience":211614,"relics_obtained":[{"floor":6,"key":"Vajra"},{"floor":12,"key":"ReplayTheSpireMod:TigerMarble"},{"floor":22,"key":"trackpad:Mousetrap"},{"floor":23,"key":"reliquary:Buckler"}],"event_choices":[{"damage_healed":0,"gold_gain":0,"player_choice":"Grow","damage_taken":0,"max_hp_gain":0,"max_hp_loss":0,"event_name":"Living Wall","floor":0,"gold_loss":0,"cards_upgraded":["Neutralize"]},{"cards_removed":["Neutralize"],"damage_healed":0,"gold_gain":0,"player_choice":"Take \u0026 Give","damage_taken":0,"max_hp_gain":0,"max_hp_loss":0,"event_name":"betterNote:BetterNote","floor":3,"gold_loss":0,"cards_obtained":["Cloak And Dagger"]},{"cards_removed":["jedi:pocketpoison"],"damage_healed":5,"gold_gain":0,"player_choice":"Offered Common","damage_taken":0,"max_hp_gain":0,"max_hp_loss":0,"event_name":"Bonfire Elementals","floor":11,"gold_loss":0},{"cards_removed":["jedi:pocketpoison"],"damage_healed":5,"gold_gain":0,"player_choice":"Offered Special","damage_taken":0,"max_hp_gain":0,"max_hp_loss":0,"event_name":"Bonfire Elementals","floor":11,"gold_loss":0},{"damage_healed":0,"gold_gain":0,"player_choice":"Upgrade","damage_taken":0,"max_hp_gain":0,"max_hp_loss":0,"event_name":"Designer","floor":25,"gold_loss":40,"cards_upgraded":["Cloak And Dagger"]}],"is_beta":false,"boss_relics":[{"not_picked":["hubris:VirtuousBlindfold","Velvet Choker"],"picked":"Bromod:ArcaneEnergize"}],"items_purged_floors":[],"is_endless":false,"potions_floor_spawned":[1,2,8,12,19,31,32],"killed_by":"DemoMod:ResourcefulRat","ascension_level":0}}