{"host":"dyzdf8svqmiivg97","time":1612612873,"event":{"mods":["AchievementEnabler","BaseMod","Colored Map","DeckTracker","Minty Spire (QoL Compilation)","Permanent Neow","Quick Restart","Rare Cards Sparkle","SuperFastMode"],"gold_per_floor":[117,44,61,81,95,95,125,125,148,148,167,167,14,31,31,129,129,144,164,174,20,20,48,48,75,75,75,91,91,91,91],"floor_reached":30,"language":"KOR","playtime":734,"items_purged":["Strike_P"],"score":369,"play_id":"79386682-25d3-42ce-b71c-c4d4913ab510","local_time":"20210206210113","is_ascension_mode":true,"campfire_choices":[{"data":"Apotheosis","floor":6,"key":"SMITH"},{"floor":10,"key":"REST"},{"floor":12,"key":"REST"},{"floor":15,"key":"RECALL"},{"floor":24,"key":"REST"}],"circlet_count":0,"master_deck":["Strike_P","Strike_P","Strike_P","Defend_P","Defend_P","Eruption","Vigilance","Apotheosis+1","Adaptation+1","FlurryOfBlows","EmptyFist","Meditate","MentalFortress","MentalFortress+1","CrushJoints+1"],"relics":["HolyWater","Bronze Scales","Akabeko","Membership Card","Damaru","Tiny Chest","Torii"],"acts_visited":["Exordium","TheCity"],"potions_floor_usage":[16,23,25,25],"damage_taken":[{"damage":0,"enemies":"Cultist","floor":1,"turns":2},{"damage":0,"enemies":"Small Slimes","floor":3,"turns":3},{"damage":4,"enemies":"Jaw Worm","floor":4,"turns":3},{"damage":8,"enemies":"2 Fungi Beasts","floor":5,"turns":3},{"damage":0,"enemies":"Lagavulin","floor":7,"turns":5},{"damage":2,"enemies":"Lots of Slimes","floor":11,"turns":3},{"damage":4,"enemies":"Exordium Thugs","floor":14,"turns":3},{"damage":42,"enemies":"The Guardian","floor":16,"turns":8},{"damage":1,"enemies":"3 Byrds","floor":18,"turns":4},{"damage":0,"enemies":"Chosen","floor":19,"turns":3},{"damage":0,"enemies":"Sentry and Sphere","floor":20,"turns":3},{"damage":43,"enemies":"Slavers","floor":23,"turns":5},{"damage":25,"enemies":"Book of Stabbing","floor":25,"turns":5},{"damage":25,"enemies":"Centurion and Healer","floor":28,"turns":5},{"damage":1,"enemies":"Cultist and Chosen","floor":30,"turns":4}],"seed_played":"6155832126241449516","potions_obtained":[{"floor":3,"key":"Fire Potion"},{"floor":4,"key":"FairyPotion"},{"floor":14,"key":"LiquidMemories"},{"floor":20,"key":"Explosive Potion"},{"floor":23,"key":"StancePotion"}],"is_trial":false,"path_per_floor":["M","$","M","M","M","R","E","?","T","R","M","R","$","M","R","B",null,"M","M","M","$","?","E","R","E","T","?","M","?","M"],"character_chosen":"WATCHER","items_purchased":["Adaptation","Meditate","Membership Card"],"campfire_rested":3,"item_purchase_floors":[2,13,21],"current_hp_per_floor":[51,51,51,47,39,39,39,39,39,60,58,72,72,68,68,26,61,60,60,60,60,60,17,38,13,13,13,11,11,10,10],"gold":91,"neow_bonus":"RANDOM_COLORLESS_2","is_daily":false,"chose_seed":false,"campfire_upgraded":1,"win_rate":0.0,"timestamp":1612612873,"path_taken":["M","?","M","M","?","R","E","?","T","R","?","R","$","M","R","BOSS","M","M","M","$","?","E","R","E","T","?","M","?","?"],"items_purchased_type":["Card","Card","Relic"],"build_version":"2020-12-22","purchased_purges":1,"victory":false,"max_hp_per_floor":[72,72,72,72,72,72,72,72,72,72,72,72,72,72,72,72,72,72,72,72,72,72,72,72,72,72,72,72,72,72,72],"card_choices":[{"not_picked":["Thinking Ahead","Panache"],"picked":"Apotheosis","floor":0},{"not_picked":["JustLucky","ThirdEye","Nirvana"],"picked":"SKIP","floor":1},{"not_picked":["Protect","SignatureMove"],"picked":"FlurryOfBlows","floor":3},{"not_picked":["FlyingSleeves","JustLucky"],"picked":"EmptyFist","floor":4},{"not_picked":["EmptyBody","JustLucky","Protect"],"picked":"SKIP","floor":5},{"not_picked":["Study","Consecrate","DevaForm"],"picked":"SKIP","floor":7},{"not_picked":["FollowUp","Consecrate","FlurryOfBlows"],"picked":"SKIP","floor":11},{"not_picked":["BattleHymn","Protect","EmptyMind"],"picked":"SKIP","floor":14},{"not_picked":["CarveReality","Evaluate","Prostrate+1"],"picked":"SKIP","floor":18},{"not_picked":["FollowUp","JustLucky+1"],"picked":"MentalFortress","floor":19},{"not_picked":["Halt","ClearTheMind+1","Wireheading"],"picked":"SKIP","floor":20},{"not_picked":["Weave+1","FlurryOfBlows","Evaluate"],"picked":"SKIP","floor":23},{"not_picked":["CrushJoints","PathToVictory"],"picked":"MentalFortress+1","floor":25},{"not_picked":["CutThroughFate","FlurryOfBlows"],"picked":"CrushJoints+1","floor":28}],"player_experience":559993,"relics_obtained":[{"floor":7,"key":"Bronze Scales"},{"floor":9,"key":"Akabeko"},{"floor":23,"key":"Damaru"},{"floor":25,"key":"Tiny Chest"},{"floor":26,"key":"Torii"}],"event_choices":[{"damage_healed":0,"gold_gain":0,"player_choice":"Upgraded","damage_taken":0,"max_hp_gain":0,"max_hp_loss":0,"event_name":"Upgrade Shrine","floor":8,"gold_loss":0,"cards_upgraded":["Adaptation"]},{"damage_healed":0,"gold_gain":0,"player_choice":"Ignored","damage_taken":0,"max_hp_gain":0,"max_hp_loss":0,"event_name":"Ghosts","floor":22,"gold_loss":0},{"cards_removed":["Defend_P"],"damage_healed":0,"gold_gain":0,"player_choice":"Elegance","damage_taken":0,"max_hp_gain":0,"max_hp_loss":0,"event_name":"Back to Basics","floor":27,"gold_loss":0},{"cards_removed":["Defend_P"],"damage_healed":0,"gold_gain":0,"player_choice":"Purged","damage_taken":0,"max_hp_gain":0,"max_hp_loss":0,"event_name":"Purifier","floor":29,"gold_loss":0}],"is_beta":false,"boss_relics":[{"not_picked":["Empty Cage","Coffee Dripper"],"picked":"HolyWater"}],"items_purged_floors":[13],"is_endless":false,"potions_floor_spawned":[3,4,14,20,23],"killed_by":"Cultist and Chosen","ascension_level":5}}