{"host":"oewe6473mh2zp5ss","time":1612645673,"event":{"mods":["AchievementEnabler","Ascension Reborn","Aspiration","Bard","BaseMod","Challenge The Spire","Conspire","Curses Come First","Custom Start","Downfall","Emptier Cage","Gremlin Mod","Halation","Hubris","Infinite Spire","Minty Spire (QoL Compilation)","Permanent Neow","Reliquary","Replay The Spire","Robot Space Explorer","Somnambulant","Spikes Relics","StSLib","The Cursed","The Disciple","The Forsaken","The Jungle","The Senshi","thorton"],"gold_per_floor":[115,80,80,80,99,99,134,134,134,158,158,158,178,206,206,331,331,331,413,383,430,111,142,142,142],"floor_reached":24,"language":"ENG","playtime":1902,"items_purged":[],"score":239,"play_id":"84d05baf-3389-42c4-b8f5-f8bafaea5859","local_time":"20210206130753","is_ascension_mode":true,"campfire_choices":[{"data":"theForsaken:BountifulSunlight","floor":6,"key":"SMITH"},{"floor":8,"key":"REST"},{"floor":15,"key":"REST"},{"floor":24,"key":"REST"}],"circlet_count":0,"master_deck":["theForsaken:TheForsaken_Strike","theForsaken:TheForsaken_Strike","theForsaken:TheForsaken_Strike","theForsaken:TheForsaken_Defend","theForsaken:TheForsaken_Defend","theForsaken:TheForsaken_Defend","theForsaken:Smite","theForsaken:Penitence","theForsaken:RainingSunlight","theForsaken:BountifulSunlight+1","theForsaken:CorruptedWord","theForsaken:CreepingInfection","theForsaken:WordOfPower","theForsaken:StoreUp","theForsaken:SacredOath","theForsaken:Preservation","ReplayTheSpireMod:Splinters","theForsaken:Parry","theForsaken:DefensiveStance","theForsaken:Eulogy","PanicButton","theForsaken:WardingHymn","theForsaken:DefensiveStance+1"],"relics":["theForsaken:ScalesOfTruth","halation:PinkSoulGem","infinitespire:Midas Blood","hubris:CrystalStatue","reliquary:PorcupineQuills","hubris:TenFootPole","Blood Vial"],"acts_visited":["Exordium","TheCity"],"potions_floor_usage":[16,16],"damage_taken":[{"damage":8,"enemies":"Jaw Worm","floor":1,"turns":5},{"damage":2,"enemies":"conspire:RoseBush","floor":5,"turns":4},{"damage":52,"enemies":"Gremlin Nob","floor":7,"turns":6},{"damage":23,"enemies":"Small Slimes","floor":10,"turns":4},{"damage":15,"enemies":"Exordium Wildlife","floor":13,"turns":3},{"damage":25,"enemies":"Blue Slaver","floor":14,"turns":3},{"damage":56,"enemies":"The Guardian","floor":16,"turns":6},{"damage":36,"enemies":"2 Thieves","floor":18,"turns":4},{"damage":68,"enemies":"Spheric Guardian","floor":21,"turns":12},{"damage":21,"enemies":"Slavers","floor":23,"turns":1}],"seed_played":"-7351144586962374126","potions_obtained":[{"floor":0,"key":"Adrenaline Potion"},{"floor":0,"key":"Milkshake"},{"floor":10,"key":"BlessingOfTheForge"},{"floor":20,"key":"Doom Potion"},{"floor":20,"key":"Milkshake"},{"floor":21,"key":"Fire Potion"}],"is_trial":false,"path_per_floor":["M","?","?","?","M","R","E","R","T","M","?","?","M","M","R","B",null,"M","?","?","M","$","E","R"],"character_chosen":"THE_FORSAKEN","items_purchased":["PanicButton","theForsaken:WardingHymn","hubris:TenFootPole"],"campfire_rested":3,"item_purchase_floors":[22,22,22],"current_hp_per_floor":[58,65,65,65,65,65,30,49,49,56,56,56,53,48,65,53,65,40,40,40,29,29,8,27,27],"gold":142,"neow_bonus":"THREE_SMALL_POTIONS","is_daily":false,"chose_seed":false,"campfire_upgraded":1,"win_rate":0.0,"timestamp":1612645673,"path_taken":["M","?","?","?","?","R","E","R","T","M","?","?","M","?","R","BOSS","M","?","?","?","?","E","R"],"items_purchased_type":["Card","Card","Relic"],"build_version":"2020-12-22","purchased_purges":0,"victory":false,"max_hp_per_floor":[65,65,65,65,65,65,65,65,65,65,65,65,65,65,65,65,65,65,65,65,65,65,65,65,65],"card_choices":[{"not_picked":["theForsaken:CowardsBrand","theForsaken:FuryStrikes"],"picked":"theForsaken:RainingSunlight","floor":1},{"not_picked":["theForsaken:ShieldBash","theForsaken:Parry"],"picked":"theForsaken:BountifulSunlight","floor":5},{"not_picked":["theForsaken:LightRoll","theForsaken:SiphonStrike"],"picked":"theForsaken:CorruptedWord","floor":7},{"not_picked":["theForsaken:WordsOfPestilence","theForsaken:Eulogy"],"picked":"theForsaken:CreepingInfection","floor":10},{"not_picked":["theForsaken:Parry","theForsaken:PowerUp"],"picked":"theForsaken:WordOfPower","floor":13},{"not_picked":["theForsaken:HorrifyingStrike","theForsaken:ScorchingSunlight"],"picked":"theForsaken:StoreUp","floor":14},{"not_picked":["theForsaken:CorruptDeck","theForsaken:SpreadingPlague"],"picked":"theForsaken:SacredOath","floor":16},{"not_picked":["theForsaken:PreciseStrike+1","theForsaken:Backlash"],"picked":"theForsaken:Preservation","floor":18},{"not_picked":["theForsaken:NobleSacrifice","theForsaken:PanicDive"],"picked":"theForsaken:Parry","floor":19},{"not_picked":["theForsaken:Bolster","theForsaken:BlindFaith"],"picked":"theForsaken:DefensiveStance","floor":19},{"not_picked":["theForsaken:PanicDive","theForsaken:ScorchingSunlight+1"],"picked":"theForsaken:Eulogy","floor":21},{"not_picked":["theForsaken:Devotion+1","theForsaken:WrathOfGod"],"picked":"theForsaken:DefensiveStance+1","floor":23}],"player_experience":98700,"relics_obtained":[{"floor":7,"key":"infinitespire:Midas Blood"},{"floor":9,"key":"hubris:CrystalStatue"},{"floor":19,"key":"reliquary:PorcupineQuills"},{"floor":23,"key":"Blood Vial"}],"event_choices":[{"damage_healed":16,"gold_gain":0,"player_choice":"Healed","damage_taken":0,"max_hp_gain":0,"max_hp_loss":0,"event_name":"The Cleric","floor":2,"gold_loss":35},{"cards_removed":["theForsaken:TheForsaken_Strike"],"damage_healed":0,"gold_gain":0,"player_choice":"Purged","damage_taken":0,"max_hp_gain":0,"max_hp_loss":0,"event_name":"Purifier","floor":12,"gold_loss":0},{"damage_healed":0,"gold_gain":0,"player_choice":"Bought 2 Potions","damage_taken":0,"max_hp_gain":0,"max_hp_loss":0,"event_name":"The Woman in Blue","floor":20,"gold_loss":0}],"is_beta":false,"boss_relics":[{"not_picked":["halation:PlatinumPhoenix","Replay:Drink Me"],"picked":"theForsaken:ScalesOfTruth"}],"items_purged_floors":[],"is_endless":false,"potions_floor_spawned":[10,14,21],"ascension_level":0}}