{"host":"8vrmceg1p8ljousa","time":1612604159,"event":{"mods":["BaseMod","Highlight Path","Hubris","Minty Spire (QoL Compilation)","StSLib"],"gold_per_floor":[116,46,66,82,32,32,32,32,81,100,116,116,116],"floor_reached":12,"language":"ENG","playtime":551,"items_purged":[],"score":77,"play_id":"109d3ce7-62dc-44b5-8b6a-4c1445114231","local_time":"20210206113559","is_ascension_mode":true,"campfire_choices":[{"data":"Zap","floor":6,"key":"SMITH"},{"data":"Self Repair","floor":8,"key":"SMITH"}],"circlet_count":0,"master_deck":["Strike_B","Strike_B","Strike_B","Defend_B","Defend_B","Defend_B","Defend_B","Zap+1","Dualcast","Glacier","Self Repair+1","Seek","Capacitor","Leap","Conserve Battery"],"relics":["Cracked Core","NeowsBlessing","Omamori"],"acts_visited":["Exordium"],"potions_floor_usage":[],"damage_taken":[{"damage":0,"enemies":"Cultist","floor":1,"turns":1},{"damage":0,"enemies":"Small Slimes","floor":3,"turns":1},{"damage":0,"enemies":"2 Louse","floor":4,"turns":1},{"damage":6,"enemies":"Large Slime","floor":10,"turns":8},{"damage":20,"enemies":"Exordium Thugs","floor":11,"turns":9},{"damage":77,"enemies":"Gremlin Nob","floor":12,"turns":8}],"seed_played":"-6037098763156682486","potions_obtained":[{"floor":3,"key":"FearPotion"},{"floor":4,"key":"Energy Potion"}],"is_trial":false,"path_per_floor":["M","$","M","M","?","R","?","R","T","M","M","E"],"character_chosen":"DEFECT","items_purchased":["Self Repair"],"campfire_rested":0,"item_purchase_floors":[2],"current_hp_per_floor":[75,75,75,75,75,75,75,75,75,75,65,0,0],"gold":116,"neow_bonus":"THREE_ENEMY_KILL","is_daily":false,"chose_seed":false,"campfire_upgraded":2,"win_rate":0.0,"timestamp":1612604159,"path_taken":["M","$","M","?","?","R","?","R","T","M","M","E"],"items_purchased_type":["Card"],"build_version":"2020-12-22","purchased_purges":0,"victory":false,"max_hp_per_floor":[75,75,75,75,75,75,75,75,75,75,75,75,75],"card_choices":[{"not_picked":["Compile Driver","Steam"],"picked":"Glacier","floor":1},{"not_picked":["Static Discharge","Gash"],"picked":"Hello World","floor":3},{"not_picked":["Hologram","Coolheaded"],"picked":"Seek","floor":4},{"not_picked":["Turbo","Beam Cell"],"picked":"Leap","floor":10},{"not_picked":["Genetic Algorithm","Gash"],"picked":"Conserve Battery","floor":11}],"player_experience":69784,"relics_obtained":[{"floor":9,"key":"Omamori"}],"event_choices":[{"cards_removed":["Strike_B"],"damage_healed":0,"gold_gain":0,"player_choice":"Card Removal","damage_taken":0,"max_hp_gain":0,"max_hp_loss":0,"event_name":"The Cleric","floor":5,"gold_loss":50},{"damage_healed":0,"gold_gain":0,"cards_transformed":["Hello World"],"player_choice":"Change","damage_taken":0,"max_hp_gain":0,"max_hp_loss":0,"event_name":"Living Wall","floor":7,"gold_loss":0,"cards_obtained":["Capacitor"]}],"is_beta":false,"boss_relics":[],"items_purged_floors":[],"is_endless":false,"potions_floor_spawned":[3,4],"killed_by":"Gremlin Nob","ascension_level":2}}