{"host":"szp1d6dso4pv7ddl","time":1612576129,"event":{"mods":["AchievementEnabler","Alarm Clock","BaseMod","Bestiary","Block Reminder","Colored Map","Colored Powertips","Curses Come First","Dark Map","Displayed Cursed Tome","Highlight Path","Minty Spire (QoL Compilation)","Permanent Neow","Quick Restart","Relic Sorter","Relic Stats","StSLib","Synergy Search"],"gold_per_floor":[109,123,134,134,144,144,174,174,246,246,246,266,278,308,308,308,308],"floor_reached":16,"language":"ENG","playtime":688,"items_purged":[],"score":308,"play_id":"13fd6878-facf-4bb7-a4ae-832f60579b8f","local_time":"20210205174849","is_ascension_mode":true,"campfire_choices":[{"data":"Uppercut","floor":6.0,"key":"SMITH"},{"floor":8.0,"key":"REST"},{"floor":11.0,"key":"REST"},{"floor":15.0,"key":"REST"}],"circlet_count":0,"master_deck":["AscendersBane","Strike_R","Strike_R","Strike_R","Strike_R","Strike_R","Defend_R","Defend_R","Defend_R","Bash","Offering","Uppercut+1","Sword Boomerang","Pommel Strike","Shrug It Off","Cleave","Shockwave"],"relics":["Burning Blood","Unceasing Top","Ornamental Fan","Lantern","The Courier"],"acts_visited":["Exordium"],"potions_floor_usage":[16],"damage_taken":[{"damage":7.0,"enemies":"Jaw Worm","floor":1.0,"turns":3.0},{"damage":10.0,"enemies":"Small Slimes","floor":2.0,"turns":3.0},{"damage":6.0,"enemies":"Cultist","floor":3.0,"turns":2.0},{"damage":12.0,"enemies":"2 Fungi Beasts","floor":5.0,"turns":3.0},{"damage":36.0,"enemies":"Lagavulin","floor":7.0,"turns":4.0},{"damage":17.0,"enemies":"Exordium Thugs","floor":12.0,"turns":3.0},{"damage":0.0,"enemies":"Exordium Wildlife","floor":13.0,"turns":3.0},{"damage":34.0,"enemies":"3 Sentries","floor":14.0,"turns":7.0},{"damage":59,"enemies":"Hexaghost","floor":16,"turns":11}],"seed_played":"-2742555421682447045","potions_obtained":[{"floor":1.0,"key":"GamblersBrew"},{"floor":5.0,"key":"LiquidBronze"},{"floor":12.0,"key":"SkillPotion"},{"floor":14.0,"key":"PowerPotion"}],"is_trial":false,"path_per_floor":["M","M","M","?","M","R","E","R","T","?","R","M","M","E","R","B"],"character_chosen":"IRONCLAD","items_purchased":[],"campfire_rested":3,"item_purchase_floors":[],"current_hp_per_floor":[67,63,63,56,50,50,20,42,42,42,64,53,59,31,53,0,0],"gold":308,"neow_bonus":"ONE_RANDOM_RARE_CARD","is_daily":false,"chose_seed":false,"campfire_upgraded":1,"win_rate":0.0,"timestamp":1612576129,"path_taken":["M","M","M","?","M","R","E","R","T","?","R","M","M","E","R","BOSS"],"items_purchased_type":[],"build_version":"2020-12-22","purchased_purges":0,"victory":false,"max_hp_per_floor":[75,75,75,75,75,75,75,75,75,75,75,75,75,75,75,75,75],"relic_stats":{"counters":[9,39],"Ornamental Fan":[16],"obtain_stats":[{"Lantern":10,"Ornamental Fan":9,"The Courier":14,"Burning Blood":0,"Unceasing Top":7},{"Lantern":5,"Ornamental Fan":5,"The Courier":8,"Burning Blood":0,"Unceasing Top":5},{"Lantern":15,"Ornamental Fan":15,"The Courier":28,"Burning Blood":0,"Unceasing Top":15}],"Burning Blood":48,"Unceasing Top":[0]},"card_choices":[{"not_picked":["Rupture","Body Slam"],"picked":"Uppercut","floor":1.0},{"not_picked":["True Grit","Warcry","Havoc"],"picked":"SKIP","floor":2.0},{"not_picked":["Body Slam","Feel No Pain"],"picked":"Sword Boomerang","floor":3.0},{"not_picked":["Reckless Charge","Twin Strike"],"picked":"Pommel Strike","floor":5.0},{"not_picked":["Evolve","Thunderclap","Whirlwind"],"picked":"SKIP","floor":7.0},{"not_picked":["Blood for Blood","Double Tap"],"picked":"Shrug It Off","floor":12.0},{"not_picked":["Wild Strike","Pummel"],"picked":"Cleave","floor":13.0},{"not_picked":["Clothesline","Anger"],"picked":"Shockwave","floor":14.0}],"player_experience":1369274,"relics_obtained":[{"floor":7.0,"key":"Unceasing Top"},{"floor":9.0,"key":"Ornamental Fan"},{"floor":14.0,"key":"The Courier"}],"event_choices":[{"cards_removed":["Defend_R"],"damage_healed":0.0,"max_hp_gain":0.0,"max_hp_loss":0.0,"gold_gain":0.0,"event_name":"Golden Wing","player_choice":"Card Removal","floor":4.0,"gold_loss":0.0,"damage_taken":7.0},{"damage_healed":0.0,"max_hp_gain":0.0,"max_hp_loss":0.0,"gold_gain":0.0,"event_name":"WeMeetAgain","player_choice":"Gave Potion","floor":10.0,"gold_loss":0.0,"damage_taken":0.0,"relics_obtained":["Lantern"]}],"is_beta":false,"boss_relics":[],"items_purged_floors":[],"is_endless":false,"potions_floor_spawned":[1,5,12,14],"killed_by":"Hexaghost","ascension_level":18}}