{"host":"omgphoea13lnyb7y","time":1612613995,"event":{"mods":["Aspiration","BaseMod","Better Note","BetterRewards","Colored Map","DeckTracker","Hubris","Minty Spire (QoL Compilation)","StSLib","The Construct","The Cursed","The Jungle","The Necromancer"],"gold_per_floor":[114,114,125,125,136,136,164,164,164,199,199,199,217,234,234,334,334,349,4,4,21,36,36,63,63,89,103,118,118,118,148,148,148,148],"floor_reached":33,"language":"ENG","playtime":1381,"items_purged":[],"score":325,"play_id":"e38ba257-b1d3-469a-b407-59ebf64981d9","local_time":"20210206041955","is_ascension_mode":true,"campfire_choices":[{"data":"Crippling Poison","floor":6,"key":"SMITH"},{"data":"Footwork","floor":8,"key":"SMITH"},{"data":"Bane","floor":11,"key":"SMITH"},{"floor":15,"key":"REST"},{"data":"Crippling Poison","floor":23,"key":"SMITH"},{"floor":25,"key":"REST"},{"floor":30,"key":"REST"},{"floor":32,"key":"REST"}],"circlet_count":0,"master_deck":["Strike_G","Strike_G","Strike_G","Defend_G+1","Defend_G+1","Defend_G+1","Defend_G+1","Defend_G+1","Survivor+1","Neutralize+1","Bane+1","Sucker Punch","Crippling Poison+1","Footwork+1","Burst","Crippling Poison+1","Dagger Throw+1","Poisoned Stab+1","Crippling Poison","Deadly Poison"],"relics":["Ring of the Snake","NeowsBlessing","hubris:Icosahedron","hubris:TinFlute","Omamori","hubris:Backtick","Paper Crane","Molten Egg 2","InkBottle","Ancient Tea Set","Toy Ornithopter"],"acts_visited":["Exordium","TheCity"],"potions_floor_usage":[16,16,21,22,22,22,22,22,31],"damage_taken":[{"damage":0,"enemies":"2 Louse","floor":1,"turns":1},{"damage":0,"enemies":"Small Slimes","floor":3,"turns":1},{"damage":0,"enemies":"Jaw Worm","floor":5,"turns":1},{"damage":17,"enemies":"Lagavulin","floor":7,"turns":7},{"damage":9,"enemies":"Gremlin Nob","floor":10,"turns":4},{"damage":0,"enemies":"Looter","floor":13,"turns":4},{"damage":4,"enemies":"Exordium Thugs","floor":14,"turns":4},{"damage":8,"enemies":"Slime Boss","floor":16,"turns":8},{"damage":23,"enemies":"Spheric Guardian","floor":18,"turns":6},{"damage":7,"enemies":"Shell Parasite","floor":21,"turns":8},{"damage":4,"enemies":"Snake Plant","floor":22,"turns":4},{"damage":25,"enemies":"Slavers","floor":24,"turns":6},{"damage":8,"enemies":"Centurion and Healer","floor":27,"turns":8},{"damage":12,"enemies":"3 Cultists","floor":28,"turns":5},{"damage":16,"enemies":"Gremlin Leader","floor":31,"turns":8},{"damage":53,"enemies":"Champ","floor":33,"turns":11}],"seed_played":"4394569250535593780","potions_obtained":[{"floor":3,"key":"construct:ShiftPotion"},{"floor":10,"key":"SteroidPotion"},{"floor":13,"key":"CunningPotion"},{"floor":14,"key":"EntropicBrew"},{"floor":18,"key":"SkillPotion"},{"floor":24,"key":"construct:ShiftPotion"},{"floor":28,"key":"LiquidMemories"}],"is_trial":false,"path_per_floor":["M","?","M","?","M","R","E","R","T","E","R","?","M","M","R","B",null,"M","$","?","M","M","R","E","R","T","M","M","?","R","E","R","B"],"character_chosen":"THE_SILENT","items_purchased":["Fruit Juice","Molten Egg 2"],"campfire_rested":4,"item_purchase_floors":[19,19],"current_hp_per_floor":[70,70,70,63,63,63,46,46,46,37,37,37,37,33,54,46,70,47,47,47,45,41,41,16,38,38,30,18,18,40,24,46,0,0],"gold":148,"neow_bonus":"THREE_ENEMY_KILL","is_daily":false,"chose_seed":false,"campfire_upgraded":4,"win_rate":0.0,"timestamp":1612613995,"path_taken":["M","?","M","?","M","R","E","R","T","E","R","?","M","M","R","BOSS","M","$","?","M","M","R","E","R","T","M","M","?","R","E","R","BOSS"],"items_purchased_type":["Potion","Relic"],"build_version":"2020-12-22","purchased_purges":0,"victory":false,"max_hp_per_floor":[70,70,70,70,70,70,70,70,70,70,70,70,70,70,70,70,70,70,70,70,75,75,75,75,75,75,75,75,75,75,75,75,75,75],"card_choices":[{"not_picked":["Sucker Punch","Acrobatics"],"picked":"Bane","floor":1},{"not_picked":["Choke","Setup"],"picked":"Sucker Punch","floor":3},{"not_picked":["PiercingWail","Masterful Stab"],"picked":"Crippling Poison","floor":5},{"not_picked":["hubris:TrickCloak","Outmaneuver"],"picked":"Footwork","floor":7},{"not_picked":["Underhanded Strike","Blur","Prepared"],"picked":"SKIP","floor":10},{"not_picked":["Blade Dance","PiercingWail","Prepared"],"picked":"SKIP","floor":13},{"not_picked":["Eviscerate","Outmaneuver","Prepared"],"picked":"SKIP","floor":14},{"not_picked":["Unload","A Thousand Cuts"],"picked":"Burst","floor":16},{"not_picked":["Choke+1","Accuracy","Finisher"],"picked":"SKIP","floor":18},{"not_picked":["Accuracy","Underhanded Strike+1"],"picked":"Crippling Poison","floor":21},{"not_picked":["Choke+1","Backflip"],"picked":"Dagger Throw+1","floor":22},{"not_picked":["Cloak And Dagger","Masterful Stab+1","Underhanded Strike+1"],"picked":"SKIP","floor":24},{"not_picked":["Cloak And Dagger+1","Slice+1","Finisher+1"],"picked":"SKIP","floor":27},{"not_picked":["aspiration:Lunge+1","Finisher+1"],"picked":"Poisoned Stab+1","floor":28},{"not_picked":["Blade Dance","Deflect+1"],"picked":"Deadly Poison","floor":31}],"player_experience":75711,"relics_obtained":[{"floor":7,"key":"PreservedInsect"},{"floor":9,"key":"hubris:TinFlute"},{"floor":10,"key":"Omamori"},{"floor":24,"key":"InkBottle"},{"floor":26,"key":"Ancient Tea Set"},{"floor":31,"key":"Toy Ornithopter"}],"event_choices":[{"cards_removed":["Strike_G"],"damage_healed":0,"gold_gain":0,"player_choice":"Card Removal","damage_taken":7,"max_hp_gain":0,"max_hp_loss":0,"event_name":"Golden Wing","floor":4,"gold_loss":0},{"damage_healed":0,"gold_gain":0,"cards_transformed":["Strike_G"],"player_choice":"Transformed","damage_taken":0,"max_hp_gain":0,"max_hp_loss":0,"event_name":"Transmorgrifier","floor":29,"gold_loss":0,"cards_obtained":["Crippling Poison"]}],"is_beta":false,"boss_relics":[{"not_picked":["HoveringKite","aspiration:IroncladSkillbook"],"picked":"hubris:Backtick"}],"items_purged_floors":[],"is_endless":false,"potions_floor_spawned":[3,10,13,14,18,24,28],"killed_by":"Champ","ascension_level":2}}