{"host":"4a0aa7b2d8dxohwr","time":1612623550,"event":{"mods":["ATMod(∞¢Ë™Mod)","Act Like it!","BaseMod","Dota2Spire","Friendly Minions","Gensokyo","GifTheSpireLib","GungeonMod","Marisa£®ÏF”Í°°ƒß¿Ì…≥£©","Minty Spire (QoL Compilation)","Reimu£®≤©¿ˆ¡È√Œ£©","Remilia£®¿Ÿ√◊¿Ú—«£©","Shop Mod","StSLib","The Senshi","The Servant 0.9.4","Youmu£®ªÍ∆«—˝√Œ£©","[IsaacMod]“‘»ˆº‚À˛"],"gold_per_floor":[114,29,42,59,9,44,20,53,53,53,86,86,96,108,108,183,183,198,198,209,169,187,214,214,214,240,267,281,310,217,234,234,311,311,346,374,408,14,62,96,125,159,159,194,224,224,256,291,291,291,291,291,291,27,52,82],"floor_reached":57,"language":"ZHS","playtime":3130,"items_purged":["Strike_MRS","Strike_MRS"],"score":4325,"play_id":"32c8a787-7232-479f-945b-7cb1f8ba63c9","local_time":"20210206225910","is_ascension_mode":true,"campfire_choices":[{"data":"AT_FamilyPortrait","floor":10.0,"key":"SMITH"},{"data":"MasterSpark","floor":12.0,"key":"SMITH"},{"data":"MysteriousBeam","floor":15.0,"key":"SMITH"},{"data":"IllusionStar","floor":24.0,"key":"SMITH"},{"data":"NonDirectionalLaser","floor":32.0,"key":"SMITH"},{"data":"UltimateShortwave","floor":46,"key":"SMITH"},{"floor":49,"key":"RECALL"},{"data":"OpenUniverse","floor":53,"key":"SMITH"}],"circlet_count":0,"master_deck":["AscendersBane","Strike_MRS","Strike_MRS","Defend_MRS","Defend_MRS","Defend_MRS","Defend_MRS","MasterSpark+1","UpSweep","AT_FamilyPortrait+1","DoubleSpark","DC","Gensokyo:BlessingOfVigor","MilkyWay+1","MysteriousBeam+1","RefractionSpark","OneTimeOff","6A","PowerUp","IllusionStar+1","ChargingUp","NonDirectionalLaser+1","PropBag","JA","UltimateShortwave+1","BlazeAway+1","GrandCross","Singularity+1","OpenUniverse+1","DarkMatter+1","AlicesGift"],"relics":["MiniHakkero","HushsDoor","AT_ATBox","SatanicBible","theSenshi:SailorFukuRelic","Dota2Spire:Vanguard","AT_ImmortalShieldbow","Dota2Spire:Mjollnir","YumHeart","AT_TrinityForce","Gensokyo:DirgeOfMelancholy","CrazyTorch:ReiMu","DemoMod:BlueGuonStone","Dota2Spire:MantaStyle","Bottled Flame","BookOfRevelations","ChampionBelt","AT_SunfireAegis","RuthlessExorcism:ReiMu","Art of War","Tea:ReiMu","BlankCard","PureWhite:ReiMu","Dota2Spire:UrnOfShadows","DemoMod:PoisonVial","Dota2Spire:ShivaGuard","Dota2Spire:OrchidMalevolence","AT_BellDemon","Dota2Spire:EchoSabre","Dota2Spire:LotusOrb","Dota2Spire:Dagon","TentaclePot:ReiMu","Dota2Spire:HandOfMidas"],"acts_visited":["Exordium","Gensokyo:Gensokyo","TheBeyond","TheEnding"],"potions_floor_usage":[56,56],"damage_taken":[{"damage":0.0,"enemies":"Gensokyo:Python","floor":1.0,"turns":3.0},{"damage":0.0,"enemies":"Gensokyo:3_Fairies","floor":3.0,"turns":3.0},{"damage":0.0,"enemies":"Gensokyo:2_Kodama","floor":4.0,"turns":2.0},{"damage":0.0,"enemies":"Gensokyo:Aya","floor":6.0,"turns":4.0},{"damage":3.0,"enemies":"Gensokyo:Cirno","floor":8.0,"turns":5.0},{"damage":16.0,"enemies":"Gensokyo:Aya","floor":11.0,"turns":4.0},{"damage":0.0,"enemies":"Gensokyo:LivingMonolith","floor":13.0,"turns":2.0},{"damage":0.0,"enemies":"Gensokyo:Gryphon_and_Rabbit","floor":14.0,"turns":2.0},{"damage":0.0,"enemies":"Gensokyo:Kokoro","floor":16.0,"turns":7.0},{"damage":0.0,"enemies":"Gensokyo:2_Gloops","floor":18.0,"turns":2.0},{"damage":0.0,"enemies":"Gensokyo:3_Dogs","floor":20.0,"turns":3.0},{"damage":0.0,"enemies":"Gensokyo:Slime_Group","floor":22.0,"turns":4.0},{"damage":0.0,"enemies":"Gensokyo:Reisen","floor":23.0,"turns":4.0},{"damage":6.0,"enemies":"Gensokyo:Koishi","floor":27.0,"turns":3.0},{"damage":0.0,"enemies":"Gensokyo:Wraith","floor":28.0,"turns":2.0},{"damage":20.0,"enemies":"Gensokyo:Tenshi","floor":29.0,"turns":2.0},{"damage":5.0,"enemies":"Gensokyo:Swordslinger","floor":31.0,"turns":2.0},{"damage":0.0,"enemies":"Gensokyo:Eternal_Rivals","floor":33.0,"turns":7.0},{"damage":0.0,"enemies":"Giant Head","floor":35.0,"turns":5.0},{"damage":0.0,"enemies":"Reptomancer","floor":36.0,"turns":3.0},{"damage":0.0,"enemies":"Giant Head","floor":37.0,"turns":5.0},{"damage":0.0,"enemies":"2 Orb Walkers","floor":39.0,"turns":1.0},{"damage":0.0,"enemies":"Reptomancer","floor":40.0,"turns":4.0},{"damage":0.0,"enemies":"Giant Head","floor":41.0,"turns":4.0},{"damage":0,"enemies":"Nemesis","floor":42,"turns":3},{"damage":0,"enemies":"Reptomancer","floor":44,"turns":3},{"damage":0,"enemies":"Giant Head","floor":45,"turns":4},{"damage":0,"enemies":"Nemesis","floor":47,"turns":2},{"damage":0,"enemies":"Giant Head","floor":48,"turns":4},{"damage":0,"enemies":"Awakened One","floor":50,"turns":6},{"damage":0,"enemies":"Time Eater","floor":51,"turns":7},{"damage":0,"enemies":"Shield and Spear","floor":55,"turns":3},{"damage":0,"enemies":"The Heart","floor":56,"turns":6}],"seed_played":"2806303528745553045","potions_obtained":[{"floor":6.0,"key":"Fire Potion"},{"floor":13.0,"key":"BottledSpark"},{"floor":22.0,"key":"EssenceOfSteel"},{"floor":29.0,"key":"Fruit Juice"},{"floor":31.0,"key":"AttackPotion"},{"floor":37.0,"key":"SkillPotion"},{"floor":42,"key":"ColorlessPotion"}],"is_trial":false,"path_per_floor":["M","COS","M","M","?","E","$","E","T","R","E","R","M","M","R","B",null,"M","?","M","?","M","E","R","T","T","E","M","E","COS","M","R","B",null,"M","M","M","$","?","E","M","E","T","M","M","R","M","M","R","B","B",null,"R","$","E","B",null],"character_chosen":"MARISA","items_purchased":["MysteriousBeam","UltimateShortwave","BlankCard","TentaclePot:ReiMu"],"campfire_rested":0,"item_purchase_floors":[7,34,38,54],"current_hp_per_floor":[75,75,75,75,75,75,75,72,72,72,56,56,81,81,81,81,82,82,82,82,82,82,82,82,82,82,82,82,67,67,62,62,62,78,78,78,78,78,78,78,78,78,78,78,78,78,78,78,78,83,83,83,83,83,83,83],"gold":82,"neow_bonus":"TEN_PERCENT_HP_BONUS","is_daily":false,"chose_seed":false,"campfire_upgraded":7,"win_rate":0.0,"timestamp":1612623550,"path_taken":["M","COS","M","M","?","E","$","E","T","R","E","R","?","?","R","BOSS","M","?","M","?","M","E","R","?","T","E","?","E","COS","M","R","BOSS","M","M","M","$","?","E","M","E","T","?","M","R","M","M","R","BOSS","BOSS","R","$","E","BOSS"],"items_purchased_type":["Card","Card","Relic","Relic"],"build_version":"2020-12-22","purchased_purges":2,"victory":true,"max_hp_per_floor":[82,82,82,82,82,82,82,82,82,82,82,82,82,82,82,82,82,82,82,82,82,82,82,82,82,82,82,82,87,87,87,87,87,83,83,83,83,83,83,83,83,83,83,83,83,83,83,83,83,83,83,83,83,83,83,83],"card_choices":[{"not_picked":[],"picked":"Bomb","floor":0.0},{"not_picked":["WitchLeyline","EscapeVelocity"],"picked":"DoubleSpark","floor":1.0},{"not_picked":["GravityBeat","Orbital"],"picked":"DC","floor":3.0},{"not_picked":["6A","EventHorizon","ShootingEcho"],"picked":"SKIP","floor":4.0},{"not_picked":["CasketOfStar","DarkSpark"],"picked":"MilkyWay","floor":6.0},{"not_picked":["OneTimeOff","Orbital","DragonMeteor"],"picked":"SKIP","floor":8.0},{"not_picked":["MagicChant","StarBarrage"],"picked":"RefractionSpark","floor":11.0},{"not_picked":["6A","GravityBeat"],"picked":"OneTimeOff","floor":13.0},{"not_picked":["Occultation","GasGiant"],"picked":"6A","floor":14.0},{"not_picked":["DC","MachineGunSpark"],"picked":"PowerUp","floor":18.0},{"not_picked":["ShootTheMoon","GravityBeat","6A"],"picked":"SKIP","floor":20.0},{"not_picked":["EventHorizon","Acceleration+1","GravityBeat"],"picked":"SKIP","floor":22.0},{"not_picked":["ChargingUp","StarBarrage"],"picked":"IllusionStar","floor":23.0},{"not_picked":["OneTimeOff","ChargeUpSpray"],"picked":"ChargingUp","floor":27.0},{"not_picked":["TreasureHunter","DarkSpark"],"picked":"NonDirectionalLaser","floor":28.0},{"not_picked":["DarkSpark","IllusionStar","SporeBomb"],"picked":"SKIP","floor":29.0},{"not_picked":["ChargingUp","OneTimeOff"],"picked":"PropBag","floor":31.0},{"not_picked":["MaximisePower","SatelliteIllusion"],"picked":"JA","floor":33.0},{"not_picked":["MysteriousBeam+1","AbsoluteMagnitude"],"picked":"BlazeAway+1","floor":35.0},{"not_picked":["ShootingEcho+1","MysteriousBeam","RefractionSpark"],"picked":"SKIP","floor":36.0},{"not_picked":["EarthLightRay+1","ShootingEcho","GravityBeat"],"picked":"SKIP","floor":37.0},{"not_picked":["MysteriousBeam","SprinkleStarSeal"],"picked":"GrandCross","floor":40.0},{"not_picked":["LuminesStrike","AbsoluteMagnitude","MachineGunSpark+1"],"picked":"SKIP","floor":41.0},{"not_picked":["SprinkleStarSeal","GravityBeat","MysteriousBeam"],"picked":"SKIP","floor":42},{"not_picked":["PulseMagic","WitchOfGreed","EnergyRecoil"],"picked":"SKIP","floor":44},{"not_picked":["EnergyRecoil","JA"],"picked":"Singularity+1","floor":45},{"not_picked":["DragonMeteor","NonDirectionalLaser"],"picked":"OpenUniverse","floor":47},{"not_picked":["SporeBomb","AsteroidBelt"],"picked":"DarkMatter+1","floor":48},{"not_picked":["FairyDestructionRay","DoubleSpark+1"],"picked":"AlicesGift","floor":55}],"player_experience":563178,"relics_obtained":[{"floor":6.0,"key":"theSenshi:SailorFukuRelic"},{"floor":8.0,"key":"Dota2Spire:Vanguard"},{"floor":9.0,"key":"AT_ImmortalShieldbow"},{"floor":11.0,"key":"Dota2Spire:Mjollnir"},{"floor":23.0,"key":"CrazyTorch:ReiMu"},{"floor":25.0,"key":"DemoMod:BlueGuonStone"},{"floor":27.0,"key":"Dota2Spire:MantaStyle"},{"floor":29.0,"key":"Bottled Flame"},{"floor":35.0,"key":"AT_SunfireAegis"},{"floor":36.0,"key":"Art of War"},{"floor":37.0,"key":"Tea:ReiMu"},{"floor":39.0,"key":"PureWhite:ReiMu"},{"floor":40.0,"key":"Dota2Spire:UrnOfShadows"},{"floor":41.0,"key":"DemoMod:PoisonVial"},{"floor":42,"key":"Dota2Spire:ShivaGuard"},{"floor":43,"key":"Dota2Spire:OrchidMalevolence"},{"floor":44,"key":"AT_BellDemon"},{"floor":45,"key":"Dota2Spire:EchoSabre"},{"floor":47,"key":"Dota2Spire:LotusOrb"},{"floor":48,"key":"Dota2Spire:Dagon"},{"floor":55,"key":"Dota2Spire:HandOfMidas"}],"event_choices":[{"damage_healed":0.0,"max_hp_gain":0.0,"max_hp_loss":0.0,"gold_gain":0.0,"event_name":"Mysterious Sphere","player_choice":"Fight","floor":39.0,"gold_loss":0.0,"damage_taken":0.0}],"is_beta":false,"boss_relics":[{"not_picked":["DemoMod:WaxWing","Dota2Spire:Bloodstone"],"picked":"AT_TrinityForce"},{"not_picked":[]},{"not_picked":["Snecko Eye","MagicMushroom"],"picked":"ChampionBelt"},{"not_picked":[]}],"items_purged_floors":[38,54],"is_endless":false,"potions_floor_spawned":[6,13,16,22,27,29,31,37,39,42,44,45,47],"ascension_level":20}}