{"host":"qksa0nge77ubun9a","time":1612653025,"event":{"mods":["AchievementEnabler","BaseMod","Colored Map","Colored Powertips","Googly Eyes","Highlight Path","Minty Spire (QoL Compilation)","Quick Restart","StSLib"],"gold_per_floor":[211,386,386,90,110,110,110,137,162,175,190,223,223,238,238,342,342,353,363,288,288,307,334,334,362,362,362,392,392,307,407,407,509,509,520,539,75,90,109,144,144,19,100,100,100,100,20,20,20,20],"floor_reached":51,"language":"ENG","playtime":3226,"items_purged":["Doubt","Regret","Strike_R"],"score":1359,"play_id":"95a2c952-037a-429e-bf29-62e1fc07f567","local_time":"20210206151025","is_ascension_mode":true,"campfire_choices":[{"data":"Body Slam","floor":6.0,"key":"SMITH"},{"data":"Mayhem","floor":13.0,"key":"SMITH"},{"data":"True Grit","floor":15.0,"key":"SMITH"},{"floor":24.0,"key":"REST"},{"data":"Barricade","floor":27.0,"key":"SMITH"},{"floor":32.0,"key":"REST"},{"data":"Armaments","floor":44.0,"key":"SMITH"},{"data":"Armaments","floor":49.0,"key":"SMITH"}],"circlet_count":0,"master_deck":["AscendersBane","Strike_R","Strike_R","Strike_R","Strike_R","Defend_R","Defend_R","Defend_R","Bash","Havoc","Mayhem+1","Shrug It Off","Body Slam+1","True Grit+1","Battle Trance","Metallicize","Feel No Pain","Body Slam+1","Juggernaut","Wild Strike+1","Pommel Strike+1","Barricade+1","Sentinel","Havoc+1","Seeing Red+1","Decay","Armaments+1","Impervious","Metallicize","Armaments+1","Flame Barrier+1","Shame","Regret","Fire Breathing","Madness+1","Madness+1"],"relics":["Burning Blood","Red Skull","HornCleat","Nunchaku","Molten Egg 2","Cursed Key","Anchor","Ancient Tea Set","Champion Belt","Centennial Puzzle","Bag of Marbles","Gambling Chip","Matryoshka","Busted Crown","Pen Nib","Du-Vu Doll","Vajra","Toxic Egg 2","Shuriken","Paper Frog"],"acts_visited":["Exordium","TheCity","TheBeyond"],"potions_floor_usage":[50,50,50],"damage_taken":[{"damage":0.0,"enemies":"Small Slimes","floor":1.0,"turns":3.0},{"damage":5.0,"enemies":"Jaw Worm","floor":5.0,"turns":4.0},{"damage":25.0,"enemies":"3 Sentries","floor":8.0,"turns":10.0},{"damage":0.0,"enemies":"2 Louse","floor":10.0,"turns":2.0},{"damage":2.0,"enemies":"Exordium Thugs","floor":11.0,"turns":5.0},{"damage":4.0,"enemies":"Lagavulin","floor":12.0,"turns":6.0},{"damage":8.0,"enemies":"Looter","floor":14.0,"turns":3.0},{"damage":0.0,"enemies":"Hexaghost","floor":16.0,"turns":9.0},{"damage":0.0,"enemies":"Spheric Guardian","floor":18.0,"turns":3.0},{"damage":34.0,"enemies":"3 Byrds","floor":19.0,"turns":6.0},{"damage":24.0,"enemies":"Shelled Parasite and Fungi","floor":22.0,"turns":4.0},{"damage":34.0,"enemies":"Slavers","floor":23.0,"turns":6.0},{"damage":6.0,"enemies":"Book of Stabbing","floor":25.0,"turns":4.0},{"damage":37.0,"enemies":"Gremlin Leader","floor":28.0,"turns":5.0},{"damage":0.0,"enemies":"Colosseum Slavers","floor":31.0,"turns":3.0},{"damage":2.0,"enemies":"Colosseum Nobs","floor":31.0,"turns":5.0},{"damage":1.0,"enemies":"Champ","floor":33.0,"turns":8.0},{"damage":0.0,"enemies":"Orb Walker","floor":35.0,"turns":1.0},{"damage":7.0,"enemies":"3 Shapes","floor":36.0,"turns":3.0},{"damage":1.0,"enemies":"Jaw Worm Horde","floor":38.0,"turns":5.0},{"damage":9.0,"enemies":"Spire Growth","floor":39.0,"turns":4.0},{"damage":0.0,"enemies":"Giant Head","floor":40.0,"turns":6.0},{"damage":53,"enemies":"Donu and Deca","floor":50,"turns":8}],"seed_played":"8064935077393404852","potions_obtained":[{"floor":5.0,"key":"EntropicBrew"},{"floor":7.0,"key":"LiquidMemories"},{"floor":7.0,"key":"Swift Potion"},{"floor":11.0,"key":"BlessingOfTheForge"},{"floor":12.0,"key":"BloodPotion"},{"floor":19.0,"key":"Explosive Potion"},{"floor":22.0,"key":"LiquidBronze"},{"floor":23.0,"key":"Energy Potion"},{"floor":28.0,"key":"Strength Potion"},{"floor":31.0,"key":"Explosive Potion"},{"floor":35.0,"key":"GamblersBrew"},{"floor":39.0,"key":"PowerPotion"}],"is_trial":false,"path_per_floor":["M","?","?","$","M","R","?","E","T","M","M","E","R","M","R","B",null,"M","M","?","?","M","E","R","E","T","R","E","?","?","?","R","B",null,"M","M","$","M","M","E","?","$","T","R","T","?","$","?","R","B",null],"character_chosen":"IRONCLAD","items_purchased":["Mayhem","Shrug It Off","Metallicize","Body Slam+1","EssenceOfSteel","Pen Nib","Armaments","Fire Breathing"],"campfire_rested":2,"item_purchase_floors":[4,4,37,37,37,37,37,47],"current_hp_per_floor":[78,78,75,75,76,76,76,57,57,63,67,69,69,67,67,73,78,80,52,52,52,50,22,46,46,46,46,15,15,15,25,49,54,74,80,79,79,80,77,80,80,80,80,80,80,80,80,70,70,23],"gold":20,"neow_bonus":"HUNDRED_GOLD","is_daily":false,"chose_seed":false,"campfire_upgraded":6,"win_rate":0.0,"timestamp":1612653025,"path_taken":["M","?","?","?","M","R","?","E","T","M","?","E","R","M","R","BOSS","M","M","?","?","M","E","R","E","T","R","E","?","?","?","R","BOSS","M","M","$","M","M","E","?","$","T","R","?","?","?","?","R","BOSS"],"items_purchased_type":["Card","Card","Card","Card","Potion","Relic","Card","Card"],"build_version":"2020-12-22","purchased_purges":3,"victory":true,"max_hp_per_floor":[80,80,80,80,80,80,80,80,80,80,80,80,80,80,80,80,80,80,80,80,80,80,80,80,80,80,80,80,80,80,80,80,80,80,80,80,80,80,80,80,80,80,80,80,80,80,80,80,80,80],"card_choices":[{"not_picked":["Warcry","Body Slam"],"picked":"Havoc","floor":1.0},{"not_picked":["True Grit","Clothesline"],"picked":"Body Slam","floor":5.0},{"not_picked":["Warcry","Intimidate"],"picked":"True Grit","floor":8.0},{"not_picked":["Spot Weakness","Clash"],"picked":"Battle Trance","floor":10.0},{"not_picked":["Thunderclap","Intimidate"],"picked":"Metallicize","floor":11.0},{"not_picked":["Offering","Combust"],"picked":"Feel No Pain","floor":12.0},{"not_picked":["Cleave+1","Perfected Strike+1"],"picked":"Body Slam+1","floor":14.0},{"not_picked":["Bludgeon+1","Berserk"],"picked":"Juggernaut","floor":16.0},{"not_picked":["Spot Weakness","Havoc"],"picked":"Wild Strike+1","floor":18.0},{"not_picked":["Havoc","Shrug It Off"],"picked":"Pommel Strike+1","floor":19.0},{"not_picked":["Feel No Pain","Heavy Blade+1"],"picked":"Sentinel","floor":22.0},{"not_picked":["Heavy Blade+1","Body Slam+1"],"picked":"Havoc+1","floor":23.0},{"not_picked":["Headbutt+1","Clash+1","Anger+1"],"picked":"SKIP","floor":25.0},{"not_picked":["Anger+1","Warcry+1"],"picked":"Seeing Red+1","floor":28.0},{"not_picked":["Searing Blow+1","Flex+1"],"picked":"Armaments","floor":31.0},{"not_picked":["Offering","Reaper+1"],"picked":"Impervious","floor":33.0},{"not_picked":["Heavy Blade+1"],"picked":"SKIP","floor":35.0},{"not_picked":["Clothesline+1"],"picked":"SKIP","floor":36.0},{"not_picked":["Flex"],"picked":"SKIP","floor":38.0},{"not_picked":[],"picked":"Flame Barrier+1","floor":39.0},{"not_picked":["Uppercut+1"],"picked":"SKIP","floor":40.0}],"player_experience":1341824,"relics_obtained":[{"floor":8.0,"key":"HornCleat"},{"floor":9.0,"key":"Nunchaku"},{"floor":12.0,"key":"Molten Egg 2"},{"floor":23.0,"key":"Anchor"},{"floor":25.0,"key":"Ancient Tea Set"},{"floor":26.0,"key":"Champion Belt"},{"floor":28.0,"key":"Centennial Puzzle"},{"floor":31.0,"key":"Gambling Chip"},{"floor":31.0,"key":"Matryoshka"},{"floor":40.0,"key":"Du-Vu Doll"},{"floor":43.0,"key":"Vajra"},{"floor":43.0,"key":"Toxic Egg 2"},{"floor":45.0,"key":"Shuriken"},{"floor":45.0,"key":"Paper Frog"}],"event_choices":[{"damage_healed":0.0,"max_hp_gain":0.0,"max_hp_loss":0.0,"gold_gain":175.0,"event_name":"Liars Game","player_choice":"AGREE","floor":2.0,"gold_loss":0.0,"damage_taken":0.0,"cards_obtained":["Doubt"]},{"damage_healed":0.0,"max_hp_gain":0.0,"max_hp_loss":0.0,"gold_gain":0.0,"event_name":"Scrap Ooze","player_choice":"Success","floor":3.0,"gold_loss":0.0,"damage_taken":3.0,"relics_obtained":["Red Skull"]},{"damage_healed":0.0,"max_hp_gain":0.0,"max_hp_loss":0.0,"gold_gain":0.0,"event_name":"Lab","player_choice":"Got Potions","floor":7.0,"gold_loss":0.0,"damage_taken":0.0},{"cards_removed":["Defend_R"],"damage_healed":0.0,"max_hp_gain":0.0,"max_hp_loss":0.0,"gold_gain":0.0,"event_name":"Beggar","player_choice":"Gave Gold","floor":20.0,"gold_loss":75.0,"damage_taken":0.0},{"damage_healed":0.0,"max_hp_gain":0.0,"max_hp_loss":0.0,"gold_gain":0.0,"event_name":"The Library","player_choice":"Read","floor":21.0,"gold_loss":0.0,"damage_taken":0.0,"cards_obtained":["Barricade"]},{"damage_healed":0.0,"max_hp_gain":0.0,"max_hp_loss":0.0,"gold_gain":0.0,"event_name":"Forgotten Altar","player_choice":"Smashed Altar","floor":29.0,"gold_loss":0.0,"damage_taken":0.0,"cards_obtained":["Decay"]},{"damage_healed":0.0,"max_hp_gain":0.0,"max_hp_loss":0.0,"gold_gain":0.0,"event_name":"Addict","player_choice":"Obtained Relic","floor":30.0,"gold_loss":85.0,"damage_taken":0.0,"relics_obtained":["Bag of Marbles"]},{"damage_healed":0.0,"max_hp_gain":0.0,"max_hp_loss":0.0,"gold_gain":0.0,"event_name":"Colosseum","player_choice":"Fight","floor":31.0,"gold_loss":0.0,"damage_taken":0.0},{"damage_healed":0.0,"max_hp_gain":0.0,"max_hp_loss":0.0,"gold_gain":0.0,"event_name":"Colosseum","player_choice":"Fought Nobs","floor":31.0,"gold_loss":0.0,"damage_taken":0.0},{"damage_healed":0.0,"max_hp_gain":0.0,"max_hp_loss":0.0,"gold_gain":0.0,"event_name":"Tomb of Lord Red Mask","player_choice":"Ignored","floor":41.0,"gold_loss":0.0,"damage_taken":0.0},{"cards_removed":["Body Slam"],"damage_healed":0.0,"max_hp_gain":0.0,"max_hp_loss":0.0,"gold_gain":0.0,"event_name":"Falling","player_choice":"Removed Attack","floor":46.0,"gold_loss":0.0,"damage_taken":0.0},{"damage_healed":0.0,"max_hp_gain":0.0,"max_hp_loss":0.0,"gold_gain":0.0,"event_name":"Winding Halls","player_choice":"Embrace Madness","floor":48.0,"gold_loss":0.0,"damage_taken":10.0,"cards_obtained":["Madness","Madness"]}],"is_beta":false,"boss_relics":[{"not_picked":["Fusion Hammer","Sozu"],"picked":"Cursed Key"},{"not_picked":["Philosopher\u0027s Stone","Astrolabe"],"picked":"Busted Crown"}],"items_purged_floors":[4,37,42],"is_endless":false,"potions_floor_spawned":[5,11,12,19,22,23,28,31,35,39,40],"ascension_level":10}}