{"host":"9slw7l0ws16384qq","time":1612632939,"event":{"mods":["A Penny For Your Troubles","BaseMod","Colored Map","Downfall","Evolution","Hubris","Minty Spire (QoL Compilation)","Replay The Spire","StS++","StSLib"],"gold_per_floor":[0,0,10,10,110,110,110,59,59,59,88,116,116,143,143,153,176,281,281,181,110,133,156,214,236,236,236,236,236,252,274,40,75,98,98,98,98],"floor_reached":35,"language":"FRA","playtime":1407,"items_purged":["Writhe"],"score":335,"play_id":"6a9d164f-face-4f03-969d-7160068c447a","local_time":"20210206183539","is_ascension_mode":true,"campfire_choices":[{"data":"hexamod:Sear","floor":1.0,"key":"SMITH"},{"data":"hexamod:PhantomCloak","floor":10.0,"key":"SMITH"},{"data":"hexamod:SuperheatedStrike","floor":13.0,"key":"SMITH"},{"data":"hexamod:FlamesFromBeyond","floor":15.0,"key":"SMITH"},{"data":"hexamod:HexaLevel","floor":20,"key":"SMITH"},{"data":"hexamod:WildfireWeapon","floor":29,"key":"SMITH"}],"circlet_count":0,"master_deck":["hexamod:Strike","hexamod:Strike","hexamod:Strike","hexamod:Strike","hexamod:Defend","hexamod:Defend","hexamod:Defend","hexamod:Sear+1","hexamod:Float","hexamod:PhantomCloak+1","hexamod:FirstSeal","hexamod:SuperheatedStrike+1","hexamod:SuperheatedStrike+1","hexamod:FlamesFromBeyond+1","hexamod:HexaLevel+1","hexamod:WildfireWeapon+1","hubris:Greed","hexamod:PhantomCloak","hexamod:RainOfEmbers+1"],"relics":["hexamod:SpiritBrand","EVO:Axolotl","StSpp:BoiledEgg","Garlic","StSpp:PetrifiedCaterpillar","Replay:Ancient Bell","Pen Nib","Eternal Feather","hubris:MedicalManual","downfall:HeartBlessingGreen","Tiny Chest","Mummified Hand","ReplayFunnel","Orichalcum","Pondfish Scales"],"acts_visited":["Exordium","TheCity"],"potions_floor_usage":[22,33,35,35],"damage_taken":[{"damage":2.0,"enemies":"Jaw Worm","floor":3.0,"turns":3.0},{"damage":0.0,"enemies":"downfall:FleeingMerchant","floor":8.0,"turns":4.0},{"damage":12.0,"enemies":"3 Sentries","floor":11.0,"turns":7.0},{"damage":0.0,"enemies":"Cultist","floor":12.0,"turns":3.0},{"damage":0.0,"enemies":"2 Louse","floor":14.0,"turns":2.0},{"damage":12.0,"enemies":"Blue Slaver","floor":16.0,"turns":3.0},{"damage":0,"enemies":"Large Slime","floor":17,"turns":3},{"damage":29,"enemies":"WA_ARCHETYPE_RETAIN","floor":18,"turns":6},{"damage":0,"enemies":"Chosen","floor":21,"turns":3},{"damage":7,"enemies":"Shell Parasite","floor":22,"turns":6},{"damage":30,"enemies":"Snecko","floor":23,"turns":6},{"damage":1,"enemies":"Centurion and Healer","floor":25,"turns":6},{"damage":12,"enemies":"Shelled Parasite and Fungi","floor":30,"turns":6},{"damage":9,"enemies":"Snake Plant","floor":31,"turns":3},{"damage":0,"enemies":"downfall:FleeingMerchant","floor":32,"turns":4},{"damage":23,"enemies":"Book of Stabbing","floor":33,"turns":4},{"damage":2,"enemies":"Centurion and Healer","floor":34,"turns":5},{"damage":38,"enemies":"SI_MIRROR_ARCHETYPE","floor":35,"turns":8}],"seed_played":"5420002928425725331","potions_obtained":[{"floor":14.0,"key":"Adrenaline Potion"},{"floor":17,"key":"Death Potion"},{"floor":18,"key":"Languid Potion"},{"floor":23,"key":"Weak Potion"},{"floor":33,"key":"StSpp:InhibitionPotion"}],"is_trial":false,"path_per_floor":["R","?","M","?","?","PTL","PTL","$","T","R","E","M","R","M","R","M","M","B",null,"R","M","M","M","?","M","T","?","?","R","M","M","$","E","M","B"],"character_chosen":"THE_SPIRIT","items_purchased":["hexamod:SuperheatedStrike+1","Orichalcum"],"campfire_rested":0,"item_purchase_floors":[8,32],"current_hp_per_floor":[70,70,68,61,61,61,61,68,68,68,56,63,63,63,63,51,58,36,70,70,70,70,47,30,36,36,36,36,48,43,41,48,25,30,0,0,0],"gold":98,"neow_bonus":"ONE_RARE_RELIC","is_daily":false,"chose_seed":false,"campfire_upgraded":6,"win_rate":0.0,"timestamp":1612632939,"path_taken":["R","?","?","?","?","PTL","PTL","$","T","R","E","M","R","M","R","M","M","BOSS","R","M","M","M","?","M","T","?","?","R","?","M","$","E","M","BOSS"],"items_purchased_type":["Card","Relic"],"build_version":"2020-12-22","purchased_purges":1,"victory":false,"max_hp_per_floor":[70,70,70,70,70,70,70,70,70,70,70,70,70,70,70,70,70,70,70,70,70,70,70,70,70,70,70,70,70,70,70,70,70,70,70,70,70],"card_choices":[{"not_picked":["hexamod:NightmareStrike","hexamod:SwordOfDarkness","hexamod:GhostOfSpirePast"],"picked":"SKIP","floor":3.0},{"not_picked":["hexamod:NightmareStrike","hexamod:SwordOfDarkness","hexamod:GhostOfSpirePast"],"picked":"SKIP","floor":3.0},{"not_picked":["hexamod:BurningTouch","hexamod:RecurringNightmare","hexamod:ThermalTransfer"],"picked":"SKIP","floor":8.0},{"not_picked":["hexamod:StepThrough","hexamod:HeatMetal"],"picked":"hexamod:SuperheatedStrike","floor":11.0},{"not_picked":["hexamod:FastForward","hexamod:HauntingEcho","hexamod:PhantomFireball"],"picked":"SKIP","floor":12.0},{"not_picked":["hexamod:GhostOfSpireFuture","hexamod:HeatMetal"],"picked":"hexamod:FlamesFromBeyond","floor":14.0},{"not_picked":["hexamod:BurningTouch","hexamod:CatchUp"],"picked":"hexamod:HexaLevel","floor":16},{"not_picked":["hexamod:SpectersWail","hexamod:StepThrough","hexamod:NightmareGuise"],"picked":"SKIP","floor":17},{"not_picked":["hexamod:TurnItUp","hexamod:ApocalypseNow"],"picked":"hexamod:WildfireWeapon","floor":18},{"not_picked":["downfall:Haunted","ReplayTheSpireMod:Doomed"],"picked":"ReplayTheSpireMod:IOU","floor":19},{"not_picked":["Pain","ReplayTheSpireMod:Doomed"],"picked":"hubris:Despair","floor":19},{"not_picked":["hubris:Disease","hubris:Envy"],"picked":"hubris:Greed","floor":19},{"not_picked":["hexamod:PhantomCloak","hexamod:GhostflameBarrier","hexamod:HeatMetal"],"picked":"SKIP","floor":21},{"not_picked":["hexamod:GhostflameBarrier","hexamod:HeatMetal"],"picked":"hexamod:PhantomCloak","floor":21},{"not_picked":["hexamod:InspiringFlames+1","hexamod:SwordOfDarkness","hexamod:BacktrackSmack"],"picked":"SKIP","floor":22},{"not_picked":["hexamod:ThirdSeal","hexamod:PowerFromBeyond","hexamod:GhostShield"],"picked":"SKIP","floor":23},{"not_picked":["hexamod:ThirdSeal","hexamod:PowerFromBeyond","hexamod:GhostShield"],"picked":"SKIP","floor":23},{"not_picked":["hexamod:DynamicBlow","hexamod:GhostShield"],"picked":"hexamod:RainOfEmbers+1","floor":24},{"not_picked":["hexamod:HeatMetal","hexamod:BacktrackSmack","hexamod:GhostShield"],"picked":"SKIP","floor":25},{"not_picked":["hexamod:HeatCrush","hexamod:TimeWarp","hexamod:PowerFromBeyond"],"picked":"SKIP","floor":30},{"not_picked":["hexamod:GhostShield","hexamod:SpectersWail","hexamod:HauntingEcho+1"],"picked":"SKIP","floor":31},{"not_picked":["hexamod:GhostLash+1","hexamod:EmpoweredFlame","hexamod:AdvancingGuard"],"picked":"SKIP","floor":32},{"not_picked":["hexamod:NightmareStrike","hexamod:NecessarySacrifice","hexamod:ThermalTransfer"],"picked":"SKIP","floor":33},{"not_picked":["hexamod:Firestarter","hexamod:SuperheatedStrike","hexamod:GhostOfSpireFuture"],"picked":"SKIP","floor":34}],"player_experience":1637976,"relics_obtained":[{"floor":9.0,"key":"Garlic"},{"floor":11.0,"key":"StSpp:PetrifiedCaterpillar"},{"floor":24,"key":"Tiny Chest"},{"floor":26,"key":"Mummified Hand"},{"floor":33,"key":"Pondfish Scales"}],"event_choices":[],"is_beta":false,"boss_relics":[{"not_picked":["ReplayTheSpireMod:DimensionalGlitch","StSpp:CrystalBall"],"picked":"Replay:Ancient Bell"},{"not_picked":["Ancient Tea Set","Lantern"],"picked":"Pen Nib"},{"not_picked":["Slimebound:PreparedRelic","hubris:SphereOfDissonance"],"picked":"Eternal Feather"},{"not_picked":["Incense Burner","hubris:Potato"],"picked":"hubris:MedicalManual"}],"items_purged_floors":[32],"is_endless":false,"potions_floor_spawned":[14,17,18,23,33,34],"killed_by":"SI_MIRROR_ARCHETYPE","ascension_level":4}}