{"host":"mnpd8gh7cwxsn5kh","time":1612625480,"event":{"mods":["BaseMod","Bestiary","Block Reminder","Colored Map","Colored Powertips","Highlight Path","Minty Spire (QoL Compilation)","Relic Sorter","Relic Stats"],"gold_per_floor":[13,13,33,33,208,252,280,280,280],"floor_reached":8,"language":"ENG","playtime":527,"items_purged":[],"score":81,"play_id":"a7580c82-6bc3-4b00-aba0-1e90b5902dd9","local_time":"20210206163120","is_ascension_mode":true,"campfire_choices":[],"circlet_count":0,"master_deck":["AscendersBane","Strike_G","Strike_G","Strike_G","Strike_G","Defend_G","Defend_G","Defend_G","Defend_G","Survivor","Neutralize","Endless Agony","Prepared","Poisoned Stab","PiercingWail","Doubt","Flying Knee","Blur"],"relics":["Ring of the Snake","Golden Idol","Vajra","Odd Mushroom"],"acts_visited":["Exordium"],"potions_floor_usage":[6,6],"damage_taken":[{"damage":0,"enemies":"Jaw Worm","floor":1,"turns":3},{"damage":0,"enemies":"2 Louse","floor":3,"turns":2},{"damage":16,"enemies":"Lagavulin","floor":6,"turns":5},{"damage":13,"enemies":"The Mushroom Lair","floor":7,"turns":4},{"damage":42,"enemies":"Gremlin Nob","floor":8,"turns":5}],"seed_played":"-5197149150596157582","potions_obtained":[{"floor":1,"key":"Fire Potion"},{"floor":3,"key":"Poison Potion"}],"is_trial":false,"path_per_floor":["M","?","M","$","?","E","?","E"],"character_chosen":"THE_SILENT","items_purchased":[],"campfire_rested":0,"item_purchase_floors":[],"current_hp_per_floor":[63,63,63,63,63,47,34,0,0],"gold":280,"neow_bonus":"TRANSFORM_TWO_CARDS","is_daily":false,"chose_seed":false,"campfire_upgraded":0,"win_rate":0.0,"timestamp":1612625480,"path_taken":["M","?","M","$","?","E","?","E"],"items_purchased_type":[],"build_version":"2020-12-22","purchased_purges":0,"victory":false,"max_hp_per_floor":[70,65,65,65,65,65,65,65,65],"relic_stats":{"counters":[5,19],"Golden Idol":19,"obtain_stats":[{"Golden Idol":2,"Vajra":6,"Odd Mushroom":7,"Ring of the Snake":0},{"Golden Idol":1,"Vajra":3,"Odd Mushroom":4,"Ring of the Snake":0},{"Golden Idol":3,"Vajra":10,"Odd Mushroom":14,"Ring of the Snake":0}],"Ring of the Snake":[11]},"card_choices":[{"not_picked":["Heel Hook","Choke"],"picked":"Poisoned Stab","floor":1},{"not_picked":["Blur","Dagger Throw"],"picked":"PiercingWail","floor":3},{"not_picked":["A Thousand Cuts","Flechettes"],"picked":"Flying Knee","floor":6},{"not_picked":["Tactician","Riddle With Holes"],"picked":"Blur","floor":7}],"player_experience":345048,"relics_obtained":[{"floor":6,"key":"Vajra"},{"floor":7,"key":"Odd Mushroom"}],"event_choices":[{"damage_healed":0,"gold_gain":0,"player_choice":"Lose Max HP","damage_taken":0,"relics_obtained":["Golden Idol"],"max_hp_gain":0,"max_hp_loss":5,"event_name":"Golden Idol","floor":2,"gold_loss":0},{"damage_healed":0,"gold_gain":175,"player_choice":"AGREE","damage_taken":0,"max_hp_gain":0,"max_hp_loss":0,"event_name":"Liars Game","floor":5,"gold_loss":0,"cards_obtained":["Doubt"]},{"damage_healed":0,"gold_gain":0,"player_choice":"Fought Mushrooms","damage_taken":0,"max_hp_gain":0,"max_hp_loss":0,"event_name":"Mushrooms","floor":7,"gold_loss":0}],"is_beta":false,"boss_relics":[],"items_purged_floors":[],"is_endless":false,"potions_floor_spawned":[1,3],"killed_by":"Gremlin Nob","ascension_level":10}}