{"host":"opg65mucj6ra7dr1","time":1612615815,"event":{"mods":["BaseMod","DeckTracker","Keyboard Shortcuts","Minty Spire (QoL Compilation)","Permanent Neow","Quick Restart","everything is the same but u backflip on backflip"],"gold_per_floor":[111,127,127,146,163,189,189,214,264,280,50,50,50],"floor_reached":12,"language":"KOR","playtime":584,"items_purged":["Strike_G"],"score":135,"play_id":"9e7b229f-b547-429b-9aff-0d6e6635474d","local_time":"20210206215015","is_ascension_mode":true,"campfire_choices":[{"data":"Choke","floor":7,"key":"SMITH"}],"circlet_count":0,"master_deck":["AscendersBane","Strike_G","Strike_G","Strike_G","Strike_G","Defend_G","Defend_G","Defend_G","Defend_G","Defend_G","Survivor","Neutralize","Poisoned Stab","Dagger Throw","Poisoned Stab","Calculated Gamble","Choke+1","Dagger Throw"],"relics":["Ring of the Snake","White Beast Statue","Sundial","Toy Ornithopter","Lantern"],"acts_visited":["Exordium"],"potions_floor_usage":[6,8,8,12,12],"damage_taken":[{"damage":0,"enemies":"Cultist","floor":1,"turns":4},{"damage":2,"enemies":"Jaw Worm","floor":2,"turns":4},{"damage":4,"enemies":"Small Slimes","floor":4,"turns":3},{"damage":15,"enemies":"2 Fungi Beasts","floor":5,"turns":4},{"damage":12,"enemies":"Lagavulin","floor":6,"turns":5},{"damage":18,"enemies":"Gremlin Nob","floor":8,"turns":3},{"damage":10,"enemies":"Exordium Wildlife","floor":10,"turns":5},{"damage":10,"enemies":"3 Sentries","floor":12,"turns":4}],"seed_played":"820362975150053205","potions_obtained":[{"floor":1,"key":"AttackPotion"},{"floor":5,"key":"Fire Potion"},{"floor":6,"key":"LiquidMemories"},{"floor":8,"key":"ColorlessPotion"},{"floor":10,"key":"DistilledChaos"}],"is_trial":false,"path_per_floor":["M","M","?","M","M","E","R","E","T","M","$","E"],"character_chosen":"THE_SILENT","items_purchased":["Lantern"],"campfire_rested":0,"item_purchase_floors":[11],"current_hp_per_floor":[63,61,61,57,42,30,30,12,12,2,2,2,2],"gold":50,"neow_bonus":"THREE_CARDS","is_daily":false,"chose_seed":false,"campfire_upgraded":1,"win_rate":0.0,"timestamp":1612615815,"path_taken":["M","?","?","M","M","E","R","E","T","M","$","E"],"items_purchased_type":["Relic"],"build_version":"2020-12-22","purchased_purges":1,"victory":false,"max_hp_per_floor":[70,70,70,70,70,70,70,70,70,70,70,70,70],"card_choices":[{"not_picked":["Masterful Stab","Deadly Poison"],"picked":"Poisoned Stab","floor":0},{"not_picked":["Heel Hook","Outmaneuver"],"picked":"Dagger Throw","floor":1},{"not_picked":["Expertise","Underhanded Strike"],"picked":"Poisoned Stab","floor":2},{"not_picked":["Sucker Punch","Cloak And Dagger","Concentrate"],"picked":"SKIP","floor":4},{"not_picked":["Cloak And Dagger","PiercingWail"],"picked":"Calculated Gamble","floor":5},{"not_picked":["Escape Plan","Distraction"],"picked":"Choke","floor":6},{"not_picked":["Terror","Masterful Stab"],"picked":"Dagger Throw","floor":8},{"not_picked":["Cloak And Dagger","Bane","Storm of Steel"],"picked":"SKIP","floor":10}],"player_experience":166626,"relics_obtained":[{"floor":6,"key":"White Beast Statue"},{"floor":8,"key":"Sundial"},{"floor":9,"key":"Toy Ornithopter"}],"event_choices":[{"damage_healed":0,"gold_gain":0,"player_choice":"Ignored","damage_taken":0,"max_hp_gain":0,"max_hp_loss":0,"event_name":"Liars Game","floor":3,"gold_loss":0}],"is_beta":false,"boss_relics":[],"items_purged_floors":[11],"is_endless":false,"potions_floor_spawned":[1,5,6,8,10],"killed_by":"3 Sentries","ascension_level":10}}