{"host":"35zd3rg5hdduwuuo","time":1612626995,"event":{"mods":["Arknights","BaseMod","Friendly Minions","Kiyohime（清姬）","Marisa（F雨　魔理沙）","Minty Spire (QoL Compilation)","MostiFishMod","Prisma Mod","Remilia（蕾米莉亚）","Replay The Spire","StSLib","Td1madao Mod","The Animator","The Servant 0.9.4","Waifu the Spire","WarShipGirlsR/战舰少女R mod","Yakumo Yukari mod","Yohane!","Yuyuko"],"gold_per_floor":[110,110,60,72,82,82,94,110,110,110,125,125,125,143,143,274,274,294,294,294,310,310,310,325,353,353,353,408,408,420,449,4,38,38,134,134,148,161,161,178,195,195,50,64,64,64,77,95,95,111,111,111,111,111,36,68,68],"floor_reached":58,"language":"ZHS","playtime":3786,"items_purged":[],"score":1213,"play_id":"070e59c6-0035-4456-920b-48b4159261e4","local_time":"20210206235635","is_ascension_mode":false,"campfire_choices":[{"data":"ats:Serious Mode","floor":6,"key":"SMITH"},{"data":"ats:Armor Crushing Shot","floor":13,"key":"SMITH"},{"floor":15,"key":"REST"},{"data":"ats:Rapid Magazine","floor":26,"key":"SMITH"},{"data":"ats:Ambush","floor":29,"key":"SMITH"},{"floor":34,"key":"DIG"},{"data":"ats:Flexible Camouflage","floor":42,"key":"SMITH"},{"floor":51,"key":"RECALL"}],"circlet_count":0,"master_deck":["ats:Strike G","ats:Strike S","ats:Armor Crushing Shot+1","ats:Defend","ats:Explosion Area Strengthen","ats:Serious Mode+1","ats:Powerful Strike","ats:Ambush+1","CurseOfTheBell","ats:Consecutive Shot Auto","ats:Poison Spread","ats:Flexible Camouflage+1","ats:Poison Spread+1","ats:True Silver Slash","ats:Nebulous Foxfire","ats:Hammer On+1","ats:Poison Spread+1","ats:Neurotoxin+1","Lust_TH","ats:Cat Scratch","ats:Durian"],"relics":["ats:Sanity","DaveBox","SynthV:C4","SynthV:TestCard","White Beast Statue","Bloody Idol","Calling Bell","Replay:Rubber Ducky","Gremlin Horn","CaptainsWheel","ats:Originium","Ancient Tea Set","Ring of Fangs","ReplayTheSpireMod:Ring of Addiction","Chameleon Ring","Potion Belt","Blood Vial","Lizard Tail","OriginationStaff","MostiFishMod:AdaptiveDefenses","Strawberry","Simple Rune","SacredBark","Toy Ornithopter","ReplayTheSpireMod:CursedCoin","Bag of Preparation"],"acts_visited":["Exordium","TheCity","TheBeyond","TheEnding"],"potions_floor_usage":[11,11,11,16,16,16,24,24,25,25,31,33,35,35,35,35,37,41,48,50,52,52,52,52,54,56,57,57,57,57,57],"damage_taken":[{"damage":8,"enemies":"Cultist","floor":1,"turns":5},{"damage":8,"enemies":"Small Slimes","floor":4,"turns":4},{"damage":10,"enemies":"Jaw Worm","floor":5,"turns":4},{"damage":0,"enemies":"2 Fungi Beasts","floor":7,"turns":2},{"damage":6,"enemies":"Exordium Thugs","floor":8,"turns":3},{"damage":0,"enemies":"Blue Slaver","floor":11,"turns":1},{"damage":0,"enemies":"2 Fungi Beasts","floor":14,"turns":2},{"damage":23,"enemies":"Fading Forest","floor":16,"turns":11},{"damage":6,"enemies":"Spheric Guardian","floor":18,"turns":4},{"damage":4,"enemies":"2 Thieves","floor":21,"turns":2},{"damage":21,"enemies":"Centurion and Healer","floor":24,"turns":4},{"damage":24,"enemies":"Book of Stabbing","floor":25,"turns":3},{"damage":0,"enemies":"Chosen and Byrds","floor":30,"turns":3},{"damage":0,"enemies":"Gremlin Leader","floor":31,"turns":4},{"damage":31,"enemies":"Slavers","floor":33,"turns":3},{"damage":51,"enemies":"Champ","floor":35,"turns":9},{"damage":0,"enemies":"3 Shapes","floor":37,"turns":2},{"damage":3,"enemies":"Orb Walker","floor":38,"turns":4},{"damage":16,"enemies":"Transient","floor":40,"turns":5},{"damage":12,"enemies":"Sphere and 2 Shapes","floor":41,"turns":4},{"damage":0,"enemies":"Writhing Mass","floor":44,"turns":4},{"damage":0,"enemies":"3 Darklings","floor":47,"turns":2},{"damage":11,"enemies":"Spire Growth","floor":48,"turns":5},{"damage":0,"enemies":"4 Shapes","floor":50,"turns":2},{"damage":24,"enemies":"Awakened One","floor":52,"turns":5},{"damage":26,"enemies":"Shield and Spear","floor":56,"turns":6},{"damage":35,"enemies":"The Heart","floor":57,"turns":6}],"seed_played":"832881715504620338","potions_obtained":[{"floor":1,"key":"Explosive Potion"},{"floor":5,"key":"ats:Emergency Sanity Potion"},{"floor":8,"key":"EntropicBrew"},{"floor":16,"key":"BlessingOfTheForge"},{"floor":18,"key":"AttackPotion"},{"floor":21,"key":"DuplicationPotion"},{"floor":24,"key":"Energy Potion"},{"floor":25,"key":"FearPotion"},{"floor":27,"key":"ColorlessPotion"},{"floor":27,"key":"Languid Potion"},{"floor":27,"key":"Block Potion"},{"floor":30,"key":"Venom Potion"},{"floor":31,"key":"FearPotion"},{"floor":33,"key":"Weak Potion"},{"floor":35,"key":"Fire Potion"},{"floor":37,"key":"ats:Top Emergency Sanity Potion"},{"floor":38,"key":"Toxic Potion"},{"floor":40,"key":"LiquidBronze"},{"floor":41,"key":"Elixir"},{"floor":44,"key":"Fire Potion"},{"floor":47,"key":"Elixir"},{"floor":48,"key":"Swift Potion"},{"floor":50,"key":"Cursed Concoction"},{"floor":54,"key":"Strength Potion"},{"floor":54,"key":"Fruit Juice"},{"floor":56,"key":"Venom Potion"}],"is_trial":false,"path_per_floor":["M","?","?","M","M","R","M","M","T","?","M","?","R","M","R","B",null,"M","?","?","M","PTL","PTL","M","E","R","?","T","R","M","E","$","E","R","B",null,"M","M","?","M","M","R","$","M","T","?","M","M","?","M","R","B",null,"R","$","E","B",null],"character_chosen":"DOCTOR_CLASS","items_purchased":["OriginationStaff","MostiFishMod:AdaptiveDefenses","Toy Ornithopter","ReplayTheSpireMod:CursedCoin","ats:Cat Scratch","Fire Potion","Milkshake","Toxic Potion"],"campfire_rested":1,"item_purchase_floors":[32,32,43,55,55,55,55,55],"current_hp_per_floor":[43,43,43,35,25,25,25,19,19,19,19,19,19,19,39,27,67,61,61,61,67,67,67,51,32,32,32,37,37,44,51,51,46,46,16,72,72,72,72,71,65,65,65,70,68,65,65,58,58,63,63,42,63,78,78,66,48],"gold":68,"neow_bonus":"REMOVE_TWO","is_daily":false,"chose_seed":false,"campfire_upgraded":5,"win_rate":0.0,"timestamp":1612626995,"path_taken":["M","?","?","M","M","R","M","M","T","?","?","?","R","M","R","BOSS","M","?","?","M","PTL","PTL","?","E","R","?","T","R","M","E","$","E","R","BOSS","M","M","?","M","M","R","?","M","T","?","M","?","?","M","R","BOSS","R","$","E","BOSS"],"items_purchased_type":["Relic","Relic","Relic","Relic","Card","Potion","Potion","Potion"],"build_version":"2020-12-22","purchased_purges":0,"victory":true,"max_hp_per_floor":[72,72,72,72,72,72,72,72,72,67,67,67,67,67,67,67,67,67,67,67,67,67,67,67,67,67,67,67,67,67,65,65,72,72,72,72,72,72,72,72,70,70,70,70,68,65,65,63,63,63,63,63,63,78,78,78,78],"card_choices":[{"not_picked":["ats:Song Of Battle","ats:Sunburst","ats:LN2 Cannon"],"picked":"SKIP","floor":1},{"not_picked":["ats:Literary Storm","ats:Ignite","ats:Flexible Camouflage","ats:Leaping Hammer"],"picked":"ats:Explosion Area Strengthen","floor":4},{"not_picked":["ats:Mental Burst","ats:Powerful Strike","ats:Hammer On","ats:Apocalypse"],"picked":"ats:Serious Mode","floor":5},{"not_picked":["ats:Chain Hook","ats:Hook Shot","ats:Hammer On","ats:Disruption Kick"],"picked":"ats:Powerful Strike","floor":7},{"not_picked":["ats:Shell Defense","ats:Powerful Strike","ats:Blood Oath","ats:Consecutive Shot Auto","ats:Guard Mode"],"picked":"SKIP","floor":8},{"not_picked":["ats:Encircling Forest","ats:Guard Mode","ats:Poison Spread","ats:Hammer On","ats:Apocalypse"],"picked":"SKIP","floor":11},{"not_picked":["ats:Very Hot Blade","ats:Leaping Hammer","ats:Sunburst","ats:Volcano","ats:Assault Order"],"picked":"SKIP","floor":14},{"not_picked":["ats:Durian","ats:Rat Pack","ats:Dogmatic Field","ats:Shadow Assault"],"picked":"ats:Ambush","floor":16},{"not_picked":["ats:Assault Order","ats:Curse Doll","ats:Apocalypse","ats:Guard Mode"],"picked":"ats:Consecutive Shot Auto","floor":18},{"not_picked":["ats:Absolute Focus+1","ats:Assault Order","ats:Composite Medical Shells","ats:Guard Mode","ats:Closed Bolt Burst Fire"],"picked":"SKIP","floor":21},{"not_picked":["ats:Charging Defense","ats:Blood Oath+1","ats:Very Hot Blade+1","ats:Healing Drone+1"],"picked":"ats:Rapid Magazine","floor":24},{"not_picked":["ats:Magnetic Hammer","ats:Closed Bolt Burst Fire","ats:Apocalypse","ats:Assault Order+1"],"picked":"ats:Poison Spread","floor":25},{"not_picked":["ats:Cat Scratch","ats:Assault Order","ats:Closed Bolt Burst Fire+1","ats:Blood Oath"],"picked":"ats:Flexible Camouflage","floor":30},{"not_picked":["ats:Sunburst+1","ats:Cat Scratch","ats:Composite Medical Shells+1","ats:Assault Order"],"picked":"ats:Poison Spread+1","floor":31},{"not_picked":["ats:Rapid Magazine","ats:Ignite+1","ats:Spore Proliferation","ats:Curse Doll"],"picked":"ats:True Silver Slash","floor":33},{"not_picked":["ats:Ambush","ats:Shadow Assault","ats:Roar Of Ursus","ats:Fractured Body"],"picked":"ats:Nebulous Foxfire","floor":35},{"not_picked":["ats:Apocalypse+1","ats:Guard Mode+1","ats:Cat Scratch+1","ats:Very Hot Blade+1"],"picked":"ats:Hammer On+1","floor":37},{"not_picked":["ats:Ignite+1","ats:Powerful Strike+1","ats:Absolute Focus+1","ats:Encircling Forest","ats:Poison Spread"],"picked":"SKIP","floor":38},{"not_picked":["ats:Consecutive Shot Auto","ats:Leaping Hammer","ats:Flame Of Heaven+1","ats:Explosion Area Strengthen+1","ats:True Silver Slash"],"picked":"SKIP","floor":40},{"not_picked":["ats:Beaten Up+1","ats:Very Hot Blade+1","ats:Healing Strengthening+1","ats:Closed Bolt Burst Fire+1"],"picked":"ats:Neurotoxin+1","floor":41},{"not_picked":["ats:Assault Order","ats:Closed Bolt Burst Fire+1","ats:Literary Storm+1","ats:Defend Order","ats:Very Hot Blade"],"picked":"SKIP","floor":44},{"not_picked":["ats:Sunburst+1","ats:Hammer On","ats:Explosion Area Strengthen+1","ats:Spore Proliferation+1","ats:Part Time Job"],"picked":"SKIP","floor":47},{"not_picked":["ats:Composite Medical Shells","ats:Poison Spread+1","ats:Explosion Area Strengthen+1","ats:Soul Absorption+1","ats:Absolute Focus+1"],"picked":"SKIP","floor":48},{"not_picked":["ats:Leaping Hammer","ats:Poison Spread","ats:Flexible Camouflage+1","ats:Sashimi Platter","ats:Defend Order+1"],"picked":"SKIP","floor":50},{"not_picked":["ats:Defend Order+1","ats:Shell Defense+1","ats:Blood Oath","ats:Healing Drone+1"],"picked":"ats:Durian","floor":56}],"player_experience":79408,"relics_obtained":[{"floor":1,"key":"SynthV:TestCard"},{"floor":9,"key":"White Beast Statue"},{"floor":17,"key":"Replay:Rubber Ducky"},{"floor":17,"key":"Gremlin Horn"},{"floor":17,"key":"CaptainsWheel"},{"floor":25,"key":"ats:Originium"},{"floor":25,"key":"Ancient Tea Set"},{"floor":27,"key":"Ring of Fangs"},{"floor":27,"key":"ReplayTheSpireMod:Ring of Addiction"},{"floor":27,"key":"Chameleon Ring"},{"floor":27,"key":"Potion Belt"},{"floor":28,"key":"Blood Vial"},{"floor":31,"key":"ats:Originium"},{"floor":31,"key":"Lizard Tail"},{"floor":33,"key":"ats:Originium"},{"floor":33,"key":"Strawberry"},{"floor":34,"key":"Simple Rune"},{"floor":56,"key":"ats:Originium"},{"floor":56,"key":"Bag of Preparation"}],"event_choices":[{"cards_removed":["ats:Defend"],"damage_healed":0,"gold_gain":0,"player_choice":"Forget","damage_taken":0,"max_hp_gain":0,"max_hp_loss":0,"event_name":"Living Wall","floor":2,"gold_loss":0},{"cards_removed":["ats:Strike C"],"damage_healed":0,"gold_gain":0,"player_choice":"Card Removal","damage_taken":0,"max_hp_gain":0,"max_hp_loss":0,"event_name":"The Cleric","floor":3,"gold_loss":50},{"damage_healed":0,"gold_gain":0,"player_choice":"Lose Max HP","damage_taken":0,"relics_obtained":["Golden Idol"],"max_hp_gain":0,"max_hp_loss":5,"event_name":"Golden Idol","floor":10,"gold_loss":0},{"cards_removed":["ats:Defend"],"damage_healed":0,"gold_gain":0,"player_choice":"Offered Basic","damage_taken":0,"max_hp_gain":0,"max_hp_loss":0,"event_name":"Bonfire Elementals","floor":12,"gold_loss":0},{"damage_healed":0,"gold_gain":0,"player_choice":"Gave Idol","damage_taken":0,"relics_obtained":["Bloody Idol"],"max_hp_gain":0,"max_hp_loss":0,"event_name":"Forgotten Altar","floor":19,"relics_lost":["Golden Idol"],"gold_loss":0},{"cards_removed":["ats:Defend"],"damage_healed":0,"gold_gain":0,"player_choice":"Elegance","damage_taken":0,"max_hp_gain":0,"max_hp_loss":0,"event_name":"Back to Basics","floor":20,"gold_loss":0},{"damage_healed":0,"gold_gain":0,"player_choice":"Copied","damage_taken":0,"max_hp_gain":0,"max_hp_loss":0,"event_name":"Duplicator","floor":39,"gold_loss":0,"cards_obtained":["ats:Poison Spread"]},{"cards_removed":["Parasite"],"damage_healed":0,"gold_gain":0,"player_choice":"Removed Curses","damage_taken":0,"max_hp_gain":0,"max_hp_loss":0,"event_name":"Fountain of Cleansing","floor":46,"gold_loss":0},{"cards_removed":["ats:Rapid Magazine"],"damage_healed":0,"gold_gain":0,"player_choice":"Removed Power","damage_taken":0,"max_hp_gain":0,"max_hp_loss":0,"event_name":"Falling","floor":49,"gold_loss":0}],"is_beta":false,"boss_relics":[{"not_picked":["Astrolabe","Velvet Choker"],"picked":"Calling Bell"},{"not_picked":["GreenFoldingFan","ChewingGum"],"picked":"SacredBark"}],"items_purged_floors":[],"is_endless":false,"potions_floor_spawned":[1,5,8,11,14,16,18,21,24,25,30,31,33,35,37,38,40,41,44,47,48,50,56],"ascension_level":0}}