{"host":"at5b10nm0iti0w4x","time":1612634628,"event":{"mods":["AchievementEnabler","BaseMod","Bestiary","Block Reminder","Colored Map","Colored Powertips","Highlight Path","Keyboard Shortcuts","Minty Spire (QoL Compilation)","Relic Stats","StSLib","SuperFastMode"],"gold_per_floor":[115,135,135,150,170,170,170],"floor_reached":6,"language":"ENG","playtime":294,"items_purged":[],"score":38,"play_id":"ffd6c589-0e4b-4667-b179-5da2c39714d0","local_time":"20210206130348","is_ascension_mode":false,"campfire_choices":[],"circlet_count":0,"master_deck":["Strike_G","Strike_G","Strike_G","Strike_G","Strike_G","Defend_G","Defend_G","Defend_G","Defend_G","Defend_G","Survivor","Neutralize","CurseOfTheBell","Catalyst","Blade Dance","Crippling Poison","Deadly Poison"],"relics":["Calling Bell","Bronze Scales","Blue Candle","StoneCalendar","Golden Idol"],"acts_visited":["Exordium"],"potions_floor_usage":[5,6,6],"damage_taken":[{"damage":0,"enemies":"2 Louse","floor":1,"turns":2},{"damage":6,"enemies":"Jaw Worm","floor":2,"turns":6},{"damage":3,"enemies":"Small Slimes","floor":4,"turns":3},{"damage":13,"enemies":"Exordium Thugs","floor":5,"turns":4},{"damage":47,"enemies":"Gremlin Nob","floor":6,"turns":4}],"seed_played":"-4338899512704807146","potions_obtained":[{"floor":1,"key":"Explosive Potion"},{"floor":2,"key":"LiquidMemories"},{"floor":5,"key":"Strength Potion"}],"is_trial":false,"path_per_floor":["M","M","?","M","M","E"],"character_chosen":"THE_SILENT","items_purchased":[],"campfire_rested":0,"item_purchase_floors":[],"current_hp_per_floor":[70,64,47,44,31,0,0],"gold":170,"neow_bonus":"BOSS_RELIC","is_daily":false,"chose_seed":false,"campfire_upgraded":0,"win_rate":0.0,"timestamp":1612634628,"path_taken":["M","M","?","M","M","E"],"items_purchased_type":[],"build_version":"2020-12-22","purchased_purges":0,"victory":false,"max_hp_per_floor":[70,70,70,70,70,70,70],"relic_stats":{"counters":[5,19],"Golden Idol":7,"Bronze Scales":[39],"Blue Candle":[3],"StoneCalendar":[0],"obtain_stats":[{"Calling Bell":0,"Golden Idol":3,"Bronze Scales":0,"Blue Candle":0,"StoneCalendar":0,"Ring of the Snake":0},{"Calling Bell":0,"Golden Idol":2,"Bronze Scales":0,"Blue Candle":0,"StoneCalendar":0,"Ring of the Snake":0},{"Calling Bell":0,"Golden Idol":8,"Bronze Scales":0,"Blue Candle":0,"StoneCalendar":0,"Ring of the Snake":0}]},"card_choices":[{"not_picked":["Endless Agony","Prepared"],"picked":"Catalyst","floor":1},{"not_picked":["Prepared","Underhanded Strike"],"picked":"Blade Dance","floor":2},{"not_picked":["Eviscerate","Dagger Spray"],"picked":"Crippling Poison","floor":4},{"not_picked":["PiercingWail","Cloak And Dagger"],"picked":"Deadly Poison","floor":5}],"player_experience":41514,"relics_obtained":[{"floor":0,"key":"Bronze Scales"},{"floor":0,"key":"Blue Candle"},{"floor":0,"key":"StoneCalendar"}],"event_choices":[{"damage_healed":0,"gold_gain":0,"player_choice":"Take Damage","damage_taken":17,"relics_obtained":["Golden Idol"],"max_hp_gain":0,"max_hp_loss":0,"event_name":"Golden Idol","floor":3,"gold_loss":0}],"is_beta":false,"boss_relics":[],"items_purged_floors":[],"is_endless":false,"potions_floor_spawned":[1,2,5],"killed_by":"Gremlin Nob","ascension_level":0}}