{"host":"xiain65d2hovry7l","time":1612571665,"event":{"mods":["2.2 Compatiblity","Act Like it!","BaseMod","Better Match","Better Note","BetterRewards","Challenge The Spire","Colored Map","Colored Powertips","Downfall","Faster Ascension Climbing","Friendly Minions","Gremlin Mod","Highlight Path","Mimic Mod","Minty Spire (QoL Compilation)","Relic Sorter","Remilia??????","StSLib","The Administrix","The Construct","The Necromancer","The Servant 0.9.4","Unknown Chances"],"gold_per_floor":[99,115,127,146,162,62,98,98,98,131,131,161,61,161,176,276,276,276,292,307,407,477,477,477,496,546,559,559,577,119,136,156,257,257,257,270,320,231,281,383,383,397,447,497,509,526,556,456,474,474,474,503,40,40,40,40],"floor_reached":57,"language":"ENG","playtime":8564,"items_purged":["Guardian:Defend_Guardian","Guardian:Defend_Guardian","Guardian:Strike_Guardian"],"score":1819,"play_id":"9a7fd406-faa3-4986-8b2d-09e5ae4a026d","local_time":"20210206013425","is_ascension_mode":true,"campfire_choices":[{"floor":1,"key":"RECALL"},{"data":"Guardian:TwinSlam","floor":6,"key":"SMITH"},{"data":"Guardian:ConstructionForm","floor":9,"key":"SMITH"},{"data":"Guardian:BaubleBeam","floor":13,"key":"SMITH"},{"floor":18,"key":"DIG"},{"data":"Guardian:BaubleBeam","floor":23,"key":"SMITH"},{"floor":28,"key":"DIG"},{"data":"Mayhem","floor":35,"key":"SMITH"},{"data":"Guardian:TemporalShield","floor":48,"key":"SMITH"},{"data":"Guardian:FloatingOrbs","floor":54,"key":"SMITH"}],"circlet_count":0,"master_deck":["AscendersBane","Guardian:Strike_Guardian","Guardian:Defend_Guardian","Guardian:Defend_Guardian","Guardian:CurlUp","Guardian:TwinSlam+1","Guardian:BronzeOrb","Guardian:ConstructionForm+1","Guardian:ShieldCharger","Guardian:BaubleBeam+1","Guardian:Planning+1","Guardian:VentSteam+1","Guardian:BaubleBeam+1","Guardian:TemporalShield+1","Mayhem+1","Guardian:PiercingHide+1","Guardian:PiercingHide","Guardian:EvasiveProtocol+1","Guardian:FloatingOrbs+1","expansioncontent:AwakenDeath"],"relics":["Cursed Key","downfall:HeartBlessingRed","Shovel","Eternal Feather","downfall:HeartBlessingBlue","Coffee Dripper","Tiny Chest","downfall:CloakOfManyFaces","CultistMask","FaceOfCleric","NlothsMask","GremlinMask","SsserpentHead","Bronze Scales","Busted Crown","War Paint","FossilizedHelix","Bag of Marbles","downfall:HeartBlessingGreen","Akabeko","Oddly Smooth Stone"],"acts_visited":["Exordium","TheCity","TheBeyond","TheEnding"],"potions_floor_usage":[16,16,16,30,30,38,38,38,56,56,56],"damage_taken":[{"damage":8,"enemies":"Jaw Worm","floor":2,"turns":4},{"damage":3,"enemies":"2 Louse","floor":3,"turns":3},{"damage":0,"enemies":"Cultist","floor":4,"turns":5},{"damage":11,"enemies":"Blue Slaver","floor":5,"turns":4},{"damage":1,"enemies":"Exordium Thugs","floor":7,"turns":9},{"damage":0,"enemies":"Lagavulin","floor":10,"turns":7},{"damage":20,"enemies":"3 Sentries","floor":12,"turns":10},{"damage":3,"enemies":"downfall:Heads","floor":14,"turns":7},{"damage":1,"enemies":"Exordium Thugs","floor":15,"turns":5},{"damage":37,"enemies":"WA_ARCHETYPE_RETAIN","floor":16,"turns":8},{"damage":2,"enemies":"Shell Parasite","floor":19,"turns":4},{"damage":0,"enemies":"Centurion and Healer","floor":20,"turns":6},{"damage":5,"enemies":"downfall:FaceTrader","floor":21,"turns":8},{"damage":14,"enemies":"Snake Plant","floor":22,"turns":5},{"damage":0,"enemies":"Chosen and Byrds","floor":25,"turns":4},{"damage":0,"enemies":"Snecko","floor":27,"turns":5},{"damage":0,"enemies":"Centurion and Healer","floor":29,"turns":4},{"damage":1,"enemies":"downfall:FleeingMerchant","floor":30,"turns":4},{"damage":0,"enemies":"Shelled Parasite and Fungi","floor":31,"turns":4},{"damage":0,"enemies":"Snake Plant","floor":32,"turns":3},{"damage":1,"enemies":"IC_MUSHROOM_ARCHETYPE","floor":33,"turns":8},{"damage":0,"enemies":"3 Shapes","floor":36,"turns":4},{"damage":0,"enemies":"downfall:FleeingMerchant","floor":38,"turns":4},{"damage":17,"enemies":"2 Orb Walkers","floor":40,"turns":5},{"damage":0,"enemies":"Orb Walker","floor":42,"turns":3},{"damage":0,"enemies":"4 Shapes","floor":45,"turns":5},{"damage":0,"enemies":"Transient","floor":46,"turns":5},{"damage":0,"enemies":"Giant Head","floor":47,"turns":8},{"damage":0,"enemies":"Maw","floor":49,"turns":6},{"damage":0,"enemies":"SI_POISON_ARCHETYPE","floor":50,"turns":10},{"damage":0,"enemies":"downfall:CharBossMerchant","floor":52,"turns":10},{"damage":0,"enemies":"downfall:NeowBoss","floor":55,"turns":12},{"damage":39,"enemies":"downfall:NeowBossFinal","floor":56,"turns":9}],"seed_played":"3401927969001576717","potions_obtained":[{"floor":2,"key":"ColorlessPotion"},{"floor":5,"key":"hexamod:SoulburnPotion"},{"floor":12,"key":"Block Potion"},{"floor":16,"key":"Strength Potion"},{"floor":20,"key":"Explosive Potion"},{"floor":22,"key":"AttackPotion"},{"floor":25,"key":"hexamod:SoulburnPotion"},{"floor":27,"key":"Ancient Potion"},{"floor":32,"key":"ColorlessPotion"},{"floor":36,"key":"Guardian:AcceleratePotion"},{"floor":47,"key":"Strength Potion"},{"floor":49,"key":"PowerPotion"},{"floor":52,"key":"GamblersBrew"}],"is_trial":false,"path_per_floor":["R","M","M","M","M","R","MIM","?","R","E","?","E","R","?","M","B",null,"R","M","M","?","M","R","MIM","M","?","M","R","M","$","M","M","B",null,"R","M","T","$","T","?","T","M","T","T","M","M","E","R","M","B",null,"E","$","R","B","B",null],"character_chosen":"GUARDIAN","items_purchased":["Guardian:TemporalShield","Mayhem","Bronze Scales","Guardian:PiercingHide","War Paint","Fruit Juice","Oddly Smooth Stone","Guardian:Gem_Red","Dexterity Potion","expansioncontent:AwakenDeath"],"campfire_rested":0,"item_purchase_floors":[30,30,30,38,38,38,53,53,53,53],"current_hp_per_floor":[72,64,61,61,50,50,49,49,49,49,49,29,48,45,44,7,69,78,76,76,71,58,67,67,68,68,69,78,79,79,80,81,81,94,98,99,99,105,105,89,89,90,90,90,91,92,93,102,103,104,110,111,111,113,114,76],"gold":40,"neow_bonus":"BOSS_RELIC","is_daily":false,"chose_seed":false,"campfire_upgraded":7,"win_rate":0.0,"timestamp":1612571665,"path_taken":["R","M","M","M","M","R","MIM","?","R","E","?","E","R","?","M","BOSS","R","M","M","?","?","R","MIM","M","?","M","R","M","$","M","M","BOSS","R","M","?","$","?","?","T","M","?","?","M","M","E","R","M","BOSS","E","$","R","BOSS","BOSS"],"items_purchased_type":["Card","Card","Relic","Card","Relic","Potion","Relic","Card","Potion","Card"],"build_version":"2020-12-22","purchased_purges":3,"victory":true,"max_hp_per_floor":[80,80,80,80,80,80,80,80,80,80,80,80,90,90,90,90,90,90,90,90,90,91,91,91,92,92,93,93,94,95,96,97,98,98,98,99,99,105,105,106,106,107,107,107,108,109,110,110,111,112,112,113,113,113,114,115],"card_choices":[{"not_picked":["Guardian:ShieldCharger","Guardian:Recover"],"picked":"Guardian:BronzeOrb","floor":2},{"not_picked":["Guardian:Repulse","Guardian:Suspension"],"picked":"Guardian:ConstructionForm","floor":3},{"not_picked":["Guardian:Gem_Cyan","Guardian:Gem_Lightblue"],"picked":"Guardian:ShieldCharger","floor":4},{"not_picked":["Guardian:WalkerClaw","Guardian:PrismaticBeam"],"picked":"Guardian:Gem_White","floor":5},{"not_picked":["Guardian:WalkerClaw","Guardian:ChargeCore"],"picked":"Guardian:Gem_Red","floor":7},{"not_picked":["Guardian:ChargeCore","Guardian:RollAttack"],"picked":"Guardian:BaubleBeam","floor":10},{"not_picked":["Guardian:TemporalShield","Guardian:GuardianWhirl"],"picked":"Guardian:Planning","floor":12},{"not_picked":["Guardian:TemporalStrike","Guardian:Harden"],"picked":"Guardian:VentSteam","floor":14},{"not_picked":["Guardian:Reroute","Guardian:ChargeCore"],"picked":"Guardian:Gem_Lightblue","floor":15},{"not_picked":["Guardian:StasisField","Guardian:GemFinder"],"picked":"Guardian:Gem_Synthetic","floor":16},{"not_picked":["Guardian:Incinerate","Guardian:VentSteam"],"picked":"Guardian:Gem_White","floor":19},{"not_picked":["Guardian:PiercingHide","Guardian:PrimingBeam"],"picked":"Guardian:Gem_Blue","floor":20},{"not_picked":["Guardian:Gem_Fragmented","Guardian:PrimingBeam+1"],"picked":"Guardian:BaubleBeam","floor":21},{"not_picked":["Guardian:SpikerProtocol","Guardian:BodySlam+1","Guardian:ArmoredProtocol+1"],"picked":"SKIP","floor":22},{"not_picked":["Guardian:Incinerate+1","Guardian:Gem_Lightblue"],"picked":"Guardian:Gem_Red","floor":25},{"not_picked":["Guardian:DonusPower","Guardian:TemporalStrike"],"picked":"Guardian:Gem_Cyan","floor":27},{"not_picked":["Guardian:Gem_Cyan","Guardian:Reroute"],"picked":"Guardian:Gem_Orange","floor":29},{"not_picked":["Guardian:TemporalStrike","Guardian:BronzeOrb","Guardian:FierceBash"],"picked":"SKIP","floor":30},{"not_picked":["Guardian:Gem_Crimson","Guardian:CrystalBeam"],"picked":"Guardian:PiercingHide","floor":31},{"not_picked":["Guardian:PrimingBeam","Guardian:BronzeOrb","Guardian:VentSteam"],"picked":"SKIP","floor":32},{"not_picked":["Guardian:Gem_Cyan"],"picked":"SKIP","floor":36},{"not_picked":["Guardian:FuturePlans"],"picked":"SKIP","floor":38},{"not_picked":["Guardian:VentSteam+1"],"picked":"SKIP","floor":42},{"not_picked":[],"picked":"Guardian:EvasiveProtocol+1","floor":45},{"not_picked":["Guardian:ChargeCore+1"],"picked":"SKIP","floor":46},{"not_picked":["Guardian:PiercingHide"],"picked":"SKIP","floor":47},{"not_picked":["Guardian:RefractedBeam"],"picked":"SKIP","floor":49},{"not_picked":[],"picked":"Guardian:FloatingOrbs","floor":52}],"player_experience":727341,"relics_obtained":[{"floor":10,"key":"Shovel"},{"floor":12,"key":"Eternal Feather"},{"floor":18,"key":"Tiny Chest"},{"floor":21,"key":"downfall:CloakOfManyFaces"},{"floor":40,"key":"FossilizedHelix"},{"floor":47,"key":"Bag of Marbles"},{"floor":52,"key":"Akabeko"}],"event_choices":[{"damage_healed":0,"gold_gain":0,"player_choice":"Fight","damage_taken":0,"max_hp_gain":0,"max_hp_loss":0,"event_name":"Mysterious Sphere","floor":40,"gold_loss":0}],"is_beta":false,"boss_relics":[{"not_picked":["SacredBark","Velvet Choker"],"picked":"Coffee Dripper"},{"not_picked":["Fusion Hammer","Guardian:StasisSlotReductionRelic"],"picked":"Busted Crown"}],"items_purged_floors":[30,38,53],"is_endless":false,"potions_floor_spawned":[2,5,12,14,16,20,22,25,27,32,36,47,49,52],"ascension_level":10}}