{"host":"81h68oe4mr04pk3r","time":1612602404,"event":{"mods":["Act Like it!","Aspiration","BaseMod","BetterRewards","Colored Map","Colored Powertips","Conspire","Downfall","Gensokyo","Hallownest","Hermit","Hubris","Infinite Spire","Jorbs\u0027s Wanderer Trilogy","Koishi","Lobotomy","LobotomyExtend","Marisa????????","Minty Spire (QoL Compilation)","Quick Restart","Reimu??????","Remilia??????","StSLib","The Bug Knight","The Construct","The Cursed","The Disciple","The Servant 0.9.4"],"gold_per_floor":[113,58,58,68,84,84,396,416,440,455,471,471,471,490,490,490,490],"floor_reached":16,"language":"ENG","playtime":744,"items_purged":[],"score":96,"play_id":"49e0e494-aa6b-448d-8d1b-fbd34f5316ac","local_time":"20210206010644","is_ascension_mode":false,"campfire_choices":[{"data":"HollowMod:FocusHealStart","floor":6,"key":"SMITH"},{"data":"HollowMod:DesolateDive","floor":12,"key":"SMITH"},{"data":"HollowMod:SoulStrike","floor":15,"key":"SMITH"}],"circlet_count":0,"master_deck":["HollowMod:NailStrikeStart","HollowMod:NailStrikeStart","HollowMod:NailStrikeStart","HollowMod:NailStrikeStart","HollowMod:QuickDashStart","HollowMod:QuickDashStart","HollowMod:QuickDashStart","HollowMod:FocusHealStart+1","HollowMod:PogoStrike","HollowMod:MantisMark+1","HollowMod:AbyssShriek","HollowMod:DescendingDark","HollowMod:ShapeofUnn","HollowMod:GoodIntentions","HollowMod:MonarchWings","HollowMod:DesolateDive+1","HollowMod:SoulStrike+1"],"relics":["HollowMod:VesselMask","aspiration:Nostalgia","Burning Blood","LetterFromLob","aspiration:ChemicalBlood"],"acts_visited":["Gensokyo:Gensokyo"],"potions_floor_usage":[16,16,16,16,16,16],"damage_taken":[{"damage":6,"enemies":"Gensokyo:Gryphon","floor":1,"turns":4},{"damage":6,"enemies":"Gensokyo:3_Fairies","floor":4,"turns":5},{"damage":5,"enemies":"Gensokyo:2_Kodama","floor":5,"turns":3},{"damage":4,"enemies":"Gensokyo:2_Rabbits","floor":7,"turns":4},{"damage":3,"enemies":"Gensokyo:3_Kodama","floor":8,"turns":2},{"damage":5,"enemies":"Gensokyo:VengefulSpirit","floor":10,"turns":3},{"damage":6,"enemies":"Gensokyo:2_Rabbits","floor":11,"turns":3},{"damage":0,"enemies":"Gensokyo:Python_and_Kodama","floor":14,"turns":2},{"damage":94,"enemies":"Gensokyo:Yukari","floor":16,"turns":11}],"seed_played":"-7232013129429657697","potions_obtained":[{"floor":4,"key":"Block Potion"},{"floor":5,"key":"Fire Potion"},{"floor":8,"key":"Dexterity Potion"}],"is_trial":false,"path_per_floor":["M","COS","?","M","M","R","M","M","T","M","M","R","?","M","R","B"],"character_chosen":"THE_BUGKNIGHT","items_purchased":[],"campfire_rested":0,"item_purchase_floors":[],"current_hp_per_floor":[75,75,75,75,75,75,75,75,75,75,75,75,75,75,75,0,0],"gold":490,"neow_bonus":"NOSTALGIA","is_daily":false,"chose_seed":false,"campfire_upgraded":3,"win_rate":0.0,"timestamp":1612602404,"path_taken":["M","COS","?","M","M","R","M","M","T","M","M","R","?","M","R","BOSS"],"items_purchased_type":[],"build_version":"2020-12-22","purchased_purges":0,"victory":false,"max_hp_per_floor":[75,75,75,75,75,75,75,75,75,75,75,75,75,75,75,75,75],"card_choices":[{"not_picked":["HollowMod:TaintedHusks","HollowMod:MawleksShell","HollowMod:GoodIntentions"],"picked":"SKIP","floor":1},{"not_picked":["HollowMod:LifebloodCocoon+1","HollowMod:PureNailStrike+1"],"picked":"HollowMod:MantisMark+1","floor":4},{"not_picked":["HollowMod:SoulEater","HollowMod:DescendingDark"],"picked":"HollowMod:AbyssShriek","floor":4},{"not_picked":["HollowMod:HeavyBlow","HollowMod:SharpenedNail"],"picked":"HollowMod:DescendingDark","floor":5},{"not_picked":["HollowMod:SoulEater","HollowMod:DescendingDark"],"picked":"HollowMod:ShapeofUnn","floor":7},{"not_picked":["HollowMod:ShapeofUnn","HollowMod:Weaversong"],"picked":"HollowMod:GoodIntentions","floor":8},{"not_picked":["HollowMod:SharpenedNail","HollowMod:CycloneSlash"],"picked":"HollowMod:MonarchWings","floor":10},{"not_picked":["HollowMod:SharpenedShadows","HollowMod:AbyssShriek"],"picked":"HollowMod:DesolateDive","floor":11},{"not_picked":["HollowMod:DreamGate","HollowMod:HowlingWraiths"],"picked":"HollowMod:SoulStrike","floor":14}],"player_experience":223549,"relics_obtained":[{"floor":1,"key":"LetterFromLob"},{"floor":9,"key":"aspiration:ChemicalBlood"}],"event_choices":[],"is_beta":false,"boss_relics":[],"items_purged_floors":[],"is_endless":false,"potions_floor_spawned":[4,5,8],"killed_by":"Gensokyo:Yukari","ascension_level":0}}