{"host":"1te4apcktyw9778t","time":1612641641,"event":{"mods":["BaseMod","Colored Powertips","Minty Spire (QoL Compilation)","Relic Stats"],"gold_per_floor":[364,376,376,376,79,79,118,118,118,158,115,133,152,192,192,287,287,287],"floor_reached":17,"language":"ENG","playtime":1133,"items_purged":[],"score":303,"play_id":"1c9d5da0-6fc2-4010-bd21-eda1771812e5","local_time":"20210206150041","is_ascension_mode":true,"campfire_choices":[{"floor":6,"key":"REST"},{"data":"Redo","floor":15,"key":"SMITH"}],"circlet_count":0,"master_deck":["AscendersBane","Strike_B","Strike_B","Strike_B","Strike_B","Defend_B","Defend_B","Defend_B","Defend_B","Zap","Dualcast","Streamline","Go for the Eyes","Self Repair","Darkness","Lockon","Gash","Redo+1","Self Repair+1","Static Discharge+1","Coolheaded","Meteor Strike"],"relics":["Cracked Core","Golden Idol","PreservedInsect","Anchor","Regal Pillow","Frozen Egg 2","Ancient Tea Set","Busted Crown"],"acts_visited":["Exordium","TheCity"],"potions_floor_usage":[16,16],"damage_taken":[{"damage":6,"enemies":"2 Louse","floor":1,"turns":3},{"damage":0,"enemies":"Small Slimes","floor":2,"turns":3},{"damage":25,"enemies":"Lagavulin","floor":7,"turns":6},{"damage":15,"enemies":"3 Sentries","floor":10,"turns":5},{"damage":2,"enemies":"Jaw Worm","floor":12,"turns":2},{"damage":3,"enemies":"Blue Slaver","floor":13,"turns":4},{"damage":7,"enemies":"Gremlin Nob","floor":14,"turns":3},{"damage":43,"enemies":"The Guardian","floor":16,"turns":9}],"seed_played":"-5648448799866287789","potions_obtained":[{"floor":10,"key":"EssenceOfSteel"},{"floor":12,"key":"LiquidMemories"},{"floor":16,"key":"SkillPotion"}],"is_trial":false,"path_per_floor":["M","M","?","?","$","R","E","?","T","E","?","M","M","E","R","B",null],"character_chosen":"DEFECT","items_purchased":["Self Repair","Darkness","Lockon","Gash","Redo"],"campfire_rested":1,"item_purchase_floors":[5,5,5,5,5],"current_hp_per_floor":[40,40,40,29,29,48,23,23,23,15,15,20,34,44,44,18,53,53],"gold":287,"neow_bonus":"TWO_FIFTY_GOLD","is_daily":false,"chose_seed":false,"campfire_upgraded":1,"win_rate":0.0,"timestamp":1612641641,"path_taken":["M","M","?","?","$","R","E","?","T","E","?","M","M","E","R","BOSS"],"items_purchased_type":["Card","Card","Card","Card","Card"],"build_version":"2020-12-22","purchased_purges":0,"victory":false,"max_hp_per_floor":[71,71,64,64,64,64,64,64,64,64,64,64,64,64,64,64,64,64],"relic_stats":{"Regal Pillow":0,"Busted Crown":0,"counters":[8,35],"Golden Idol":51,"PreservedInsect":84,"obtain_stats":[{"Anchor":7,"Regal Pillow":9,"Busted Crown":17,"Golden Idol":3,"PreservedInsect":4,"Frozen Egg 2":10,"Cracked Core":0,"Ancient Tea Set":14},{"Anchor":3,"Regal Pillow":3,"Busted Crown":8,"Golden Idol":2,"PreservedInsect":2,"Frozen Egg 2":4,"Cracked Core":0,"Ancient Tea Set":7},{"Anchor":12,"Regal Pillow":12,"Busted Crown":35,"Golden Idol":6,"PreservedInsect":6,"Frozen Egg 2":17,"Cracked Core":0,"Ancient Tea Set":26}]},"card_choices":[{"not_picked":["Beam Cell","Go for the Eyes"],"picked":"Streamline","floor":1},{"not_picked":["Chill","Rebound"],"picked":"Go for the Eyes","floor":2},{"not_picked":["Steam Power","Heatsinks","FTL"],"picked":"SKIP","floor":7},{"not_picked":["Steam","Rebound"],"picked":"Self Repair+1","floor":10},{"not_picked":["FTL","Beam Cell"],"picked":"Static Discharge+1","floor":12},{"not_picked":["Barrage","Rebound"],"picked":"Coolheaded","floor":13},{"not_picked":["Hello World+1","Sunder","Beam Cell"],"picked":"SKIP","floor":14},{"not_picked":["Machine Learning+1","Seek"],"picked":"Meteor Strike","floor":16}],"player_experience":1105252,"relics_obtained":[{"floor":7,"key":"Anchor"},{"floor":9,"key":"Regal Pillow"},{"floor":10,"key":"Frozen Egg 2"},{"floor":14,"key":"Ancient Tea Set"}],"event_choices":[{"damage_healed":0,"gold_gain":0,"player_choice":"Lose Max HP","damage_taken":0,"relics_obtained":["Golden Idol"],"max_hp_gain":0,"max_hp_loss":7,"event_name":"Golden Idol","floor":3,"gold_loss":0},{"damage_healed":0,"gold_gain":0,"player_choice":"Success","damage_taken":11,"relics_obtained":["PreservedInsect"],"max_hp_gain":0,"max_hp_loss":0,"event_name":"Scrap Ooze","floor":4,"gold_loss":0},{"damage_healed":0,"gold_gain":0,"player_choice":"Ignored","damage_taken":0,"max_hp_gain":0,"max_hp_loss":0,"event_name":"Liars Game","floor":8,"gold_loss":0},{"damage_healed":0,"gold_gain":0,"player_choice":"Left Gold","damage_taken":0,"max_hp_gain":0,"max_hp_loss":0,"event_name":"World of Goop","floor":11,"gold_loss":43}],"is_beta":false,"boss_relics":[{"not_picked":["Tiny House","Fusion Hammer"],"picked":"Busted Crown"}],"items_purged_floors":[],"is_endless":false,"potions_floor_spawned":[10,12,13,16],"ascension_level":15}}