{"host":"d52brwsy6af8zvaq","time":1612577415,"event":{"mods":["AchievementEnabler","BaseMod","Bestiary","Highlight Path","Minty Spire (QoL Compilation)","Quick Restart","Relic Stats","ojb\u0027s Better Paths Mod"],"gold_per_floor":[116,128,6,25,100,100,116,142,142,142,142],"floor_reached":10,"language":"ENG","playtime":1370,"items_purged":[],"score":136,"play_id":"93c9c11b-8c7e-4b30-a027-10fb3240d998","local_time":"20210205191015","is_ascension_mode":true,"campfire_choices":[{"data":"Zap","floor":6,"key":"SMITH"}],"circlet_count":0,"master_deck":["AscendersBane","Strike_B","Strike_B","Strike_B","Strike_B","Defend_B","Defend_B","Defend_B","Defend_B","Zap+1","Dualcast","Coolheaded","Streamline","FTL","Ball Lightning","Turbo","Echo Form"],"relics":["Cracked Core","Strawberry"],"acts_visited":["Exordium"],"potions_floor_usage":[8,8],"damage_taken":[{"damage":2.0,"enemies":"2 Louse","floor":1.0,"turns":4.0},{"damage":10.0,"enemies":"Jaw Worm","floor":2.0,"turns":5.0},{"damage":1,"enemies":"Cultist","floor":4,"turns":3},{"damage":9,"enemies":"Lots of Slimes","floor":7,"turns":4},{"damage":44,"enemies":"Gremlin Nob","floor":8,"turns":4},{"damage":20,"enemies":"3 Sentries","floor":10,"turns":3}],"seed_played":"-7449802505166443999","potions_obtained":[{"floor":1.0,"key":"LiquidMemories"},{"floor":2.0,"key":"ColorlessPotion"}],"is_trial":false,"path_per_floor":["M","M","$","M","?","R","M","E","T","E"],"character_chosen":"DEFECT","items_purchased":["Regen Potion","FTL"],"campfire_rested":0,"item_purchase_floors":[3,3],"current_hp_per_floor":[69,59,59,58,47,47,38,13,13,0,0],"gold":142,"neow_bonus":"TEN_PERCENT_HP_BONUS","is_daily":false,"chose_seed":false,"campfire_upgraded":1,"win_rate":0.0,"timestamp":1612577415,"path_taken":["M","M","$","M","?","R","M","E","T","E"],"items_purchased_type":["Potion","Card"],"build_version":"2020-12-22","purchased_purges":0,"victory":false,"max_hp_per_floor":[78,78,78,78,78,78,78,85,85,85,85],"relic_stats":{"counters":[6,23],"obtain_stats":[{"Strawberry":8,"Cracked Core":0},{"Strawberry":5,"Cracked Core":0},{"Strawberry":20,"Cracked Core":0}]},"card_choices":[{"not_picked":["FTL","Leap"],"picked":"Coolheaded","floor":1.0},{"not_picked":["Barrage","Recycle"],"picked":"Streamline","floor":2.0},{"not_picked":["Conserve Battery","Auto Shields"],"picked":"Ball Lightning","floor":4},{"not_picked":["Reinforced Body","Recycle"],"picked":"Turbo","floor":7},{"not_picked":["Compile Driver","Genetic Algorithm"],"picked":"Echo Form","floor":8}],"player_experience":2158404,"relics_obtained":[{"floor":8,"key":"Strawberry"}],"event_choices":[{"damage_healed":0,"gold_gain":75,"player_choice":"Gather Gold","damage_taken":11,"max_hp_gain":0,"max_hp_loss":0,"event_name":"World of Goop","floor":5,"gold_loss":0}],"is_beta":false,"boss_relics":[],"items_purged_floors":[],"is_endless":false,"potions_floor_spawned":[1,2,7],"killed_by":"3 Sentries","ascension_level":20}}