{"host":"nzm1i0l8mrsm8hd2","time":1612616102,"event":{"mods":["Act Like it!","Aspiration","BaseMod","Better Third Choice","Challenge The Spire","Conspire","Friendly Minions","Gensokyo","Jedi Mod","Minty Spire (QoL Compilation)","Pale of the Ancients","Quick Restart","Reliquary","RumiaBox-露米娅的神秘盒子","Spicy Shops","StSLib","The Saiyan","Wide Potions"],"gold_per_floor":[119,733,747,672,672,672,334,334,334,334,354,354,380,396,396,497,497,516,516,10,27,41,41,41,41,41],"floor_reached":25,"language":"ZHS","playtime":971,"items_purged":["Strike_B","Dualcast"],"score":349,"play_id":"5899cd4d-d223-4e78-8953-145a4678894f","local_time":"20210206205502","is_ascension_mode":true,"campfire_choices":[{"data":"jedi:reiji","floor":6.0,"key":"SMITH"},{"data":"Zap","floor":8.0,"key":"SMITH"},{"data":"conspire:GhostlyDefend","floor":10.0,"key":"SMITH"},{"data":"conspire:GhostlyDefend","floor":15.0,"key":"SMITH"},{"floor":23.0,"key":"REST"}],"circlet_count":0,"master_deck":["AscendersBane","conspire:GhostlyStrike","conspire:GhostlyStrike","conspire:GhostlyStrike","conspire:GhostlyDefend+1","conspire:GhostlyDefend+1","conspire:GhostlyDefend","conspire:GhostlyDefend","Zap+1","jedi:reiji+1","Storm","Echo Form","jedi:sharpshooter"],"relics":["jedi:paperlyon","Baka","Old Coin","Old Coin","MagicDraw1","Odd Mushroom","InkBottle","Runic Dome","reliquary:ShortFuse","reliquary:BoilingFlask","jedi:heavyjacket"],"acts_visited":["Exordium","Exordium"],"potions_floor_usage":[],"damage_taken":[{"damage":1.0,"enemies":"Cultist","floor":1.0,"turns":4.0},{"damage":7.0,"enemies":"Jaw Worm","floor":2.0,"turns":3.0},{"damage":3.0,"enemies":"conspire:RoseBush","floor":3.0,"turns":2.0},{"damage":43.0,"enemies":"The Mushroom Lair","floor":11.0,"turns":4.0},{"damage":5.0,"enemies":"3 Sentries","floor":13.0,"turns":3.0},{"damage":10.0,"enemies":"Large Slime","floor":14.0,"turns":4.0},{"damage":13.0,"enemies":"Hexaghost","floor":16.0,"turns":10.0},{"damage":18.0,"enemies":"Gensokyo:3_Dogs","floor":18.0,"turns":7.0},{"damage":0.0,"enemies":"Gensokyo:2_Gloops","floor":21.0,"turns":3.0},{"damage":13.0,"enemies":"Gensokyo:Swordslinger","floor":22.0,"turns":3.0},{"damage":62,"enemies":"Gensokyo:Tenshi","floor":25,"turns":5}],"seed_played":"-4525541063175510514","potions_obtained":[{"floor":2.0,"key":"FearPotion"},{"floor":11.0,"key":"AttackPotion"},{"floor":13.0,"key":"Dexterity Potion"},{"floor":16.0,"key":"Dexterity Potion"}],"is_trial":false,"path_per_floor":["M","M","M","$","?","R","$","R","T","R","?","?","E","M","R","B",null,"M","?","$","M","M","R","?","E"],"character_chosen":"DEFECT","items_purchased":["MagicDraw1","reliquary:BoilingFlask","jedi:heavyjacket"],"campfire_rested":1,"item_purchase_floors":[7,20,20],"current_hp_per_floor":[67,60,57,57,57,57,57,57,57,57,50,50,52,42,42,29,64,46,46,46,46,33,53,53,0,0],"gold":41,"neow_bonus":"BOSS_RELIC","is_daily":false,"chose_seed":false,"campfire_upgraded":4,"win_rate":0.0,"timestamp":1612616102,"path_taken":["M","M","?","$","?","R","$","R","T","R","?","?","E","?","R","BOSS","M","?","$","M","M","R","?","E"],"items_purchased_type":["Relic","Relic","Relic"],"build_version":"2020-12-22","purchased_purges":2,"victory":false,"max_hp_per_floor":[75,75,75,75,75,75,75,75,75,75,75,75,75,75,75,75,75,75,69,69,69,69,69,69,69,69],"card_choices":[{"not_picked":["Redo","jedi:BurstFrost"],"picked":"jedi:reiji","floor":1.0},{"not_picked":["Go for the Eyes","Stack","jedi:BurstLightning"],"picked":"SKIP","floor":2.0},{"not_picked":["jedi:overflow","jedi:markofdeath","Turbo"],"picked":"SKIP","floor":3.0},{"not_picked":["Capacitor","Static Discharge","Consume"],"picked":"SKIP","floor":13.0},{"not_picked":["Compile Driver","Beam Cell"],"picked":"Storm","floor":14.0},{"not_picked":["Buffer","Core Surge"],"picked":"Echo Form","floor":16.0},{"not_picked":["Reprogram","Stack","jedi:BurstLightning"],"picked":"SKIP","floor":18.0},{"not_picked":["Turbo+1","jedi:blockon"],"picked":"jedi:sharpshooter","floor":21.0},{"not_picked":["Gash","Ball Lightning","Coolheaded"],"picked":"SKIP","floor":22.0}],"player_experience":568291,"relics_obtained":[{"floor":1.0,"key":"Baka"},{"floor":2.0,"key":"Old Coin"},{"floor":2.0,"key":"Old Coin"},{"floor":11.0,"key":"Odd Mushroom"},{"floor":13.0,"key":"InkBottle"}],"event_choices":[{"damage_healed":0.0,"max_hp_gain":0.0,"max_hp_loss":0.0,"gold_gain":0.0,"event_name":"conspire:LoneGhost","player_choice":"Agree","floor":5.0,"gold_loss":0.0,"damage_taken":0.0},{"damage_healed":0.0,"max_hp_gain":0.0,"max_hp_loss":0.0,"gold_gain":0.0,"event_name":"Mushrooms","player_choice":"Fought Mushrooms","floor":11.0,"gold_loss":0.0,"damage_taken":0.0},{"damage_healed":0.0,"max_hp_gain":0.0,"max_hp_loss":0.0,"gold_gain":0.0,"event_name":"conspire:Investor","player_choice":"Leave","floor":12.0,"gold_loss":0.0,"damage_taken":0.0}],"is_beta":false,"boss_relics":[{"not_picked":["Velvet Choker","reliquary:KinkedSpring"],"picked":"Runic Dome"}],"items_purged_floors":[4,7],"is_endless":false,"potions_floor_spawned":[2,11,13,14,16],"killed_by":"Gensokyo:Tenshi","ascension_level":10}}