{"host":"qeogwbudlaqzb6hy","time":1612596950,"event":{"mods":["BaseMod","Downfall","Minty Spire (QoL Compilation)","StSLib"],"gold_per_floor":[99,99,99,199,199,214,291,291,322,340,351,21,55,55,75,175,175,75,90,110,110,130,130,130,140,25,25,37,65,65,100,110,207,207,207,225,280,293,293,293,318,318,337,337,353,353,66,83,102,102],"floor_reached":51,"language":"ENG","playtime":2432,"items_purged":["hexamod:Strike","Writhe","hexamod:Strike","hexamod:Defend"],"score":772,"play_id":"a24ed4be-4fdf-4366-b7c4-9c13f6715490","local_time":"20210206173550","is_ascension_mode":false,"campfire_choices":[{"data":"hexamod:Float","floor":1,"key":"SMITH"},{"data":"hexamod:Sear","floor":8,"key":"SMITH"},{"data":"hexamod:SoulSteal","floor":18,"key":"SMITH"},{"data":"hexamod:UnlimitedPower","floor":27,"key":"SMITH"},{"data":"hexamod:SearingWound","floor":30,"key":"SMITH"},{"data":"hexamod:GhostflameInferno","floor":35,"key":"SMITH"},{"data":"hexamod:ForkedFlame","floor":40,"key":"SMITH"},{"data":"hexamod:TimeOfNeed","floor":42,"key":"SMITH"},{"data":"hexamod:EtherealExpedition","floor":44,"key":"SMITH"},{"data":"hexamod:HeatShield","floor":46,"key":"SMITH"}],"circlet_count":0,"master_deck":["hexamod:Strike","hexamod:Strike","hexamod:Defend","hexamod:Defend","hexamod:Defend","hexamod:Sear+1","hexamod:Float+1","hexamod:Incineration","hexamod:Hexaguard","hexamod:SpectersWail","hexamod:SpectersWail+1","hexamod:Firestarter","hexamod:EtherealExpedition+1","hexamod:ThermalTransfer","hexamod:HeatCrush","hexamod:SoulSteal+1","hexamod:SearingWound+1","hexamod:ForkedFlame+1","hexamod:SpectersWail+1","hexamod:Hexaguard+1","hexamod:GhostflameBarrier+1","hexamod:TimeOfNeed+1","hexamod:UnlimitedPower+1","hexamod:StepThrough","hexamod:ExtraCrispy","hexamod:HeatShield+1","hexamod:GhostflameInferno+1","hexamod:NightmareStrike+1","hexamod:Again+1","hexamod:GhostLash+1","hexamod:TimeWarp","hexamod:EtherealExpedition+1"],"relics":["hexamod:SpiritBrand","downfall:HeartsMalice","Matryoshka","Strawberry","Letter Opener","Mercury Hourglass","Bag of Preparation","Bottled Flame","bronze:MakeshiftBattery","downfall:HeartBlessingGreen","Pantograph","Anchor","Vajra","Meat on the Bone","Blue Candle","Busted Crown","Whetstone","Happy Flower"],"acts_visited":["Exordium","TheCity","TheBeyond"],"potions_floor_usage":[16,16,31,32,43,45,48],"damage_taken":[{"damage":0,"enemies":"Jaw Worm","floor":2,"turns":1},{"damage":0,"enemies":"Small Slimes","floor":3,"turns":1},{"damage":0,"enemies":"2 Louse","floor":5,"turns":1},{"damage":5,"enemies":"Blue Slaver","floor":6,"turns":3},{"damage":21,"enemies":"Lagavulin","floor":9,"turns":7},{"damage":0,"enemies":"Exordium Wildlife","floor":10,"turns":3},{"damage":0,"enemies":"Large Slime","floor":11,"turns":5},{"damage":0,"enemies":"downfall:FleeingMerchant","floor":12,"turns":4},{"damage":22,"enemies":"3 Sentries","floor":13,"turns":7},{"damage":7,"enemies":"Gremlin Gang","floor":15,"turns":2},{"damage":3,"enemies":"IC_STATUS_ARCHETYPE","floor":16,"turns":3},{"damage":0,"enemies":"Chosen","floor":19,"turns":3},{"damage":5,"enemies":"Shell Parasite","floor":20,"turns":3},{"damage":7,"enemies":"Centurion and Healer","floor":22,"turns":5},{"damage":5,"enemies":"Shelled Parasite and Fungi","floor":25,"turns":3},{"damage":10,"enemies":"downfall:FleeingMerchant","floor":26,"turns":4},{"damage":0,"enemies":"Snake Plant","floor":28,"turns":3},{"damage":0,"enemies":"Gremlin Leader","floor":29,"turns":4},{"damage":0,"enemies":"Book of Stabbing","floor":31,"turns":4},{"damage":0,"enemies":"Chosen and Byrds","floor":32,"turns":3},{"damage":21,"enemies":"WA_ARCHETYPE_CALM","floor":33,"turns":8},{"damage":4,"enemies":"3 Shapes","floor":36,"turns":3},{"damage":0,"enemies":"downfall:FleeingMerchant","floor":37,"turns":3},{"damage":6,"enemies":"3 Darklings","floor":38,"turns":3},{"damage":12,"enemies":"Maw","floor":43,"turns":6},{"damage":0,"enemies":"Sphere and 2 Shapes","floor":45,"turns":3},{"damage":0,"enemies":"Writhing Mass","floor":48,"turns":3},{"damage":0,"enemies":"3 Darklings","floor":49,"turns":2},{"damage":26,"enemies":"SI_POISON_ARCHETYPE","floor":50,"turns":9}],"seed_played":"-3432854524115247179","potions_obtained":[{"floor":9,"key":"Block Potion"},{"floor":10,"key":"SkillPotion"},{"floor":11,"key":"Dexterity Potion"},{"floor":16,"key":"PowerPotion"},{"floor":20,"key":"Regen Potion"},{"floor":33,"key":"LiquidBronze"},{"floor":36,"key":"AttackPotion"},{"floor":43,"key":"DuplicationPotion"},{"floor":45,"key":"SkillPotion"}],"is_trial":false,"path_per_floor":["R","M","M","?","M","M","T","R","E","M","M","$","E","T","M","B",null,"R","M","M","?","M","?","T","M","$","R","M","E","R","E","M","B",null,"R","M","$","M","?","R","T","R","M","R","M","R","$","M","M","B",null],"character_chosen":"THE_SPIRIT","items_purchased":["Letter Opener","Whetstone","hexamod:TimeWarp"],"campfire_rested":0,"item_purchase_floors":[12,37,47],"current_hp_per_floor":[70,70,70,70,70,65,65,65,51,51,51,51,29,29,22,19,77,77,77,72,72,65,65,65,60,50,50,50,50,50,50,62,56,77,77,73,73,67,67,67,67,67,55,55,55,55,55,55,55,51],"gold":102,"neow_bonus":"THREE_ENEMY_KILL","is_daily":false,"chose_seed":false,"campfire_upgraded":10,"win_rate":0.0,"timestamp":1612596950,"path_taken":["R","M","M","?","M","M","T","R","E","M","M","$","E","?","M","BOSS","R","M","M","?","M","?","T","M","$","R","M","E","R","E","M","BOSS","R","M","$","M","?","R","T","R","M","R","M","R","$","M","M","BOSS"],"items_purchased_type":["Relic","Relic","Card"],"build_version":"2020-12-22","purchased_purges":4,"victory":true,"max_hp_per_floor":[70,70,70,70,70,70,70,70,77,77,77,77,77,77,77,77,77,77,77,77,77,77,77,77,77,77,77,77,77,77,77,77,77,77,77,77,77,77,77,77,77,77,77,77,77,77,77,77,77,77],"card_choices":[{"not_picked":["hexamod:GhostflameBarrier","hexamod:FastForward"],"picked":"hexamod:Incineration","floor":2},{"not_picked":["hexamod:GhostLash","hexamod:NightmareStrike"],"picked":"hexamod:Hexaguard","floor":3},{"not_picked":["hexamod:NightmareGuise","hexamod:HauntingEcho"],"picked":"hexamod:SpectersWail","floor":5},{"not_picked":["hexamod:BacktrackSmack","hexamod:ThirdSeal"],"picked":"hexamod:SpectersWail","floor":6},{"not_picked":["hexamod:NightmareGuise","hexamod:ChargedBarrage"],"picked":"hexamod:Firestarter","floor":9},{"not_picked":["hexamod:RecurringNightmare","hexamod:SuperheatedStrike"],"picked":"hexamod:EtherealExpedition","floor":10},{"not_picked":["hexamod:FourthSeal","hexamod:Firestarter"],"picked":"hexamod:ThermalTransfer","floor":11},{"not_picked":["hexamod:DynamicBlow","hexamod:SpectersWail"],"picked":"hexamod:HeatCrush","floor":12},{"not_picked":["hexamod:NecessarySacrifice","hexamod:Firestarter"],"picked":"hexamod:SoulSteal","floor":13},{"not_picked":["hexamod:Firestarter","hexamod:BacktrackSmack"],"picked":"hexamod:SearingWound","floor":15},{"not_picked":["hexamod:FifthSeal","hexamod:GiftsFromTheDead"],"picked":"hexamod:ForkedFlame","floor":16},{"not_picked":["hexamod:NightmareStrike","hexamod:ShieldOfDarkness+1"],"picked":"hexamod:SpectersWail","floor":19},{"not_picked":["hexamod:NecessarySacrifice","hexamod:Again"],"picked":"hexamod:Hexaguard+1","floor":20},{"not_picked":["hexamod:GhostLash","hexamod:AdvancingGuard+1"],"picked":"hexamod:GhostflameBarrier+1","floor":22},{"not_picked":["hexamod:AdvancingGuard+1","hexamod:GhostflameBarrier"],"picked":"hexamod:TimeOfNeed","floor":25},{"not_picked":["hexamod:RetreatToShadows","hexamod:FlamesFromBeyond"],"picked":"hexamod:UnlimitedPower","floor":26},{"not_picked":["hexamod:ShieldOfDarkness","hexamod:GhostflameBarrier"],"picked":"hexamod:StepThrough","floor":28},{"not_picked":["hexamod:SuperheatedStrike","hexamod:AdvancingGuard+1","hexamod:NightmareGuise"],"picked":"SKIP","floor":29},{"not_picked":["hexamod:Again+1","hexamod:FlamesFromBeyond"],"picked":"hexamod:ExtraCrispy","floor":31},{"not_picked":["hexamod:ShieldOfDarkness","hexamod:SpectersWail"],"picked":"hexamod:HeatShield","floor":32},{"not_picked":["hexamod:WildfireWeapon","hexamod:UnleashSpirits"],"picked":"hexamod:GhostflameInferno","floor":33},{"not_picked":["hexamod:HauntingEcho"],"picked":"SKIP","floor":36},{"not_picked":[],"picked":"hexamod:NightmareStrike+1","floor":37},{"not_picked":["hexamod:NecessarySacrifice"],"picked":"SKIP","floor":38},{"not_picked":[],"picked":"hexamod:Again+1","floor":43},{"not_picked":[],"picked":"hexamod:GhostLash+1","floor":45},{"not_picked":[],"picked":"hexamod:EtherealExpedition+1","floor":48},{"not_picked":["hexamod:AdvancingGuard+1"],"picked":"SKIP","floor":49}],"player_experience":362554,"relics_obtained":[{"floor":7,"key":"Matryoshka"},{"floor":9,"key":"Strawberry"},{"floor":13,"key":"Mercury Hourglass"},{"floor":14,"key":"Bag of Preparation"},{"floor":14,"key":"Bottled Flame"},{"floor":24,"key":"Anchor"},{"floor":24,"key":"Vajra"},{"floor":29,"key":"Meat on the Bone"},{"floor":31,"key":"Blue Candle"},{"floor":41,"key":"Happy Flower"}],"event_choices":[],"is_beta":false,"boss_relics":[{"not_picked":["Snecko Eye","Black Star"],"picked":"bronze:MakeshiftBattery"},{"not_picked":["Fusion Hammer","SacredBark"],"picked":"Busted Crown"}],"items_purged_floors":[12,26,37,47],"is_endless":false,"potions_floor_spawned":[9,10,11,15,16,20,22,25,28,33,36,43,45],"ascension_level":0}}