{"host":"f5gffvlv6a66yqkd","time":1612626430,"event":{"mods":["2.2 Compatiblity","BaseMod","Colored Map","Custom Start","DeckTracker","Keyboard Shortcuts","Minty Spire (QoL Compilation)","Permanent Neow","Quick Restart","Relic Stats","StSLib","SuperFastMode"],"gold_per_floor":[115,127,139,155,155,169,169,181,181,181,193,206,206,225,225,296,346,364,364,150,165,165,165,196,196,196,209,240,253,253,253],"floor_reached":30,"language":"KOR","playtime":712,"items_purged":["Strike_B"],"score":492,"play_id":"e01deb41-2953-46e4-8d69-6b400305d8f0","local_time":"20210207004710","is_ascension_mode":true,"campfire_choices":[{"floor":7,"key":"REST"},{"data":"Defragment","floor":10,"key":"SMITH"},{"floor":13,"key":"REST"},{"data":"Zap","floor":15,"key":"SMITH"},{"floor":23,"key":"REST"},{"data":"Capacitor","floor":25,"key":"SMITH"}],"circlet_count":0,"master_deck":["AscendersBane","Strike_B","Strike_B","Defend_B+1","Defend_B","Defend_B","Defend_B","Zap+1","Dualcast","Madness","Hologram","Defragment+1","Rebound","Genetic Algorithm","Ball Lightning","Reboot","Capacitor+1","Cold Snap","Cold Snap","Biased Cognition","Conserve Battery","Compile Driver","Coolheaded","Self Repair","Turbo","Ball Lightning"],"relics":["Cracked Core","Matryoshka","Tiny House","Enchiridion","Red Mask","Orichalcum","Ornamental Fan","Bag of Marbles"],"acts_visited":["Exordium","TheCity"],"potions_floor_usage":[11,11,16,18,21],"damage_taken":[{"damage":20.0,"enemies":"Small Slimes","floor":1.0,"turns":3.0},{"damage":4.0,"enemies":"Cultist","floor":2.0,"turns":4.0},{"damage":7.0,"enemies":"Jaw Worm","floor":3.0,"turns":5.0},{"damage":4.0,"enemies":"Exordium Wildlife","floor":4.0,"turns":2.0},{"damage":9,"enemies":"Large Slime","floor":6,"turns":5},{"damage":10,"enemies":"Blue Slaver","floor":8,"turns":5},{"damage":2,"enemies":"Lots of Slimes","floor":11,"turns":2},{"damage":10,"enemies":"3 Louse","floor":12,"turns":3},{"damage":0,"enemies":"Blue Slaver","floor":14,"turns":4},{"damage":23,"enemies":"The Guardian","floor":16,"turns":10},{"damage":14,"enemies":"Spheric Guardian","floor":18,"turns":4},{"damage":7,"enemies":"Shell Parasite","floor":21,"turns":7},{"damage":24,"enemies":"Masked Bandits","floor":24,"turns":5},{"damage":1,"enemies":"Snake Plant","floor":27,"turns":5},{"damage":15,"enemies":"Slavers","floor":28,"turns":3},{"damage":10,"enemies":"Sentry and Sphere","floor":29,"turns":4},{"damage":47,"enemies":"3 Cultists","floor":30,"turns":5}],"seed_played":"-4429784585314448043","potions_obtained":[{"floor":1.0,"key":"Explosive Potion"},{"floor":4.0,"key":"EssenceOfDarkness"},{"floor":8,"key":"Energy Potion"},{"floor":14,"key":"Weak Potion"},{"floor":16,"key":"SneckoOil"},{"floor":17,"key":"ColorlessPotion"},{"floor":24,"key":"FearPotion"},{"floor":27,"key":"FearPotion"}],"is_trial":false,"path_per_floor":["M","M","M","M","?","M","R","M","T","R","M","M","R","M","R","B",null,"M","?","$","M","?","R","?","R","T","M","E","M","M"],"character_chosen":"DEFECT","items_purchased":["Coolheaded","Self Repair"],"campfire_rested":3,"item_purchase_floors":[20,20],"current_hp_per_floor":[44,40,33,29,29,20,41,31,31,31,29,19,40,40,40,17,63,49,49,49,49,28,50,33,33,33,39,31,28,0,0],"gold":253,"neow_bonus":"RANDOM_COLORLESS","is_daily":false,"chose_seed":false,"campfire_upgraded":3,"win_rate":0.0,"timestamp":1612626430,"path_taken":["M","M","M","M","?","M","R","M","T","R","M","M","R","?","R","BOSS","M","?","$","M","?","R","?","R","T","M","E","M","?"],"items_purchased_type":["Card","Card"],"build_version":"2020-12-22","purchased_purges":1,"victory":false,"max_hp_per_floor":[71,71,71,71,71,71,71,71,71,71,71,71,71,71,71,71,76,76,76,76,76,76,76,76,76,76,76,76,76,76,76],"relic_stats":{"counters":[17,76],"Ornamental Fan":[0],"Orichalcum":[36],"obtain_stats":[{"Matryoshka":9,"Tiny House":17,"Ornamental Fan":26,"Enchiridion":22,"Red Mask":24,"Bag of Marbles":28,"Orichalcum":26,"Cracked Core":0},{"Matryoshka":6,"Tiny House":10,"Ornamental Fan":13,"Enchiridion":12,"Red Mask":13,"Bag of Marbles":15,"Orichalcum":13,"Cracked Core":0},{"Matryoshka":24,"Tiny House":43,"Ornamental Fan":59,"Enchiridion":54,"Red Mask":59,"Bag of Marbles":67,"Orichalcum":59,"Cracked Core":0}]},"card_choices":[{"not_picked":["Mind Blast","PanicButton"],"picked":"Madness","floor":0.0},{"not_picked":["Reinforced Body","Beam Cell"],"picked":"Hologram","floor":1.0},{"not_picked":["Barrage","Leap"],"picked":"Defragment","floor":2.0},{"not_picked":["Aggregate","White Noise"],"picked":"Rebound","floor":3.0},{"not_picked":["Self Repair","Aggregate"],"picked":"Genetic Algorithm","floor":4.0},{"not_picked":["Turbo","Amplify"],"picked":"Cold Snap","floor":6},{"not_picked":["Genetic Algorithm","Sweeping Beam","Steam"],"picked":"SKIP","floor":8},{"not_picked":["Barrage","Gash"],"picked":"Cold Snap","floor":11},{"not_picked":["Recycle","Sweeping Beam"],"picked":"Biased Cognition","floor":12},{"not_picked":["Hello World","Auto Shields","Redo"],"picked":"SKIP","floor":14},{"not_picked":["Force Field","Doom and Gloom"],"picked":"Conserve Battery","floor":17},{"not_picked":["Stack","Redo"],"picked":"Compile Driver","floor":18},{"not_picked":["Aggregate","Coolheaded"],"picked":"Turbo","floor":21},{"not_picked":["Capacitor","Streamline"],"picked":"Ball Lightning","floor":27},{"not_picked":["Multi-Cast","Genetic Algorithm","Ball Lightning+1"],"picked":"SKIP","floor":28},{"not_picked":["Streamline","Leap","Hologram"],"picked":"SKIP","floor":29}],"player_experience":1682291,"relics_obtained":[{"floor":9,"key":"Matryoshka"},{"floor":22,"key":"Enchiridion"},{"floor":24,"key":"Red Mask"},{"floor":26,"key":"Orichalcum"},{"floor":26,"key":"Ornamental Fan"},{"floor":28,"key":"Bag of Marbles"}],"event_choices":[{"damage_healed":0,"gold_gain":0,"player_choice":"3 cards matched","damage_taken":0,"max_hp_gain":0,"max_hp_loss":0,"event_name":"Match and Keep!","floor":5,"gold_loss":0,"cards_obtained":["Ball Lightning","Reboot","Capacitor"]},{"cards_removed":["Strike_B"],"damage_healed":0,"gold_gain":0,"player_choice":"Elegance","damage_taken":0,"max_hp_gain":0,"max_hp_loss":0,"event_name":"Back to Basics","floor":19,"gold_loss":0},{"damage_healed":0,"gold_gain":0,"player_choice":"Obtained Book","damage_taken":21,"max_hp_gain":0,"max_hp_loss":0,"event_name":"Cursed Tome","floor":22,"gold_loss":0},{"damage_healed":0,"gold_gain":0,"player_choice":"Fought Bandits","damage_taken":0,"max_hp_gain":0,"max_hp_loss":0,"event_name":"Masked Bandits","floor":24,"gold_loss":0}],"is_beta":false,"boss_relics":[{"not_picked":["Inserter","Runic Pyramid"],"picked":"Tiny House"}],"items_purged_floors":[20],"is_endless":false,"potions_floor_spawned":[1,4,8,14,16,24,27],"killed_by":"3 Cultists","ascension_level":20}}