{"host":"htr0t6l50g7s3p2f","time":1612590532,"event":{"mods":["BaseMod","Better Note","Minty Spire (QoL Compilation)","Rare Cards Sparkle","StSLib","The IronCluck"],"gold_per_floor":[39,73,73,126,160,160,219,280,358,358,358,358,358,410,410,513,513,523,590,8,44,87,12,12,51,78,78,78,78,118,143,143],"floor_reached":31,"language":"ENG","playtime":2387,"items_purged":["Defend_G"],"score":475,"play_id":"108a902e-86dc-4e70-b950-171c0ad1414c","local_time":"20210206164852","is_ascension_mode":true,"campfire_choices":[{"data":"HandOfGreed","floor":6,"key":"SMITH"},{"floor":10,"key":"REST"},{"floor":13,"key":"REST"},{"data":"Footwork","floor":15,"key":"SMITH"},{"floor":27,"key":"REST"},{"data":"Noxious Fumes","floor":29,"key":"SMITH"}],"circlet_count":0,"master_deck":["AscendersBane","Strike_G+1","Strike_G+1","Strike_G+1","Strike_G+1","Strike_G+1","Defend_G+1","Defend_G+1","Defend_G+1","Defend_G+1","Survivor","Neutralize","HandOfGreed+1","Leg Sweep","Backstab","Footwork+1","Cloak And Dagger","Doppelganger","Backflip","Well Laid Plans","Well Laid Plans","Phantasmal Killer","Dodge and Roll","Blur","Die Die Die","Noxious Fumes+1","Terror","Catalyst","Escape Plan","Heel Hook+1"],"relics":["Ring of the Snake","Prayer Wheel","Sundial","StrikeDummy","Juzu Bracelet","Sozu","Incense Burner","Vajra"],"acts_visited":["Exordium","TheCity"],"potions_floor_usage":[7,12,14,16],"damage_taken":[{"damage":1,"enemies":"Jaw Worm","floor":1,"turns":3},{"damage":2,"enemies":"Cultist","floor":2,"turns":5},{"damage":0,"enemies":"2 Louse","floor":4,"turns":3},{"damage":1,"enemies":"Exordium Wildlife","floor":5,"turns":4},{"damage":45,"enemies":"Gremlin Nob","floor":7,"turns":6},{"damage":0,"enemies":"Exordium Thugs","floor":8,"turns":4},{"damage":0,"enemies":"Lagavulin","floor":12,"turns":2},{"damage":8,"enemies":"3 Sentries","floor":14,"turns":6},{"damage":23,"enemies":"Hexaghost","floor":16,"turns":16},{"damage":15,"enemies":"2 Thieves","floor":18,"turns":4},{"damage":16,"enemies":"3 Byrds","floor":19,"turns":10},{"damage":15,"enemies":"Centurion and Healer","floor":21,"turns":5},{"damage":4,"enemies":"3 Cultists","floor":22,"turns":6},{"damage":0,"enemies":"Snake Plant","floor":25,"turns":2},{"damage":13,"enemies":"Sentry and Sphere","floor":30,"turns":6},{"damage":19,"enemies":"Chosen and Byrds","floor":31,"turns":6}],"seed_played":"2708831524725573383","potions_obtained":[{"floor":1,"key":"SmokeBomb"},{"floor":5,"key":"Dexterity Potion"},{"floor":8,"key":"Explosive Potion"},{"floor":14,"key":"AttackPotion"}],"is_trial":false,"path_per_floor":["M","M","?","M","M","R","E","M","T","R","T","E","R","E","R","B",null,"M","M","$","M","M","$","?","M","T","R","$","R","M","M"],"character_chosen":"THE_SILENT","items_purchased":["Incense Burner","Die Die Die","Noxious Fumes","Terror"],"campfire_rested":3,"item_purchase_floors":[20,20,20,20],"current_hp_per_floor":[58,56,61,61,60,60,15,15,15,36,36,36,57,49,49,26,60,45,29,29,14,10,10,10,10,10,31,31,31,18,0,0],"gold":143,"neow_bonus":"RANDOM_COLORLESS_2","is_daily":false,"chose_seed":false,"campfire_upgraded":3,"win_rate":0.0,"timestamp":1612590532,"path_taken":["M","M","?","M","M","R","E","M","T","R","?","E","R","E","R","BOSS","M","M","$","M","M","?","?","M","T","R","?","R","M","M"],"items_purchased_type":["Relic","Card","Card","Card"],"build_version":"2020-12-22","purchased_purges":1,"victory":false,"max_hp_per_floor":[66,66,71,71,71,71,71,71,71,71,71,71,71,71,71,71,71,71,71,71,71,71,71,71,71,71,71,71,71,71,71,71],"card_choices":[{"not_picked":["Secret Weapon","Thinking Ahead"],"picked":"HandOfGreed","floor":0},{"not_picked":["All Out Attack","Underhanded Strike"],"picked":"Leg Sweep","floor":1},{"not_picked":["Sucker Punch","Flechettes"],"picked":"Backstab","floor":2},{"not_picked":["Prepared","Poisoned Stab"],"picked":"Footwork","floor":4},{"not_picked":["Eviscerate","Dagger Throw"],"picked":"Cloak And Dagger","floor":5},{"not_picked":["Sucker Punch","Dagger Spray"],"picked":"Doppelganger","floor":7},{"not_picked":["Dagger Spray","Setup"],"picked":"Backflip","floor":8},{"not_picked":["Choke","Dash"],"picked":"Well Laid Plans","floor":8},{"not_picked":["Cloak And Dagger","Tactician"],"picked":"Well Laid Plans","floor":14},{"not_picked":["Bullet Time","Night Terror"],"picked":"Phantasmal Killer","floor":16},{"not_picked":["Flying Knee","Slice"],"picked":"Dodge and Roll","floor":18},{"not_picked":["Cloak And Dagger","Blade Dance","Concentrate"],"picked":"SKIP","floor":18},{"not_picked":["Bouncing Flask","Deflect"],"picked":"Blur","floor":19},{"not_picked":["Dagger Spray","Slice","Flying Knee"],"picked":"SKIP","floor":19},{"not_picked":["Finisher","Sucker Punch","Flying Knee+1"],"picked":"SKIP","floor":21},{"not_picked":["Skewer","Reflex","Bane+1"],"picked":"SKIP","floor":21},{"not_picked":["Dash","Bullet Time"],"picked":"Catalyst","floor":22},{"not_picked":["Slice","Bane","Deadly Poison"],"picked":"SKIP","floor":22},{"not_picked":["Dagger Throw","Dagger Spray"],"picked":"Escape Plan","floor":25},{"not_picked":["Endless Agony","Dagger Spray+1"],"picked":"Heel Hook+1","floor":25},{"not_picked":["Bane","PiercingWail","Accuracy"],"picked":"SKIP","floor":30},{"not_picked":["Acrobatics","Leg Sweep","Outmaneuver"],"picked":"SKIP","floor":30}],"player_experience":950630,"relics_obtained":[{"floor":7,"key":"Prayer Wheel"},{"floor":9,"key":"Sundial"},{"floor":11,"key":"StrikeDummy"},{"floor":14,"key":"Juzu Bracelet"},{"floor":26,"key":"Vajra"}],"event_choices":[{"damage_healed":0,"gold_gain":0,"player_choice":"Donut","damage_taken":0,"max_hp_gain":5,"max_hp_loss":0,"event_name":"Big Fish","floor":3,"gold_loss":0},{"damage_healed":0,"gold_gain":0,"player_choice":"Simplicity","damage_taken":0,"max_hp_gain":0,"max_hp_loss":0,"event_name":"Back to Basics","floor":24,"gold_loss":0,"cards_upgraded":["Strike_G","Strike_G","Strike_G","Strike_G","Strike_G","Defend_G","Defend_G","Defend_G","Defend_G"]}],"is_beta":false,"boss_relics":[{"not_picked":["Black Star","SlaversCollar"],"picked":"Sozu"}],"items_purged_floors":[23],"is_endless":false,"potions_floor_spawned":[1,5,8,12,14,19,21,22,30],"killed_by":"Chosen and Byrds","ascension_level":17}}