{"host":"rx3fqeecbcmic2ko","time":1612642983,"event":{"mods":["BaseMod","Better Sensory Stone","Disable Question Mark Monsters","Energized Spire","Hyrulean Relics","Minty Spire (QoL Compilation)","Quick Restart","Relic Filter","Small Relic Pack","StSLib","The Wild Card"],"gold_per_floor":[111,111,111,111,131,171,191,212,212,233,274,304,304,42,42,166,166,179,179,179,199,223,223,223],"floor_reached":23,"language":"ENG","playtime":748,"items_purged":[],"score":201,"play_id":"0d4c4dfd-fd83-474f-a866-72878a11c619","local_time":"20210206152303","is_ascension_mode":false,"campfire_choices":[{"floor":13,"key":"REST"},{"floor":15,"key":"REST"}],"circlet_count":0,"master_deck":["Strike_G","Strike_G","Strike_G","Strike_G","Strike_G","Defend_G","Defend_G","Defend_G","Defend_G","Defend_G","Survivor","Neutralize","CurseOfTheBell","Injury","Panache","Noxious Fumes","Terror","Poisoned Stab","Blade Dance","Bouncing Flask","Deflect","Accuracy","Infinite Blades","Noxious Fumes","Tactician","Bane","Riddle With Holes"],"relics":["Calling Bell","Blood Vial","InkBottle","Mango","Golden Idol","relicPack:DSword","Dream Catcher","The Courier","Meat on the Bone","Ninja Scroll","energizedSpire:SpiderWeb"],"acts_visited":["Exordium","TheCity"],"potions_floor_usage":[10,11,18],"damage_taken":[{"damage":4,"enemies":"2 Louse","floor":1,"turns":4},{"damage":11,"enemies":"Jaw Worm","floor":5,"turns":5},{"damage":20,"enemies":"Lagavulin","floor":6,"turns":6},{"damage":5,"enemies":"Small Slimes","floor":7,"turns":4},{"damage":16,"enemies":"2 Fungi Beasts","floor":8,"turns":4},{"damage":0,"enemies":"Blue Slaver","floor":10,"turns":3},{"damage":16,"enemies":"3 Sentries","floor":11,"turns":6},{"damage":15,"enemies":"The Guardian","floor":16,"turns":6},{"damage":22,"enemies":"2 Thieves","floor":18,"turns":4},{"damage":39,"enemies":"3 Byrds","floor":21,"turns":5},{"damage":23,"enemies":"Centurion and Healer","floor":22,"turns":5},{"damage":33,"enemies":"Snake Plant","floor":23,"turns":3}],"seed_played":"1263364847337506726","potions_obtained":[{"floor":6,"key":"FairyPotion"},{"floor":7,"key":"PowerPotion"},{"floor":8,"key":"Energy Potion"},{"floor":16,"key":"AttackPotion"},{"floor":21,"key":"Dexterity Potion"}],"is_trial":false,"path_per_floor":["M","?","?","?","M","E","M","M","T","M","E","?","R","$","R","B",null,"M","?","?","M","M","M"],"character_chosen":"THE_SILENT","items_purchased":["Accuracy","Ninja Scroll"],"campfire_rested":2,"item_purchase_floors":[14,14],"current_hp_per_floor":[80,80,80,45,36,18,15,1,1,3,20,20,45,45,70,57,84,62,62,62,37,28,0,0],"gold":223,"neow_bonus":"BOSS_RELIC","is_daily":false,"chose_seed":false,"campfire_upgraded":0,"win_rate":0.0,"timestamp":1612642983,"path_taken":["M","?","?","?","M","E","?","?","T","M","E","?","R","?","R","BOSS","M","?","?","M","M","M"],"items_purchased_type":["Card","Relic"],"build_version":"2020-12-22","purchased_purges":0,"victory":false,"max_hp_per_floor":[84,84,84,84,84,84,84,84,84,84,84,84,84,84,84,84,84,84,84,84,84,84,84,84],"card_choices":[{"not_picked":["Flying Knee","Underhanded Strike","Concentrate"],"picked":"SKIP","floor":1},{"not_picked":["Dark Shackles","Jack Of All Trades"],"picked":"Panache","floor":3},{"not_picked":["Dagger Throw","Outmaneuver"],"picked":"Noxious Fumes","floor":5},{"not_picked":["Sucker Punch","Concentrate"],"picked":"Terror","floor":6},{"not_picked":["Dodge and Roll","Heel Hook"],"picked":"Poisoned Stab","floor":7},{"not_picked":["Noxious Fumes","Caltrops","PiercingWail"],"picked":"SKIP","floor":8},{"not_picked":["All Out Attack","Masterful Stab"],"picked":"Blade Dance","floor":10},{"not_picked":["Tactician","Acrobatics"],"picked":"Bouncing Flask","floor":11},{"not_picked":["Flying Knee","Quick Slash"],"picked":"Deflect","floor":13},{"not_picked":["Flechettes","Blur"],"picked":"Infinite Blades","floor":15},{"not_picked":["Underhanded Strike","Endless Agony"],"picked":"Noxious Fumes","floor":18},{"not_picked":["Flechettes","Backflip"],"picked":"Bane","floor":21},{"not_picked":["Prepared","Choke+1"],"picked":"Riddle With Holes","floor":22}],"player_experience":97302,"relics_obtained":[{"floor":0,"key":"Blood Vial"},{"floor":0,"key":"InkBottle"},{"floor":0,"key":"Mango"},{"floor":6,"key":"Dream Catcher"},{"floor":9,"key":"The Courier"},{"floor":11,"key":"Meat on the Bone"}],"event_choices":[{"damage_healed":0,"gold_gain":0,"player_choice":"Take Wound","damage_taken":0,"relics_obtained":["Golden Idol"],"max_hp_gain":0,"max_hp_loss":0,"event_name":"Golden Idol","floor":2,"gold_loss":0,"cards_obtained":["Injury"]},{"damage_healed":0,"gold_gain":1,"player_choice":"1","damage_taken":0,"max_hp_gain":0,"max_hp_loss":0,"event_name":"betterStone:BetterStone","floor":3,"gold_loss":0},{"damage_healed":0,"gold_gain":30,"player_choice":"Searched \u00271\u0027 times","damage_taken":0,"max_hp_gain":0,"max_hp_loss":0,"event_name":"Dead Adventurer","floor":12,"gold_loss":0},{"damage_healed":0,"gold_gain":0,"player_choice":"1 cards matched","damage_taken":0,"max_hp_gain":0,"max_hp_loss":0,"event_name":"Match and Keep!","floor":20,"gold_loss":0,"cards_obtained":["Tactician"]}],"is_beta":false,"boss_relics":[{"not_picked":["energizedSpire:HighHeels","energizedSpire:RedRose"],"picked":"energizedSpire:SpiderWeb"}],"items_purged_floors":[],"is_endless":false,"potions_floor_spawned":[6,7,8,16,21],"killed_by":"Snake Plant","ascension_level":0}}