{"host":"9nx75o4jon4sxasg","time":1612606276,"event":{"mods":["BaseMod","Downfall","Gremlin Mod","Marisa£®ÏF”Í°°ƒß¿Ì…≥£©","Minty Spire (QoL Compilation)","Shop Mod","StSLib","The Bug Knight","The Servant 0.9.4","noobMod"],"gold_per_floor":[115,115,190,208,218,218,236,311,388,388,404,422,439,466,466,567,567,579,597,18,18,18,18,48,48,98,23,37,37,54,72,72,177,177,189,189,202,102,119,136,136,136,136,154,185,203,203,223,223,223],"floor_reached":51,"language":"ZHS","playtime":2746,"items_purged":["Defend_P","Bite"],"score":753,"play_id":"77de97a8-15fd-4986-a336-7a49aea444d1","local_time":"20210206181116","is_ascension_mode":false,"campfire_choices":[{"data":"Judgement","floor":6,"key":"SMITH"},{"data":"Eruption","floor":10,"key":"SMITH"},{"data":"DevaForm","floor":15,"key":"SMITH"},{"data":"ClearTheMind","floor":32,"key":"SMITH"},{"data":"ConjureBlade","floor":49,"key":"SMITH"}],"circlet_count":0,"master_deck":["Eruption+1","Vigilance","Judgement+1","EmptyFist","FlurryOfBlows","EmptyBody","Evaluate","DevaForm+1","ConjureBlade+1","EmptyMind+1","FlurryOfBlows","Bite","Bite","Bite","ClearTheMind+1","Halt","Tantrum","Establishment","Study+1","Meditate","Indignation","FlurryOfBlows+1","FlurryOfBlows+1","EmptyMind","downfall:Haunted","downfall:Haunted","Study+1"],"relics":["PureWater","ice","Letter Opener","Sundial","Guardian:PocketSentry","Coffee Dripper","Lantern","Anchor","Toolbox","Dream Catcher","Pocketwatch","Damaru","Empty Cage","Shuriken","Eternal Feather","The Courier","Darkstone Periapt"],"acts_visited":["Exordium","TheCity","TheBeyond"],"potions_floor_usage":[16,16,24,33,45,50],"damage_taken":[{"damage":0,"enemies":"Cultist","floor":1,"turns":1},{"damage":16,"enemies":"Small Slimes","floor":4,"turns":2},{"damage":1,"enemies":"Jaw Worm","floor":5,"turns":2},{"damage":5,"enemies":"Exordium Thugs","floor":7,"turns":4},{"damage":0,"enemies":"Lots of Slimes","floor":11,"turns":3},{"damage":0,"enemies":"Large Slime","floor":12,"turns":2},{"damage":0,"enemies":"Looter","floor":13,"turns":1},{"damage":4,"enemies":"3 Sentries","floor":14,"turns":4},{"damage":1,"enemies":"Slime Boss","floor":16,"turns":7},{"damage":0,"enemies":"Spheric Guardian","floor":18,"turns":1},{"damage":70,"enemies":"2 Thieves","floor":19,"turns":3},{"damage":5,"enemies":"Slavers","floor":24,"turns":3},{"damage":0,"enemies":"Centurion and Healer","floor":28,"turns":3},{"damage":0,"enemies":"Sentry and Sphere","floor":30,"turns":2},{"damage":0,"enemies":"Snake Plant","floor":31,"turns":2},{"damage":30,"enemies":"Collector","floor":33,"turns":6},{"damage":3,"enemies":"Orb Walker","floor":35,"turns":3},{"damage":12,"enemies":"3 Shapes","floor":37,"turns":4},{"damage":13,"enemies":"Maw","floor":39,"turns":5},{"damage":0,"enemies":"Jaw Worm Horde","floor":40,"turns":2},{"damage":0,"enemies":"Transient","floor":44,"turns":5},{"damage":35,"enemies":"Reptomancer","floor":45,"turns":3},{"damage":0,"enemies":"3 Darklings","floor":46,"turns":3},{"damage":13,"enemies":"Jaw Worm Horde","floor":48,"turns":2},{"damage":27,"enemies":"Time Eater","floor":50,"turns":4}],"seed_played":"3090129657263913654","potions_obtained":[{"floor":1,"key":"BottledMiracle"},{"floor":7,"key":"Fire Potion"},{"floor":11,"key":"Fire Potion"},{"floor":16,"key":"Dexterity Potion"},{"floor":18,"key":"champ:CounterPotion"},{"floor":19,"key":"DistilledChaos"},{"floor":30,"key":"DuplicationPotion"},{"floor":37,"key":"AttackPotion"},{"floor":45,"key":"SkillPotion"}],"is_trial":false,"path_per_floor":["M","?","?","M","M","R","M","T","T","R","M","M","M","E","R","B",null,"M","M","$","?","?","?","E","$","T","?","M","?","M","M","R","B",null,"M","?","M","$","M","M","?","T","T","M","E","M","?","M","R","B",null],"character_chosen":"WATCHER","items_purchased":["FlurryOfBlows","Lantern","Anchor","Toolbox"],"campfire_rested":0,"item_purchase_floors":[20,20,20,20],"current_hp_per_floor":[72,65,54,38,37,37,32,32,32,32,32,32,32,28,28,27,72,72,2,2,2,2,2,50,50,50,50,50,50,50,53,53,29,58,57,57,52,52,45,47,47,47,47,53,78,79,91,80,93,69],"gold":223,"neow_bonus":"TRANSFORM_CARD","is_daily":false,"chose_seed":false,"campfire_upgraded":5,"win_rate":0.0,"timestamp":1612606276,"path_taken":["M","?","?","?","M","R","M","?","T","R","M","M","?","E","R","BOSS","M","M","$","?","?","?","E","?","T","?","M","?","M","M","R","BOSS","M","?","?","$","M","M","?","?","T","?","E","M","?","M","R","BOSS"],"items_purchased_type":["Card","Relic","Relic","Relic"],"build_version":"2020-12-22","purchased_purges":2,"victory":true,"max_hp_per_floor":[72,72,72,72,72,72,72,72,72,72,72,72,72,72,72,72,72,72,72,72,50,50,50,50,50,50,50,50,50,50,53,53,58,58,60,60,65,65,68,68,68,68,68,73,78,79,91,93,93,100],"card_choices":[{"not_picked":["Conclude","JustLucky"],"picked":"EmptyFist","floor":1},{"not_picked":["Indignation","JustLucky"],"picked":"FlurryOfBlows","floor":4},{"not_picked":["Nirvana","ClearTheMind"],"picked":"EmptyBody","floor":5},{"not_picked":["ClearTheMind","EmptyFist","EmptyBody"],"picked":"SKIP","floor":7},{"not_picked":["ClearTheMind","ThirdEye","CrushJoints"],"picked":"SKIP","floor":11},{"not_picked":["ThirdEye","Swivel"],"picked":"Evaluate","floor":12},{"not_picked":["Sanctity","ClearTheMind","CrushJoints"],"picked":"SKIP","floor":13},{"not_picked":["EmptyBody","SandsOfTime"],"picked":"DevaForm","floor":14},{"not_picked":["MasterReality","DevaForm"],"picked":"ConjureBlade","floor":16},{"not_picked":["Swivel","WaveOfTheHand"],"picked":"EmptyMind+1","floor":18},{"not_picked":["BowlingBash","EmptyBody"],"picked":"ClearTheMind","floor":19},{"not_picked":["PathToVictory","CutThroughFate","Conclude"],"picked":"SKIP","floor":24},{"not_picked":["FollowUp","FlyingSleeves","BowlingBash"],"picked":"SKIP","floor":28},{"not_picked":["JustLucky","Worship"],"picked":"Halt","floor":30},{"not_picked":["FlyingSleeves","DeceiveReality+1"],"picked":"Tantrum","floor":31},{"not_picked":["MasterReality","Omniscience"],"picked":"Establishment","floor":33},{"not_picked":["Conclude","Halt"],"picked":"Study+1","floor":35},{"not_picked":["PathToVictory","WheelKick"],"picked":"Meditate","floor":37},{"not_picked":["Weave","WreathOfFlame+1"],"picked":"Indignation","floor":39},{"not_picked":["CutThroughFate+1","CrushJoints","Consecrate+1"],"picked":"SKIP","floor":40},{"not_picked":["JustLucky","Weave"],"picked":"FlurryOfBlows+1","floor":44},{"not_picked":["BowlingBash+1","Conclude+1"],"picked":"FlurryOfBlows+1","floor":45},{"not_picked":["Evaluate+1","WreathOfFlame+1"],"picked":"EmptyMind","floor":46},{"not_picked":["Evaluate","Consecrate"],"picked":"Study+1","floor":48}],"player_experience":177027,"relics_obtained":[{"floor":8,"key":"Letter Opener"},{"floor":9,"key":"Sundial"},{"floor":14,"key":"Guardian:PocketSentry"},{"floor":24,"key":"Pocketwatch"},{"floor":26,"key":"Damaru"},{"floor":42,"key":"Shuriken"},{"floor":43,"key":"Eternal Feather"},{"floor":45,"key":"The Courier"}],"event_choices":[{"cards_removed":["Strike_P"],"damage_healed":0,"gold_gain":0,"player_choice":"Card Removal","damage_taken":7,"max_hp_gain":0,"max_hp_loss":0,"event_name":"Golden Wing","floor":2,"gold_loss":0},{"damage_healed":0,"gold_gain":75,"player_choice":"Gather Gold","damage_taken":11,"max_hp_gain":0,"max_hp_loss":0,"event_name":"World of Goop","floor":3,"gold_loss":0},{"damage_healed":0,"gold_gain":0,"player_choice":"Became a vampire","damage_taken":0,"max_hp_gain":0,"max_hp_loss":22,"event_name":"Vampires","floor":21,"gold_loss":0,"cards_obtained":["Bite","Bite","Bite","Bite","Bite"]},{"damage_healed":0,"gold_gain":0,"player_choice":"Stole Relic","damage_taken":0,"relics_obtained":["Dream Catcher"],"max_hp_gain":0,"max_hp_loss":0,"event_name":"Addict","floor":23,"gold_loss":0,"cards_obtained":["Shame"]},{"cards_removed":["Defend_P"],"damage_healed":0,"gold_gain":0,"player_choice":"Gave Gold","damage_taken":0,"max_hp_gain":0,"max_hp_loss":0,"event_name":"Beggar","floor":27,"gold_loss":75},{"damage_healed":0,"gold_gain":0,"cards_transformed":["Defend_P","Shame"],"player_choice":"Became Test Subject","damage_taken":0,"max_hp_gain":0,"max_hp_loss":0,"event_name":"Drug Dealer","floor":29,"gold_loss":0,"cards_obtained":["ClearTheMind","Writhe"]},{"damage_healed":0,"gold_gain":0,"player_choice":"Ignored","damage_taken":0,"max_hp_gain":0,"max_hp_loss":0,"event_name":"NoteForYourself","floor":36,"gold_loss":0},{"cards_removed":["ClearTheMind"],"damage_healed":0,"gold_gain":0,"player_choice":"Removed Skill","damage_taken":0,"max_hp_gain":0,"max_hp_loss":0,"event_name":"Falling","floor":41,"gold_loss":0}],"is_beta":false,"boss_relics":[{"not_picked":["SlaversCollar","bronze:MakeshiftBattery"],"picked":"Coffee Dripper"},{"not_picked":["Snecko Eye","SacredBark"],"picked":"Empty Cage"}],"items_purged_floors":[20,38],"is_endless":false,"potions_floor_spawned":[1,7,11,16,18,19,30,31,37,45,48],"ascension_level":0}}