{"host":"u25um2at8ivhxl8o","time":1612648784,"event":{"mods":["BaseMod","Colored Map","Downfall","Minty Spire (QoL Compilation)","StSLib"],"gold_per_floor":[116,41,41,41,52,78,92,92,143,143,168,187,212,230,230,307,307,322,336,336,336,336],"floor_reached":21,"language":"ENG","playtime":682,"items_purged":["Strike_R"],"score":414,"play_id":"8c934233-ae5f-47ce-9a4c-b3859e968402","local_time":"20210206135944","is_ascension_mode":true,"campfire_choices":[{"data":"Double Tap","floor":8,"key":"SMITH"},{"data":"Uppercut","floor":10,"key":"SMITH"},{"floor":15,"key":"REST"}],"circlet_count":0,"master_deck":["AscendersBane","Strike_R","Strike_R","Strike_R","Strike_R","Defend_R","Defend_R+1","Defend_R","Defend_R+1","Bash","Pommel Strike+1","Uppercut+1","Double Tap+1","Armaments","Demon Form","Feed","Writhe"],"relics":["Burning Blood","NeowsBlessing","Centennial Puzzle","Bag of Preparation","Vajra","Red Skull","Fusion Hammer","PreservedInsect"],"acts_visited":["Exordium","TheCity"],"potions_floor_usage":[16,21],"damage_taken":[{"damage":0,"enemies":"Jaw Worm","floor":1,"turns":1},{"damage":0,"enemies":"Small Slimes","floor":5,"turns":1},{"damage":0,"enemies":"3 Sentries","floor":6,"turns":2},{"damage":0,"enemies":"Cultist","floor":7,"turns":3},{"damage":22,"enemies":"Lagavulin","floor":11,"turns":6},{"damage":10,"enemies":"Gremlin Gang","floor":12,"turns":5},{"damage":33,"enemies":"3 Sentries","floor":13,"turns":9},{"damage":5,"enemies":"Red Slaver","floor":14,"turns":3},{"damage":18,"enemies":"Slime Boss","floor":16,"turns":7},{"damage":22,"enemies":"2 Thieves","floor":18,"turns":4},{"damage":16,"enemies":"Shell Parasite","floor":19,"turns":4},{"damage":42,"enemies":"Sentry and Sphere","floor":21,"turns":5}],"seed_played":"-1626678595755852642","potions_obtained":[{"floor":6,"key":"SkillPotion"},{"floor":12,"key":"FearPotion"},{"floor":14,"key":"Explosive Potion"}],"is_trial":false,"path_per_floor":["M","$","?","?","M","E","M","R","T","R","E","M","E","M","R","B",null,"M","M","?","M"],"character_chosen":"IRONCLAD","items_purchased":[],"campfire_rested":1,"item_purchase_floors":[],"current_hp_per_floor":[74,74,51,51,57,63,69,69,69,69,53,49,22,23,45,33,65,49,39,39,0,0],"gold":336,"neow_bonus":"THREE_ENEMY_KILL","is_daily":false,"chose_seed":false,"campfire_upgraded":2,"win_rate":0.0,"timestamp":1612648784,"path_taken":["M","$","?","?","M","E","?","R","T","R","E","M","E","?","R","BOSS","M","M","?","M"],"items_purchased_type":[],"build_version":"2020-12-22","purchased_purges":1,"victory":false,"max_hp_per_floor":[75,75,75,75,75,75,75,75,75,75,75,75,75,75,75,75,75,75,75,75,75,75],"card_choices":[{"not_picked":["Heavy Blade","Burning Pact"],"picked":"Pommel Strike","floor":1},{"not_picked":["Perfected Strike","Evolve"],"picked":"Uppercut","floor":5},{"not_picked":["Dropkick","Perfected Strike"],"picked":"Double Tap","floor":6},{"not_picked":["Disarm","Pommel Strike","Anger"],"picked":"SKIP","floor":7},{"not_picked":["Twin Strike","Havoc"],"picked":"Armaments","floor":11},{"not_picked":["Iron Wave","Sword Boomerang"],"picked":"Demon Form","floor":12},{"not_picked":["Havoc","Power Through","Dark Embrace"],"picked":"SKIP","floor":13},{"not_picked":["Pommel Strike","Infernal Blade","Clash"],"picked":"SKIP","floor":14},{"not_picked":["Barricade","Fiend Fire"],"picked":"Feed","floor":16},{"not_picked":["Pommel Strike+1","Bloodletting","Entrench+1"],"picked":"SKIP","floor":18},{"not_picked":["Pommel Strike","Infernal Blade","Body Slam"],"picked":"SKIP","floor":19}],"player_experience":365228,"relics_obtained":[{"floor":6,"key":"Centennial Puzzle"},{"floor":9,"key":"Bag of Preparation"},{"floor":11,"key":"Vajra"},{"floor":13,"key":"Red Skull"}],"event_choices":[{"damage_healed":0,"gold_gain":0,"player_choice":"Entered Light","damage_taken":23,"max_hp_gain":0,"max_hp_loss":0,"event_name":"Shining Light","floor":3,"gold_loss":0,"cards_upgraded":["Defend_R","Defend_R"]},{"damage_healed":0,"gold_gain":0,"player_choice":"Upgraded","damage_taken":0,"max_hp_gain":0,"max_hp_loss":0,"event_name":"Upgrade Shrine","floor":4,"gold_loss":0,"cards_upgraded":["Pommel Strike"]},{"damage_healed":0,"gold_gain":0,"player_choice":"Opened","damage_taken":0,"relics_obtained":["PreservedInsect"],"max_hp_gain":0,"max_hp_loss":0,"event_name":"The Mausoleum","floor":20,"gold_loss":0,"cards_obtained":["Writhe"]}],"is_beta":false,"boss_relics":[{"not_picked":["Runic Dome","Pandora\u0027s Box"],"picked":"Fusion Hammer"}],"items_purged_floors":[2],"is_endless":false,"potions_floor_spawned":[6,12,13,14],"killed_by":"Sentry and Sphere","ascension_level":17}}