{"host":"amvb77pwe2wp6zyc","time":1612610755,"event":{"mods":["2.2 Compatiblity","AchievementEnabler","AlwaysNeverKeys","BaseMod","BetterRewards","Downfall","Duelist Mod","GifTheSpireLib","Minty Spire (QoL Compilation)","Permanent Neow","Quick Restart","Relic Filter","Shop Mod","StSLib","SuperFastMode","Trackpad"],"gold_per_floor":[139,153,173,184,184,213,213,213,264,276,195,211,237,254,254,328,328,339,354,387,403,423,448,255,255,255,266,266,294,327,347,347,418,418,431,444,455,466,484,484,518,543,579,601,613,651,663,695,707,719,731,743,197,230,230],"floor_reached":56,"language":"DEU","playtime":961,"items_purged":["theDuelist:NaturiaBeast","theDuelist:Sparks","theDuelist:NaturiaCliff","theDuelist:CastleWalls","theDuelist:CastleWalls","theDuelist:NaturiaRock","theDuelist:NaturiaPineapple"],"score":3581,"play_id":"abb7d1ba-073a-4e45-b5d7-5af4aeb88fc4","local_time":"20210206122555","is_ascension_mode":true,"campfire_choices":[{"data":"theDuelist:CastleWalls","floor":7,"key":"PURGE"},{"data":"theDuelist:NaturiaTulip","floor":15,"key":"PURGE"},{"floor":25,"key":"DIG"},{"floor":32,"key":"DIG"},{"floor":40,"key":"DIG"},{"floor":45,"key":"DIG"},{"floor":49,"key":"DIG"},{"floor":52,"key":"DIG"}],"circlet_count":0,"master_deck":["AscendersBane","Bandage Up","theDuelist:NaturiaSacredTree"],"relics":["theDuelist:MillenniumPuzzle","theDuelist:CardPoolRelic","theDuelist:CardPoolBasicRelic","theDuelist:BoosterPackPoolRelic","theDuelist:CardPoolAddRelic","theDuelist:CardPoolMinusRelic","theDuelist:CardPoolSaveRelic","theDuelist:CardPoolOptionsRelic","Shovel","Blue Candle","Peace Pipe","trackpad:FieryHotPepper","Unceasing Top","Calipers","Medical Kit","MerchantsRug","theDuelist:ElectricBurst","SacredBark","Turnip","Lizard Tail","theDuelist:NatureOrb","Anchor","Runic Cube","trackpad:CultistFigurine","theDuelist:MillenniumRing","theDuelist:BoosterPackMonsterEgg","trackpad:ByrdBGone","trackpad:SappingStone","Pear","Oddly Smooth Stone","Happy Flower"],"acts_visited":["Exordium","TheCity","TheBeyond","TheEnding"],"potions_floor_usage":[],"damage_taken":[{"damage":0,"enemies":"Small Slimes","floor":1,"turns":2},{"damage":0,"enemies":"Jaw Worm","floor":2,"turns":2},{"damage":0,"enemies":"Cultist","floor":3,"turns":2},{"damage":0,"enemies":"Looter","floor":4,"turns":2},{"damage":0,"enemies":"Gremlin Nob","floor":6,"turns":3},{"damage":1,"enemies":"Exordium Wildlife","floor":10,"turns":1},{"damage":1,"enemies":"2 Fungi Beasts","floor":12,"turns":1},{"damage":1,"enemies":"Lagavulin","floor":13,"turns":2},{"damage":1,"enemies":"Exordium Thugs","floor":14,"turns":1},{"damage":1,"enemies":"The Guardian","floor":16,"turns":1},{"damage":1,"enemies":"Chosen","floor":18,"turns":1},{"damage":1,"enemies":"2 Thieves","floor":19,"turns":1},{"damage":1,"enemies":"Shelled Parasite and Fungi","floor":21,"turns":1},{"damage":1,"enemies":"Snecko","floor":22,"turns":1},{"damage":1,"enemies":"Gremlin Leader","floor":23,"turns":1},{"damage":1,"enemies":"Cultist and Chosen","floor":27,"turns":1},{"damage":1,"enemies":"Book of Stabbing","floor":29,"turns":1},{"damage":1,"enemies":"Centurion and Healer","floor":31,"turns":1},{"damage":1,"enemies":"Champ","floor":33,"turns":1},{"damage":1,"enemies":"Orb Walker","floor":35,"turns":1},{"damage":1,"enemies":"3 Shapes","floor":36,"turns":1},{"damage":1,"enemies":"Jaw Worm Horde","floor":37,"turns":1},{"damage":1,"enemies":"Transient","floor":38,"turns":1},{"damage":1,"enemies":"3 Darklings","floor":39,"turns":1},{"damage":1,"enemies":"Nemesis","floor":41,"turns":1},{"damage":1,"enemies":"Writhing Mass","floor":42,"turns":1},{"damage":1,"enemies":"Transient","floor":44,"turns":1},{"damage":1,"enemies":"Reptomancer","floor":46,"turns":1},{"damage":1,"enemies":"4 Shapes","floor":48,"turns":1},{"damage":1,"enemies":"Donu and Deca","floor":50,"turns":1},{"damage":1,"enemies":"Shield and Spear","floor":54,"turns":1},{"damage":121,"enemies":"The Heart","floor":55,"turns":4}],"seed_played":"-1518023210257937197","potions_obtained":[{"floor":1,"key":"Strength Potion"},{"floor":2,"key":"Ancient Potion"},{"floor":12,"key":"theDuelist:StunPotion"},{"floor":14,"key":"sneckomod:MuddlingPotion"},{"floor":21,"key":"theDuelist:StunPotion"},{"floor":22,"key":"champ:CounterPotion"},{"floor":27,"key":"Explosive Potion"},{"floor":29,"key":"Explosive Potion"},{"floor":38,"key":"Fire Potion"},{"floor":44,"key":"theDuelist:TributeBottle"}],"is_trial":false,"path_per_floor":["M","M","M","M","?","E","R","?","T","M","$","M","E","M","R","B",null,"M","M","$","M","M","E","$","R","T","M","?","E","$","M","R","B",null,"M","M","M","M","M","R","E","M","T","M","R","E","?","M","R","B",null,"R","$","E","B",null],"character_chosen":"THE_DUELIST","items_purchased":["Shovel","Blue Candle","theDuelist:NaturiaPineapple","Empty Cage","Peace Pipe","trackpad:FieryHotPepper","Unceasing Top","Calipers","Medical Kit","MerchantsRug","Pear","Oddly Smooth Stone"],"campfire_rested":0,"item_purchase_floors":[0,0,0,0,0,0,0,0,0,11,53,53],"current_hp_per_floor":[21,21,21,21,21,21,21,26,26,29,29,32,35,40,40,45,68,73,75,75,75,75,75,75,75,75,75,75,75,75,75,75,75,75,75,74,74,75,74,74,75,75,75,75,75,75,75,75,75,74,75,75,85,84,9],"gold":230,"neow_bonus":"","is_daily":false,"chose_seed":false,"campfire_upgraded":0,"win_rate":0.0,"timestamp":1612610755,"path_taken":["M","M","M","M","?","E","R","?","T","M","?","M","E","M","R","BOSS","M","M","$","M","M","E","$","R","T","M","?","E","?","M","R","BOSS","M","M","M","M","M","R","E","M","T","M","R","E","?","M","R","BOSS","R","$","E","BOSS"],"items_purchased_type":["Relic","Relic","Card","Relic","Relic","Relic","Relic","Relic","Relic","Relic","Relic","Relic"],"build_version":"2020-12-22","purchased_purges":7,"victory":true,"max_hp_per_floor":[70,70,70,70,70,70,70,75,75,75,75,75,75,75,75,75,75,75,75,75,75,75,75,75,75,75,75,75,75,75,75,75,75,75,75,75,75,75,75,75,75,75,75,75,75,75,75,75,75,75,75,75,85,85,85],"card_choices":[{"not_picked":["theDuelist:NaturiaDragonfly","theDuelist:NaturiaMarron","theDuelist:NaturiaRagweed","theDuelist:NaturiaTulip","theDuelist:ConvulsionNature"],"picked":"SKIP","floor":1},{"not_picked":["theDuelist:NaturiaDragonfly","theDuelist:NaturiaTulip","theDuelist:LonefireBlossom","theDuelist:NaturiaRagweed","theDuelist:NaturiaPumpkin"],"picked":"SKIP","floor":2},{"not_picked":["theDuelist:NaturiaPumpkin","theDuelist:NaturiaMarron","theDuelist:LonefireBlossom","theDuelist:CopyPlant","theDuelist:AcidTrapHole"],"picked":"SKIP","floor":3},{"not_picked":["theDuelist:NaturiaParadizo","theDuelist:SeedSacredTree","theDuelist:NaturiaRagweed","theDuelist:CopyPlant","theDuelist:WormBait"],"picked":"SKIP","floor":4},{"not_picked":["Chrysalis","Madness","Sadistic Nature"],"picked":"Bandage Up","floor":6},{"not_picked":["theDuelist:NaturiaSacredTree","theDuelist:ConvulsionNature"],"picked":"SKIP","floor":10},{"not_picked":["theDuelist:Wildfire","theDuelist:WildNatureRelease","theDuelist:SeedSacredTree","theDuelist:WormBait","theDuelist:NaturiaForest"],"picked":"SKIP","floor":12},{"not_picked":["theDuelist:NaturiaDragonfly","theDuelist:LonefireBlossom","theDuelist:NaturiaRagweed","theDuelist:NaturiaMarron","theDuelist:ConvulsionNature"],"picked":"SKIP","floor":13},{"not_picked":["theDuelist:NaturiaSacredTree","theDuelist:ConvulsionNature"],"picked":"SKIP","floor":14},{"not_picked":["theDuelist:NaturiaDragonfly","theDuelist:NaturiaParadizo","theDuelist:LonefireBlossom","theDuelist:NaturiaMarron","theDuelist:Alpacaribou"],"picked":"SKIP","floor":18},{"not_picked":["theDuelist:NaturiaMarron","theDuelist:NaturiaRagweed","theDuelist:NaturiaTulip","theDuelist:SummoningSwarm","theDuelist:WormBait"],"picked":"SKIP","floor":19},{"not_picked":["theDuelist:ConvulsionNature"],"picked":"theDuelist:NaturiaSacredTree","floor":21},{"not_picked":["theDuelist:NaturiaDragonfly","theDuelist:NaturiaMarron","theDuelist:LonefireBlossom","theDuelist:NaturiaRagweed","theDuelist:Alpacaribou"],"picked":"SKIP","floor":22},{"not_picked":["theDuelist:NaturiaPumpkin+1","theDuelist:Wildfire+1","theDuelist:WildNatureRelease+1"],"picked":"SKIP","floor":23},{"not_picked":["theDuelist:WildNatureRelease","theDuelist:NaturiaPumpkin","theDuelist:AcidTrapHole","theDuelist:NaturiaParadizo","theDuelist:Wildfire"],"picked":"SKIP","floor":27},{"not_picked":["theDuelist:CastleWalls","theDuelist:NaturiaSacredTree"],"picked":"SKIP","floor":29},{"not_picked":["theDuelist:NaturiaDragonfly","theDuelist:SummoningSwarm","theDuelist:LonefireBlossom","theDuelist:NaturiaMarron","theDuelist:Alpacaribou"],"picked":"SKIP","floor":31},{"not_picked":["theDuelist:NaturiaDragonfly","theDuelist:LonefireBlossom","theDuelist:NaturiaMarron","theDuelist:NaturiaRagweed+1","theDuelist:ConvulsionNature+1"],"picked":"SKIP","floor":35},{"not_picked":["theDuelist:Alpacaribou","theDuelist:NaturiaParadizo","theDuelist:NaturiaMarron+1","theDuelist:NaturiaRagweed","theDuelist:NaturiaPumpkin"],"picked":"SKIP","floor":36},{"not_picked":["theDuelist:NaturiaDragonfly","theDuelist:AcidTrapHole","theDuelist:NaturiaPineapple+1","theDuelist:NaturiaRagweed","theDuelist:CopyPlant"],"picked":"SKIP","floor":37},{"not_picked":["Dramatic Entrance","Flash of Steel","Forethought+1","Transmutation"],"picked":"SKIP","floor":38},{"not_picked":["Good Instincts+1","Swift Strike+1","The Bomb+1","Trip"],"picked":"SKIP","floor":39},{"not_picked":["theDuelist:NaturiaDragonfly+1","theDuelist:SummoningSwarm+1","theDuelist:NaturiaMarron","theDuelist:NaturiaTulip+1","theDuelist:WildNatureRelease"],"picked":"SKIP","floor":41},{"not_picked":["theDuelist:NaturiaHorneedle","theDuelist:Wildfire+1","theDuelist:NaturiaForest+1"],"picked":"SKIP","floor":42},{"not_picked":["theDuelist:NaturiaPumpkin+1","theDuelist:NaturiaTulip","theDuelist:LonefireBlossom","theDuelist:WildNatureRelease","theDuelist:AcidTrapHole+1"],"picked":"SKIP","floor":44},{"not_picked":["Bandage Up+1","Discovery","Flash of Steel","Mayhem+1"],"picked":"SKIP","floor":46},{"not_picked":["theDuelist:NaturiaSacredTree","theDuelist:ConvulsionNature+1"],"picked":"SKIP","floor":48},{"not_picked":["theDuelist:NaturiaSacredTree+1","theDuelist:ConvulsionNature+1"],"picked":"SKIP","floor":54}],"player_experience":415097,"relics_obtained":[{"floor":6,"key":"Whetstone"},{"floor":13,"key":"theDuelist:ElectricBurst"},{"floor":25,"key":"Turnip"},{"floor":26,"key":"Lizard Tail"},{"floor":29,"key":"theDuelist:NatureOrb"},{"floor":32,"key":"Anchor"},{"floor":40,"key":"trackpad:CultistFigurine"},{"floor":41,"key":"MawBank"},{"floor":43,"key":"theDuelist:MillenniumRing"},{"floor":45,"key":"theDuelist:BoosterPackMonsterEgg"},{"floor":49,"key":"trackpad:ByrdBGone"},{"floor":52,"key":"trackpad:SappingStone"},{"floor":54,"key":"Happy Flower"}],"event_choices":[{"damage_healed":0,"gold_gain":0,"player_choice":"Leave","duelist":true,"damage_taken":0,"max_hp_gain":0,"max_hp_loss":0,"event_name":"Egyptian Village","floor":5,"gold_loss":0},{"damage_healed":0,"gold_gain":0,"player_choice":"Donut","damage_taken":0,"max_hp_gain":5,"max_hp_loss":0,"event_name":"Big Fish","floor":8,"gold_loss":0},{"damage_healed":0,"gold_gain":0,"player_choice":"Ignored","damage_taken":0,"max_hp_gain":0,"max_hp_loss":0,"event_name":"Purifier","floor":47,"gold_loss":0}],"is_beta":false,"boss_relics":[{"not_picked":["Astrolabe","Runic Pyramid"],"picked":"SacredBark"},{"not_picked":["Mark of Pain","bronze:MakeshiftBattery"],"picked":"Runic Cube"}],"items_purged_floors":[0,0,0,0,0,0,24],"is_endless":false,"potions_floor_spawned":[1,2,12,14,18,21,22,27,29,38,44,48],"ascension_level":19}}