{"host":"y9jgkjnf95sujozk","time":1612610599,"event":{"mods":["2.2 Compatiblity","AchievementEnabler","Act Like it!","BaseMod","BetterRewards","Block Reminder","Colored Map","Colored Powertips","Friendly Minions","Gensokyo","GifTheSpireLib","Hallownest","Hermit","Highlight Path","HololiveMod","Hubris","Infinite Spire","Jorbs\u0027s Wanderer Trilogy","Koishi","Marisa（霧雨　魔理沙）","Minty Spire (QoL Compilation)","Quick Restart","Random Character Button","Rare Cards Sparkle","Reimu（博??梦）","Remilia（蕾米莉?）","Replay The Spire","Shop Mod","StSLib","SuperFastMode","The Bug Knight","The Cursed","The Disciple","The Hierophant","The Jungle","The Poker Player","The Runesmith","The Senshi","The Servant 0.9.4"],"gold_per_floor":[139,139,171,71,71,71,87,97,121,171,206,226,70,70,70,168,168,205,225,225,225,225],"floor_reached":21,"language":"ENG","playtime":488,"items_purged":[],"score":312,"play_id":"867cfd81-cee1-45af-bfdf-913aebd6a7a3","local_time":"20210206122319","is_ascension_mode":true,"campfire_choices":[{"floor":6,"key":"REST"},{"floor":15,"key":"REST"}],"circlet_count":0,"master_deck":["Strike_B","Strike_B","Strike_B","Defend_B","Defend_B","Defend_B","Defend_B","Zap","Dualcast","Doom and Gloom","Capacitor","HandOfGreed","Gash+1","Steam","Capacitor","Capacitor","Panic Button","Barrage","Ball Lightning","Defragment","Panic Button","Meteor Strike+1","Turbo","Barrage"],"relics":["Cracked Core","Replay:PocketPolymizer","Chemical X","Symbiotic Virus","Boot","Ring of Greed","Ring of Misfortune","Blue Doll","Golden Egg","Runic Capacitor","Busted Crown","theJungle:SpiritDisease"],"acts_visited":["Exordium","Exordium"],"potions_floor_usage":[16,16,16],"damage_taken":[{"damage":0,"enemies":"Cultist","floor":1,"turns":2},{"damage":3,"enemies":"Jaw Worm","floor":3,"turns":4},{"damage":7,"enemies":"Small Slimes","floor":7,"turns":2},{"damage":29,"enemies":"Blue Slaver","floor":8,"turns":4},{"damage":0,"enemies":"3 Louse","floor":11,"turns":2},{"damage":6,"enemies":"Looter","floor":12,"turns":2},{"damage":41,"enemies":"Hexaghost","floor":16,"turns":8},{"damage":25,"enemies":"theJungle:5_Spyders","floor":18,"turns":7},{"damage":41,"enemies":"theJungle:Flameango_and_Byrd","floor":19,"turns":5},{"damage":10,"enemies":"theJungle:JungleHuntersEncounter","floor":21,"turns":2}],"seed_played":"-5814281974013268635","potions_obtained":[{"floor":3,"key":"ColorlessPotion"},{"floor":7,"key":"ZuzhouPotion:ReiMu"},{"floor":12,"key":"Reflective Coating"},{"floor":16,"key":"Swift Potion"},{"floor":19,"key":"Energy Potion"}],"is_trial":false,"path_per_floor":["M","?","M","$","?","R","M","M","T","?","M","M","$","$","R","B",null,"M","M","?","M"],"character_chosen":"DEFECT","items_purchased":["Doom and Gloom","Capacitor","Chemical X","HandOfGreed","Capacitor","Panic Button","Runic Capacitor"],"campfire_rested":2,"item_purchase_floors":[0,0,0,0,4,4,13],"current_hp_per_floor":[75,75,72,72,72,75,68,39,39,39,39,33,33,33,55,14,75,50,9,9,0,0],"gold":225,"neow_bonus":"","is_daily":false,"chose_seed":false,"campfire_upgraded":0,"win_rate":0.0,"timestamp":1612610599,"path_taken":["M","?","M","$","?","R","M","M","T","?","M","M","?","$","R","BOSS","M","M","?","M"],"items_purchased_type":["Card","Card","Relic","Card","Card","Card","Relic"],"build_version":"2020-12-22","purchased_purges":0,"victory":false,"max_hp_per_floor":[75,75,75,75,75,75,75,75,75,75,75,75,75,75,75,75,75,75,75,75,75,75],"card_choices":[{"not_picked":["Stack","Chill"],"picked":"Gash","floor":1},{"not_picked":["Buffer","Sweeping Beam"],"picked":"Steam","floor":3},{"not_picked":["Steam","FIFO Queue"],"picked":"Barrage","floor":7},{"not_picked":["BasicCrystalCard","Machine Learning"],"picked":"Ball Lightning","floor":8},{"not_picked":["Sweeping Beam","Panic Button"],"picked":"Defragment","floor":11},{"not_picked":["Turbo","Go for the Eyes"],"picked":"Panic Button","floor":12},{"not_picked":["ReplayTheSpireMod:Omega Cannon","Reboot"],"picked":"Meteor Strike","floor":16},{"not_picked":[],"picked":"Turbo","floor":18},{"not_picked":[],"picked":"Barrage","floor":19}],"player_experience":128658,"relics_obtained":[{"floor":9,"key":"Boot"},{"floor":10,"key":"Ring of Greed"},{"floor":10,"key":"Ring of Misfortune"},{"floor":10,"key":"Blue Doll"},{"floor":10,"key":"Golden Egg"}],"event_choices":[{"damage_healed":0,"gold_gain":0,"player_choice":"Grow","damage_taken":0,"max_hp_gain":0,"max_hp_loss":0,"event_name":"Living Wall","floor":2,"gold_loss":0,"cards_upgraded":["Gash"]},{"damage_healed":0,"gold_gain":0,"player_choice":"Box","damage_taken":0,"relics_obtained":["Symbiotic Virus"],"max_hp_gain":0,"max_hp_loss":0,"event_name":"Big Fish","floor":5,"gold_loss":0,"cards_obtained":["Regret"]}],"is_beta":false,"boss_relics":[{"not_picked":["Replay:Ancient Bell","hubris:TerracottaHorce"],"picked":"Busted Crown"}],"items_purged_floors":[],"is_endless":false,"potions_floor_spawned":[3,7,12,16,19],"killed_by":"theJungle:JungleHuntersEncounter","ascension_level":3}}