{"host":"zuf44wbx6j0c4h1p","time":1612589669,"event":{"mods":["2.2 Compatiblity","AchievementEnabler","Act Like it!","Aspiration","BaseMod","Beaked The Cultist","Better Altar","Better Match","Better Note","Better Sensory Stone","Better Skull","Better Third Choice","Better Vampires","BetterRewards","Card Filter","CatGirl Mod","Conspire","Displayed Cursed Tome","Dota2Spire","Downfall","Evolution","Fox Events","Friendly Minions","GungeonMod","Halation","Hermit","Hubris","Infinite Spire","Jedi Mod","Jorbs\u0027s Wanderer Trilogy","Marked Mod","Minty Spire (QoL Compilation)","Pale of the Ancients","Permanent Neow","Quick Restart","Reliquary","Replay The Spire","SCP261 Mod","Shedinja","Shop Mod","Spicy Shops","Spire Arcade","StSLib","Steal the Spire","The Animator","The Blue Laboratory","The Dragon Tamer","The Poker Player","The Saiyan","The Vixen","TheBandit","TheHeartMod","Uncapped","thorton"],"gold_per_floor":[11,11,23,48,61,61,92,92,92,17,36,56,87,105,105,206,206,225,238,250,260,260,260,35,66,66,66,81,96,113,113,113,214,214,231,231,259,285,148,193,193,218,218,249,249,249,174,206,260,260,260,260,306,356,356,40,40,105,105,105,105,105,105],"floor_reached":62,"language":"ENG","playtime":5046,"items_purged":["Saiyan:SAIYA_Strike","Saiyan:SAIYA_Strike","Saiyan:SAIYA_Strike"],"score":1049,"play_id":"43181321-6e8a-4586-b1cb-bf66c3ad5d12","local_time":"20210205233429","is_ascension_mode":false,"campfire_choices":[{"floor":6.0,"key":"RECALL"},{"data":"Saiyan:SenzuBean","floor":8.0,"key":"SMITH"},{"data":"Saiyan:KaioKen","floor":15.0,"key":"SMITH"},{"floor":23,"key":"REST"},{"data":"Saiyan:SuperSaiyanThree","floor":27,"key":"SMITH"},{"floor":32,"key":"DIG"},{"data":"Saiyan:MindBoom","floor":41,"key":"SMITH"},{"floor":51,"key":"REST"},{"floor":59,"key":"REST"}],"circlet_count":0,"master_deck":["Saiyan:SAIYA_Strike","Saiyan:SAIYA_Defend","Saiyan:SAIYA_Defend","Saiyan:SAIYA_Defend","Saiyan:SAIYA_Defend","Saiyan:EnergyBlast+1","Saiyan:KaioKen+1","Saiyan:RuthlessBlow+1","Saiyan:Quickening+1","Saiyan:ConcussiveBlow","Saiyan:Kienzan","Saiyan:SenzuBean+1","Saiyan:PowerUp","Saiyan:TurtleShell","Saiyan:PowerUp","Saiyan:SuperSaiyanThree+1","Saiyan:CCCapsule","Saiyan:MindBoom","Saiyan:ExpandingShockwave","Saiyan:ExpandingShockwave+1","Saiyan:Flurry+1","Saiyan:Kienzan","Saiyan:Quickening","Saiyan:KiStrike+1","Saiyan:MindBoom+1","hubris:Greed","Parasite","Injury","Saiyan:Flurry","hubris:Greed","Saiyan:FingerParry+1","Saiyan:DoubleMasenko","Saiyan:SoulSpice","hubris:Greed","Parasite","hubris:Greed","Flash of Steel+1","Saiyan:Quickening","Saiyan:Medicine+1","hubris:Lust","infinitespire:Pacifist","infinitespire:TheBestDefense","hubris:Greed","hubris:Greed","hubris:Greed","Saiyan:ExpandingShockwave","hubris:Greed","Saiyan:SuperSaiyanThree","Saiyan:PowerUp","hubris:Greed","Saiyan:KameHameHa","hubris:Greed"],"relics":["SaiyanSoul","SaiyanHeart","hubris:BottledRain","Dota2Spire:Butterfly","Dota2Spire:ShadowBlade","hubris:PeanutButter","thethorton:BottledFunds","Akabeko","Oddly Smooth Stone","Dota2Spire:UrnOfShadows","Ancient Tea Set","Chameleon Ring","Nloth\u0027s Gift","Du-Vu Doll","Dota2Spire:BladeMail","Dota2Spire:MonkeyKingBar","jedi:gremlinknob","halation:PapillonHeart","Blood Vial","reliquary:Boomerang","MerchantsRug","Toy Ornithopter","jedi:Pinwheel","hubris:Metronome","aspiration:AnachronicSnailShell","paleoftheancients:Timepiece","paleoftheancients:KeyRelic","Ice Cream","CultistMask","paleoftheancients:SoulOfTheShowman","hubris:Towel","ReplayFunnel","Lee\u0027s Waffle","hubris:TinFlute"],"acts_visited":["Exordium","TheCity","TheBeyond","paleoftheancients:PaleOfTheAncients"],"potions_floor_usage":[21,30,33,33,33,44,53,54,58,58,62,62],"damage_taken":[{"damage":0.0,"enemies":"Small Slimes","floor":1.0,"turns":2.0},{"damage":2.0,"enemies":"conspire:RoseBush","floor":3.0,"turns":3.0},{"damage":0.0,"enemies":"2 Louse","floor":5.0,"turns":1.0},{"damage":12.0,"enemies":"Gremlin Nob","floor":7.0,"turns":4.0},{"damage":33.0,"enemies":"Red Slaver","floor":11.0,"turns":9.0},{"damage":3.0,"enemies":"Exordium Thugs","floor":12.0,"turns":5.0},{"damage":12.0,"enemies":"Lagavulin","floor":13.0,"turns":6.0},{"damage":0.0,"enemies":"Looter","floor":14.0,"turns":4.0},{"damage":2.0,"enemies":"Hexaghost","floor":16.0,"turns":13.0},{"damage":25.0,"enemies":"2 Thieves","floor":18.0,"turns":6.0},{"damage":15.0,"enemies":"conspire:FuzzyDice","floor":19.0,"turns":9.0},{"damage":10.0,"enemies":"Centurion and Healer","floor":20.0,"turns":8.0},{"damage":4,"enemies":"conspire:HollyBat","floor":21,"turns":10},{"damage":13,"enemies":"Nightmare","floor":25,"turns":10},{"damage":0,"enemies":"Snake Plant","floor":28,"turns":1},{"damage":0,"enemies":"Snecko","floor":29,"turns":3},{"damage":0,"enemies":"Cultist and Chosen","floor":30,"turns":2},{"damage":33,"enemies":"conspire:MysteriousRune","floor":33,"turns":10},{"damage":0,"enemies":"3 Darklings","floor":35,"turns":3},{"damage":19,"enemies":"Orb Walker","floor":37,"turns":4},{"damage":0,"enemies":"Jaw Worm Horde","floor":38,"turns":4},{"damage":19,"enemies":"Reptomancer","floor":40,"turns":3},{"damage":0,"enemies":"Spire Growth","floor":42,"turns":3},{"damage":0,"enemies":"Writhing Mass","floor":44,"turns":3},{"damage":0,"enemies":"3 Darklings","floor":48,"turns":1},{"damage":69,"enemies":"Nightmare","floor":49,"turns":5},{"damage":0,"enemies":"Replay:Hell Engine","floor":52,"turns":1},{"damage":31,"enemies":"Replay:Hell Engine","floor":53,"turns":5},{"damage":101,"enemies":"Replay:Hell Engine","floor":54,"turns":9},{"damage":40,"enemies":"Replay:Hell Engine","floor":58,"turns":7},{"damage":267,"enemies":"paleoftheancients:N","floor":62,"turns":13}],"seed_played":"-6195621458756590619","potions_obtained":[{"floor":1.0,"key":"Dexterity Potion"},{"floor":3.0,"key":"Weak Potion"},{"floor":4.0,"key":"Elixir"},{"floor":12.0,"key":"ColorlessPotion"},{"floor":14.0,"key":"FearPotion"},{"floor":16.0,"key":"GamblersBrew"},{"floor":20,"key":"Regen Potion"},{"floor":21,"key":"hexamod:SoulburnPotion"},{"floor":28,"key":"Dota2Spire:Clarity"},{"floor":30,"key":"LiquidMemories"},{"floor":35,"key":"SCP261:BlastolaColaPotion"},{"floor":37,"key":"Dexterity Potion"},{"floor":38,"key":"Strength Potion"},{"floor":53,"key":"Weak Potion"},{"floor":57,"key":"blueLaboratory:RecallPotion"},{"floor":57,"key":"Weak Potion"},{"floor":58,"key":"Strength Potion"}],"is_trial":false,"path_per_floor":["M","?","M","?","M","R","E","R","T","$","M","M","E","M","R","B",null,"M","M","M","M","?","R","$","NM","T","R","M","M","M","?","R","B",null,"M","?","M","M","$","E","R","M","T","M","PTL","PTL","?","M","NM","?","R","B","M","M","?","$","R","M","R","T","?","B"],"character_chosen":"SAIYAJIN","items_purchased":["MerchantsRug","Toy Ornithopter","ReplayFunnel","Lee\u0027s Waffle","Saiyan:PowerUp"],"campfire_rested":3,"item_purchase_floors":[39,39,56,56,56],"current_hp_per_floor":[74,74,74,74,74,74,63,63,63,63,33,33,22,23,23,22,86,63,48,40,52,49,76,76,70,70,70,71,74,76,76,76,44,99,100,95,77,81,81,67,67,77,77,86,86,86,86,89,24,24,56,110,99,65,65,120,120,106,120,120,120,0,0],"gold":105,"neow_bonus":"TWENTY_PERCENT_HP_BONUS","is_daily":false,"chose_seed":false,"campfire_upgraded":4,"win_rate":0.0,"timestamp":1612589669,"path_taken":["M","?","M","?","M","R","E","R","T","?","M","M","E","?","R","BOSS","M","M","M","M","?","R","$","NM","T","R","M","M","M","?","R","BOSS","M","?","M","M","?","E","R","M","T","?","PTL","PTL","?","?","NM","?","R","BOSS","M","M","?","$","R","M","R","T","?","BOSS"],"items_purchased_type":["Relic","Relic","Relic","Relic","Card"],"build_version":"2020-12-22","purchased_purges":3,"victory":false,"max_hp_per_floor":[74,74,76,76,76,76,77,77,77,77,80,83,84,85,85,86,86,88,88,90,91,91,91,91,92,92,92,93,96,98,98,98,99,99,100,95,96,98,98,101,101,103,103,105,105,105,105,106,108,108,108,110,112,113,113,120,120,120,120,120,120,123,123],"card_choices":[{"not_picked":["Saiyan:SuperSaiyanForm","Saiyan:Endure"],"picked":"Saiyan:Quickening","floor":1.0},{"not_picked":["Saiyan:ExtremeSpeed","Saiyan:KameHameHa"],"picked":"Saiyan:ConcussiveBlow","floor":3.0},{"not_picked":["Saiyan:FinalFlash","Saiyan:LastResort"],"picked":"Saiyan:Kienzan","floor":5.0},{"not_picked":["Saiyan:Honing","Saiyan:Afterimage"],"picked":"Saiyan:SenzuBean","floor":7.0},{"not_picked":["Saiyan:Flurry","Saiyan:PlotArmor"],"picked":"Saiyan:PowerUp","floor":11.0},{"not_picked":["Saiyan:Planning","Saiyan:Reset","Saiyan:KameHameHa"],"picked":"SKIP","floor":12.0},{"not_picked":["Saiyan:Honing","Saiyan:Planning"],"picked":"Saiyan:TurtleShell","floor":13.0},{"not_picked":["Saiyan:SpiritSword","Saiyan:Reset"],"picked":"Saiyan:PowerUp","floor":14.0},{"not_picked":["Saiyan:GenkiDama","Saiyan:GhostAttack"],"picked":"Saiyan:SuperSaiyanThree","floor":16.0},{"not_picked":["Saiyan:Scouter","Saiyan:KameHameHa"],"picked":"Saiyan:CCCapsule","floor":18.0},{"not_picked":["Saiyan:ThirstForFight+1","Saiyan:Scouter"],"picked":"Saiyan:MindBoom","floor":19.0},{"not_picked":["Saiyan:ExtremeSpeed","Saiyan:Fly"],"picked":"Saiyan:ExpandingShockwave","floor":20},{"not_picked":["Saiyan:FingerParry","Saiyan:KiExplosion"],"picked":"Saiyan:ExpandingShockwave+1","floor":21},{"not_picked":["Saiyan:HyperTimeChamber","Saiyan:ExpandingShockwave+1"],"picked":"Saiyan:Flurry+1","floor":25},{"not_picked":["Saiyan:Scouter","Saiyan:PowerUp"],"picked":"Saiyan:Kienzan","floor":28},{"not_picked":["Saiyan:WarmUp","Saiyan:ReverberatingForce"],"picked":"Saiyan:Quickening","floor":29},{"not_picked":["Saiyan:BackAttack","Saiyan:Planning"],"picked":"Saiyan:KiStrike+1","floor":30},{"not_picked":["Saiyan:SolarFlare","Saiyan:MajinSeal"],"picked":"Saiyan:MindBoom","floor":33},{"not_picked":["Normality","ReplayTheSpireMod:IOU"],"picked":"hubris:Greed","floor":34},{"not_picked":["Regret","infinitespire:Pacifist"],"picked":"Parasite","floor":34},{"not_picked":["downfall:Bewildered","hubris:Despair"],"picked":"Injury","floor":34},{"not_picked":["Saiyan:SaiyanHubris","Saiyan:Fly"],"picked":"Saiyan:Flurry","floor":35},{"not_picked":["Saiyan:Afterimage+1","Saiyan:HyperTimeChamber"],"picked":"Saiyan:FingerParry+1","floor":37},{"not_picked":["Saiyan:WarmUp+1","Saiyan:SaiyanHubris"],"picked":"Saiyan:DoubleMasenko","floor":38},{"not_picked":["Saiyan:SaiyanHubris","Saiyan:PlotArmor+1"],"picked":"Saiyan:SoulSpice","floor":40},{"not_picked":["Saiyan:PlotArmor","Saiyan:Teleport","Saiyan:TurtleShell"],"picked":"SKIP","floor":42},{"not_picked":["Saiyan:Planning+1","Saiyan:Teleport+1","Saiyan:SaiyanHubris+1"],"picked":"SKIP","floor":44},{"not_picked":["Dark Shackles+1","jedi:forcepush+1"],"picked":"Flash of Steel+1","floor":47},{"not_picked":["Saiyan:DoubleMasenko","Saiyan:FingerParry"],"picked":"Saiyan:Quickening","floor":48},{"not_picked":["infinitespire:UltimateForm","infinitespire:DeathsTouch"],"picked":"infinitespire:SealOfDarkness+","floor":49},{"not_picked":["Saiyan:RemoveWeights","Saiyan:SolarFlare"],"picked":"Saiyan:Medicine+1","floor":49},{"not_picked":["infinitespire:NeuralNetwork","infinitespire:UltimateForm"],"picked":"infinitespire:TheBestDefense","floor":50},{"not_picked":["Saiyan:DragonFist","Saiyan:MeteorDash+1"],"picked":"Saiyan:ExpandingShockwave","floor":53},{"not_picked":["Saiyan:PowerUp","Saiyan:Reset"],"picked":"Saiyan:SuperSaiyanThree","floor":54},{"not_picked":["Saiyan:DoubleMasenko+1","Saiyan:KiStrike"],"picked":"Saiyan:KameHameHa","floor":58}],"player_experience":275264,"relics_obtained":[{"floor":7.0,"key":"hubris:BottledRain"},{"floor":9.0,"key":"Dota2Spire:Butterfly"},{"floor":11.0,"key":"Dota2Spire:ShadowBlade"},{"floor":13.0,"key":"hubris:PeanutButter"},{"floor":18.0,"key":"Akabeko"},{"floor":19.0,"key":"Oddly Smooth Stone"},{"floor":20,"key":"Dota2Spire:UrnOfShadows"},{"floor":21,"key":"Ancient Tea Set"},{"floor":25,"key":"Chameleon Ring"},{"floor":32,"key":"Du-Vu Doll"},{"floor":33,"key":"Dota2Spire:BladeMail"},{"floor":37,"key":"Blood Vial"},{"floor":38,"key":"reliquary:Boomerang"},{"floor":40,"key":"jedi:Pinwheel"},{"floor":43,"key":"hubris:Metronome"},{"floor":49,"key":"aspiration:AnachronicSnailShell"},{"floor":54,"key":"paleoftheancients:SoulOfTheShowman"},{"floor":60,"key":"hubris:TinFlute"}],"event_choices":[{"damage_healed":0,"gold_gain":0,"player_choice":"Punched","damage_taken":3,"max_hp_gain":0,"max_hp_loss":0,"event_name":"Designer","floor":22,"gold_loss":0},{"damage_healed":0,"gold_gain":0,"player_choice":"Traded Relic","damage_taken":0,"relics_obtained":["Nloth\u0027s Gift"],"max_hp_gain":0,"max_hp_loss":0,"event_name":"N\u0027loth","floor":31,"relics_lost":["EVO:Axolotl"],"gold_loss":0},{"damage_healed":0,"gold_gain":0,"player_choice":"2","damage_taken":0,"max_hp_gain":0,"max_hp_loss":0,"event_name":"betterMatch:BetterMatch","floor":47,"gold_loss":0,"cards_obtained":["betterMatch:ColorlessUncommonCard"]}],"is_beta":false,"boss_relics":[{"not_picked":["aspiration:PoetsPen_weak","reliquary:RedPaperclip"],"picked":"thethorton:BottledFunds"},{"not_picked":["reliquary:RedCape","hubris:ScarierMask"],"picked":"Replay:Ancient Bell"},{"not_picked":["Potion Belt","Omamori"],"picked":"reliquary:Buckler"},{"not_picked":["infinitespire:Broken Mirror","aspiration:SeaSaltIceCream"],"picked":"Dota2Spire:MonkeyKingBar"},{"not_picked":["jedi:kaleidoscope","hubris:FunFungus"],"picked":"jedi:gremlinknob"}],"items_purged_floors":[10,24,24],"is_endless":false,"potions_floor_spawned":[1,3,12,14,16,20,21,28,29,30,35,37,38,53,58],"killed_by":"paleoftheancients:N","ascension_level":0}}