{"host":"johnydays","time":1612618714,"event":{"mods":["BaseMod","Bestiary","Block Reminder","Colored Map","Colored Powertips","DeckTracker","Highlight Path","Minty Spire (QoL Compilation)","Relic Stats","Slay-I","StSLib","SuperFastMode"],"gold_per_floor":[117,136,136,156,169,195,195,225,225,251,176,176,176,189,189,265,265,280,212,223,223,240,240,240],"floor_reached":23,"language":"ENG","playtime":1046,"items_purged":[],"score":457,"play_id":"dcb67146-7877-4159-b5ea-be1b3774a66b","local_time":"20210206133834","is_ascension_mode":true,"campfire_choices":[{"data":"Deadly Poison","floor":7.0,"key":"SMITH"},{"data":"Footwork","floor":13,"key":"SMITH"},{"data":"Footwork","floor":15,"key":"SMITH"}],"circlet_count":0,"master_deck":["AscendersBane","Strike_G","Strike_G","Strike_G","Defend_G","Defend_G","Defend_G","Defend_G","Defend_G","Survivor","Neutralize","Deadly Poison+1","Footwork+1","Dash","Footwork+1","Footwork+1","Catalyst","Calculated Gamble","Acrobatics+1","Catalyst"],"relics":["Velvet Choker","Juzu Bracelet","Question Card","Blue Candle","Pantograph","Snecko Eye"],"acts_visited":["Exordium","TheCity"],"potions_floor_usage":[16,23,23],"damage_taken":[{"damage":1.0,"enemies":"Small Slimes","floor":1.0,"turns":4.0},{"damage":5.0,"enemies":"Cultist","floor":2.0,"turns":4.0},{"damage":0.0,"enemies":"2 Louse","floor":4.0,"turns":4.0},{"damage":0.0,"enemies":"Blue Slaver","floor":5.0,"turns":4.0},{"damage":0.0,"enemies":"Lagavulin","floor":6.0,"turns":11.0},{"damage":14.0,"enemies":"3 Sentries","floor":8.0,"turns":17.0},{"damage":0.0,"enemies":"Lagavulin","floor":10.0,"turns":9.0},{"damage":9,"enemies":"Exordium Thugs","floor":14,"turns":6},{"damage":28,"enemies":"The Guardian","floor":16,"turns":10},{"damage":1,"enemies":"Chosen","floor":18,"turns":6},{"damage":10,"enemies":"Shell Parasite","floor":20,"turns":4},{"damage":4,"enemies":"Centurion and Healer","floor":22,"turns":8},{"damage":28,"enemies":"Gremlin Leader","floor":23,"turns":3}],"seed_played":"1964756003027672537","potions_obtained":[{"floor":5.0,"key":"Energy Potion"},{"floor":6.0,"key":"Block Potion"},{"floor":10.0,"key":"GamblersBrew"},{"floor":14,"key":"Poison Potion"},{"floor":16,"key":"Poison Potion"}],"is_trial":false,"path_per_floor":["M","M","?","M","M","E","R","E","T","E","?","?","R","M","R","B",null,"M","$","M","?","M","E"],"character_chosen":"THE_SILENT","items_purchased":["Catalyst"],"campfire_rested":0,"item_purchase_floors":[19],"current_hp_per_floor":[58,53,53,53,53,53,53,39,39,39,39,39,39,30,30,27,56,55,55,45,27,23,0,0],"gold":240,"neow_bonus":"BOSS_RELIC","is_daily":false,"chose_seed":false,"campfire_upgraded":3,"win_rate":0.0,"timestamp":1612618714,"path_taken":["M","M","?","M","?","E","R","E","T","E","?","?","R","M","R","BOSS","M","$","M","?","M","E"],"items_purchased_type":["Card"],"build_version":"2020-12-18","purchased_purges":0,"victory":false,"max_hp_per_floor":[66,66,66,66,66,66,66,66,66,66,66,66,66,66,66,66,66,66,66,66,71,71,71,71],"relic_stats":{"counters":[13,90],"Blue Candle":[0],"Pantograph":25,"Snecko Eye":[42,34,54,41],"Juzu Bracelet":1,"Question Card":6,"obtain_stats":[{"Blue Candle":9,"Pantograph":10,"Velvet Choker":0,"Snecko Eye":17,"Juzu Bracelet":6,"Question Card":8,"Ring of the Snake":0},{"Blue Candle":6,"Pantograph":7,"Velvet Choker":0,"Snecko Eye":9,"Juzu Bracelet":5,"Question Card":6,"Ring of the Snake":0},{"Blue Candle":44,"Pantograph":53,"Velvet Choker":0,"Snecko Eye":69,"Juzu Bracelet":27,"Question Card":44,"Ring of the Snake":0}]},"card_choices":[{"not_picked":["Blade Dance","Acrobatics"],"picked":"Deadly Poison","floor":1.0},{"not_picked":["Night Terror","Choke"],"picked":"Footwork","floor":2.0},{"not_picked":["Dagger Throw","Dagger Spray"],"picked":"Dash","floor":4.0},{"not_picked":["Flying Knee","Noxious Fumes"],"picked":"Footwork","floor":5.0},{"not_picked":["Deflect","Blade Dance","Concentrate"],"picked":"SKIP","floor":6.0},{"not_picked":["Caltrops","Dodge and Roll"],"picked":"Footwork","floor":8.0},{"not_picked":["Sucker Punch","Accuracy","PiercingWail"],"picked":"Catalyst","floor":10.0},{"not_picked":["Bane","Slice","Poisoned Stab"],"picked":"Calculated Gamble","floor":14},{"not_picked":["Prepared","Outmaneuver","Poisoned Stab"],"picked":"Acrobatics+1","floor":18},{"not_picked":["Dagger Throw","Deflect","Prepared","Expertise"],"picked":"SKIP","floor":20},{"not_picked":["Blur","Dodge and Roll","Endless Agony","Caltrops"],"picked":"SKIP","floor":22}],"player_experience":497461,"relics_obtained":[{"floor":6.0,"key":"Juzu Bracelet"},{"floor":8.0,"key":"Question Card"},{"floor":9.0,"key":"Blue Candle"},{"floor":10.0,"key":"Pantograph"}],"event_choices":[{"cards_removed":["Strike_G"],"damage_healed":0.0,"max_hp_gain":0.0,"max_hp_loss":0.0,"gold_gain":0.0,"event_name":"Purifier","player_choice":"Purged","floor":3.0,"gold_loss":0.0,"damage_taken":0.0},{"cards_removed":["Strike_G"],"damage_healed":0.0,"max_hp_gain":0.0,"max_hp_loss":0.0,"gold_gain":0.0,"event_name":"The Cleric","player_choice":"Card Removal","floor":11.0,"gold_loss":75.0,"damage_taken":0.0},{"damage_healed":0,"gold_gain":0,"player_choice":"Forge","damage_taken":0,"max_hp_gain":0,"max_hp_loss":0,"event_name":"Accursed Blacksmith","floor":12,"gold_loss":0,"cards_upgraded":["Footwork"]},{"damage_healed":0,"gold_gain":0,"player_choice":"Shed Blood","damage_taken":23,"max_hp_gain":5,"max_hp_loss":0,"event_name":"Forgotten Altar","floor":21,"gold_loss":0}],"is_beta":true,"boss_relics":[{"not_picked":["Astrolabe","Philosopher\u0027s Stone"],"picked":"Snecko Eye"}],"items_purged_floors":[],"is_endless":false,"potions_floor_spawned":[5,6,10,14,16,18,22],"killed_by":"Gremlin Leader","ascension_level":15}}