{"host":"rjbqai8ni6dsiu37","time":1612608546,"event":{"mods":["100% Spire Juice","BaseMod","CapriCore","GungeonMod","Marisa£¨Ùöéë¡¡Øª×âÞÞ£©","Minty Spire (QoL Compilation)","Replay The Spire","Shop Mod","StSLib","Td1madao Mod","The Cursed","The Jungle","The Poker Player","WarShipGirlsR/??á´Ò³R mod"],"gold_per_floor":[111,111,111,111,111,146,165,197,197,197,197,208,225,245,245,320,320,330,347,347,29,49,49,69,103,103,22,33,52,82,99,99,99,99],"floor_reached":33,"language":"KOR","playtime":1000,"items_purged":["TheCursedMod:Dregs","TheCursedMod:Dregs"],"score":618,"play_id":"67dd59bd-7e34-4459-bef5-e3922b7167b2","local_time":"20210206194906","is_ascension_mode":true,"campfire_choices":[{"floor":10.0,"key":"REST"},{"data":"rmod:salvage","floor":15.0,"key":"SMITH"},{"data":"rmod:fletcher","floor":23,"key":"SMITH"},{"data":"rmod:highspeedmaneuver","floor":32,"key":"SMITH"}],"circlet_count":0,"master_deck":["AscendersBane","rmod:strick","rmod:strick","rmod:strick","rmod:strick+1","rmod:defend","rmod:defend+1","rmod:defend","rmod:defend","rmod:basicallowance+1","rmod:maingunfire+1","rmod:salvage+1","rmod:fletcherpendant","rmod:fletcherpendant","rmod:fletcher+1","Clumsy","rmod:fletcherpendant","rmod:fletcherpendant","rmod:fletcherpendant","rmod:fletcherpendant","rmod:highspeedmaneuver+1","rmod:fletcherpendant","rmod:fletcherpendant+1","rmod:intelligenceanalysis","rmod:fletcherpendant","rmod:fletcherpendant","rmod:fletcherpendant+1"],"relics":["rmod:firstchargereward","DemoMod:WeirdEgg","DemoMod:VorpalBullet","Snack Pack","Nunchaku","DemoMod:ClearGuonStone","Blue Candle","DemoMod:Antibody","MerchantsRug","Divine Protection","FossilizedHelix","Eternal Feather"],"acts_visited":["Exordium","TheCity"],"potions_floor_usage":[19,25,30],"damage_taken":[{"damage":6.0,"enemies":"Small Slimes","floor":1.0,"turns":3.0},{"damage":24.0,"enemies":"Gremlin Nob","floor":6.0,"turns":4.0},{"damage":0.0,"enemies":"2 Louse","floor":7.0,"turns":2.0},{"damage":23.0,"enemies":"Lagavulin","floor":8.0,"turns":8.0},{"damage":0.0,"enemies":"Jaw Worm","floor":12.0,"turns":3.0},{"damage":4.0,"enemies":"Exordium Thugs","floor":13.0,"turns":3.0},{"damage":0.0,"enemies":"Gremlin Gang","floor":14.0,"turns":4.0},{"damage":40.0,"enemies":"The Guardian","floor":16.0,"turns":13.0},{"damage":29,"enemies":"Shell Parasite","floor":18,"turns":7},{"damage":21,"enemies":"2 Thieves","floor":19,"turns":4},{"damage":13,"enemies":"Centurion and Healer","floor":22,"turns":4},{"damage":0,"enemies":"Snake Plant","floor":24,"turns":1},{"damage":0,"enemies":"Gremlin Leader","floor":25,"turns":2},{"damage":0,"enemies":"Cultist and Chosen","floor":28,"turns":3},{"damage":0,"enemies":"3 Cultists","floor":29,"turns":2},{"damage":12,"enemies":"Book of Stabbing","floor":30,"turns":5},{"damage":0,"enemies":"Snake Plant","floor":31,"turns":1},{"damage":20,"enemies":"Automaton","floor":33,"turns":6}],"seed_played":"-4107357050779653982","potions_obtained":[{"floor":6.0,"key":"Elixir"},{"floor":12.0,"key":"Block Potion"},{"floor":16.0,"key":"DuplicationPotion"},{"floor":19,"key":"LiquidBronze"},{"floor":22,"key":"Swift Potion"},{"floor":24,"key":"DuplicationPotion"},{"floor":30,"key":"BlessingOfTheForge"}],"is_trial":false,"path_per_floor":["M","?","?","?","$","E","M","E","T","R","?","M","M","M","R","B",null,"M","M","?","$","M","R","M","E","T","$","M","M","E","M","R","B"],"character_chosen":"PRAEFECT","items_purchased":["MerchantsRug","Divine Protection"],"campfire_rested":1,"item_purchase_floors":[21,21],"current_hp_per_floor":[57,43,66,66,66,42,42,19,19,40,37,39,35,39,39,11,70,47,34,34,34,29,29,29,31,45,45,49,51,51,55,70,66,66],"gold":99,"neow_bonus":"RANDOM_EVENT","is_daily":false,"chose_seed":false,"campfire_upgraded":3,"win_rate":0.0,"timestamp":1612608546,"path_taken":["M","?","?","?","$","E","M","E","T","R","?","M","M","M","R","BOSS","M","M","?","$","M","R","M","E","T","$","M","M","E","M","R","BOSS"],"items_purchased_type":["Relic","Relic"],"build_version":"2020-12-22","purchased_purges":2,"victory":false,"max_hp_per_floor":[70,70,70,70,70,70,70,70,70,70,70,70,70,70,70,70,70,70,70,70,70,70,70,70,70,84,84,84,84,84,84,84,84,84],"card_choices":[{"not_picked":["rmod:overbreakdown","rmod:aluminumsupply","rmod:fuelsupply"],"picked":"SKIP","floor":1.0},{"not_picked":["rmod:steelsupply","rmod:u235","rmod:combined"],"picked":"SKIP","floor":6.0},{"not_picked":["rmod:diaomin","rmod:tearstotiara","rmod:victimresponsibility"],"picked":"SKIP","floor":7.0},{"not_picked":["rmod:lonelyqueen","rmod:wasp","rmod:wolves"],"picked":"SKIP","floor":8.0},{"not_picked":["rmod:rockthrower","rmod:victimresponsibility"],"picked":"rmod:salvage","floor":12.0},{"not_picked":["rmod:highspeedshooting","rmod:ammunitionsupply","rmod:firesupport"],"picked":"SKIP","floor":13.0},{"not_picked":["rmod:unsinkable","rmod:heivgo","rmod:luckystar"],"picked":"SKIP","floor":14.0},{"not_picked":["Hallucinations","Normality"],"picked":"TheCursedMod:Dregs","floor":17.0},{"not_picked":["Amnesia","ReplayTheSpireMod:IOU"],"picked":"Clumsy","floor":17.0},{"not_picked":["Normality","Replay:Hysterical Blindness"],"picked":"TheCursedMod:Dregs","floor":17.0},{"not_picked":["rmod:guardianhero","rmod:diamondstrike"],"picked":"rmod:fletcherpendant","floor":18},{"not_picked":["rmod:selfconfidence","rmod:rockthrower"],"picked":"rmod:fletcherpendant","floor":19},{"not_picked":["rmod:heivgo+1","rmod:luckystar"],"picked":"rmod:highspeedmaneuver","floor":22},{"not_picked":["rmod:firesupport","rmod:diamondstrike"],"picked":"rmod:fletcherpendant","floor":24},{"not_picked":["rmod:advancebysurprise","rmod:auspiciousomen"],"picked":"rmod:intelligenceanalysis","floor":25},{"not_picked":["rmod:spoils","rmod:luckystar","rmod:launchingtorpedo"],"picked":"SKIP","floor":28},{"not_picked":["rmod:advancebysurprise+1","rmod:unsinkable","rmod:guardianhero"],"picked":"SKIP","floor":29},{"not_picked":["rmod:guardianhero","rmod:aluminumsupply","rmod:diamondstrike"],"picked":"SKIP","floor":30},{"not_picked":["rmod:lonelyqueen","rmod:wasp","rmod:firesupport"],"picked":"SKIP","floor":31}],"player_experience":237315,"relics_obtained":[{"floor":6.0,"key":"DemoMod:WeirdEgg"},{"floor":8.0,"key":"DemoMod:VorpalBullet"},{"floor":9.0,"key":"Snack Pack"},{"floor":25,"key":"FossilizedHelix"},{"floor":26,"key":"Mango"},{"floor":30,"key":"Eternal Feather"}],"event_choices":[{"damage_healed":0.0,"max_hp_gain":0.0,"max_hp_loss":0.0,"gold_gain":0.0,"event_name":"Shining Light","player_choice":"Entered Light","floor":2.0,"gold_loss":0.0,"damage_taken":14.0,"cards_upgraded":["rmod:defend","rmod:strick"]},{"damage_healed":23.0,"max_hp_gain":0.0,"max_hp_loss":0.0,"gold_gain":0.0,"event_name":"Big Fish","player_choice":"Banana","floor":3.0,"gold_loss":0.0,"damage_taken":0.0},{"damage_healed":0.0,"max_hp_gain":0.0,"max_hp_loss":0.0,"gold_gain":0.0,"event_name":"Living Wall","player_choice":"Grow","floor":4.0,"gold_loss":0.0,"damage_taken":0.0,"cards_upgraded":["rmod:maingunfire"]},{"damage_healed":0.0,"max_hp_gain":0.0,"max_hp_loss":0.0,"gold_gain":0.0,"event_name":"Scrap Ooze","player_choice":"Success","floor":11.0,"gold_loss":0.0,"damage_taken":3.0,"relics_obtained":["Nunchaku"]},{"damage_healed":0,"gold_gain":0,"player_choice":"Ignored","damage_taken":0,"max_hp_gain":0,"max_hp_loss":0,"event_name":"Ghosts","floor":20,"gold_loss":0}],"is_beta":false,"boss_relics":[{"not_picked":["Pandora\u0027s Box","Replay:Drink Me"],"picked":"Replay:Ancient Bell"},{"not_picked":["Potion Belt","Tiny Chest"],"picked":"DemoMod:ClearGuonStone"},{"not_picked":["DemoMod:PinkGuonStone","InkBottle"],"picked":"Blue Candle"},{"not_picked":["Dead Branch","Peace Pipe"],"picked":"DemoMod:Antibody"}],"items_purged_floors":[21,27],"is_endless":false,"potions_floor_spawned":[6,12,16,19,22,24,30],"killed_by":"Automaton","ascension_level":14}}