{"host":"qjy62f5erwny7xxh","time":1612649382,"event":{"mods":["2.2 Compatiblity","AchievementEnabler","BaseMod","Colored Powertips","Curses Come First","Downfall","Minty Spire (QoL Compilation)","StSLib"],"gold_per_floor":[99,111,131,231,231,242,242,0,26,43,77,138,41,56,71,172,172,72,92,92,149,169,69,69,87,104,8,22,22,22,7,24,127,127,127,177,192,93,93,153,153,153,206,206,272,328,16,41,56,56],"floor_reached":51,"language":"ENG","playtime":6269,"items_purged":["downfall:Bewildered"],"score":773,"play_id":"1472737b-e8aa-4c08-bafc-6b9986fda919","local_time":"20210206220942","is_ascension_mode":false,"campfire_choices":[{"floor":1.0,"key":"RECALL"},{"data":"champ:IgnorePain","floor":18,"key":"SMITH"},{"floor":23,"key":"REST"},{"floor":30,"key":"REST"},{"data":"Dramatic Entrance","floor":35,"key":"SMITH"},{"floor":42,"key":"REST"},{"floor":44,"key":"REST"}],"circlet_count":0,"master_deck":["champ:Strike","champ:Strike","champ:Strike","champ:Strike","champ:Defend","champ:Defend","champ:Defend","champ:Defend","champ:Execute","champ:Taunt","champ:BringItOn","champ:VampiricStrike","champ:GladiatorStyle","champ:SetATrap","champ:IronFortress","champ:CalledShot","champ:DeathBlow","champ:FanOfKnives","champ:RecklessLeap","champ:Improvising","champ:GladiatorStyle","champ:SwordSigil","champ:DefensiveStyle","champ:IgnorePain+1","champ:Shatter+1","champ:DefensiveStyle","champ:Circumvent","champ:FalseCounter+1","Dramatic Entrance+1","champ:ShieldSigil+1","champ:StanceDance","champ:CheapShot","champ:Improvising","champ:StanceDance+1","champ:DefensiveStyle","champ:ArenaPreparation+1","champ:FaceSlap+1","champ:ShieldSlam"],"relics":["champ:ChampionCrown","champ:FightingForDummies","champ:LiftRelic","Ornamental Fan","ClockworkSouvenir","White Beast Statue","Question Card","Pantograph","SacredBark","downfall:HeartBlessingRed","downfall:KnowingSkull","downfall:HeartBlessingGreen","Shuriken","sneckomod:BabySnecko","bronze:MakeshiftBattery","Bottled Lightning","Boot","Singing Bowl","InkBottle","Pear","Toy Ornithopter"],"acts_visited":["Exordium","TheCity","TheBeyond"],"potions_floor_usage":[16,16,19,21,22,25,26,26,31,32,33,33,38,38,43,43,45,46,48,50,50,50],"damage_taken":[{"damage":10.0,"enemies":"2 Louse","floor":2.0,"turns":4.0},{"damage":21.0,"enemies":"Small Slimes","floor":3.0,"turns":5.0},{"damage":10.0,"enemies":"Cultist","floor":6.0,"turns":4.0},{"damage":20.0,"enemies":"downfall:FleeingMerchant","floor":8.0,"turns":4.0},{"damage":34.0,"enemies":"3 Sentries","floor":9.0,"turns":9.0},{"damage":2.0,"enemies":"Red Slaver","floor":10.0,"turns":2.0},{"damage":26.0,"enemies":"Gremlin Nob","floor":11.0,"turns":5.0},{"damage":32.0,"enemies":"3 Sentries","floor":12.0,"turns":5.0},{"damage":20.0,"enemies":"downfall:FleeingMerchant","floor":13.0,"turns":4.0},{"damage":26.0,"enemies":"Exordium Wildlife","floor":14.0,"turns":6.0},{"damage":20.0,"enemies":"Large Slime","floor":15.0,"turns":4.0},{"damage":53,"enemies":"DF_ARCHETYPE_STREAMLINE","floor":16,"turns":10},{"damage":46,"enemies":"Spheric Guardian","floor":19,"turns":6},{"damage":3,"enemies":"3 Byrds","floor":21,"turns":3},{"damage":15,"enemies":"Snake Plant","floor":22,"turns":5},{"damage":30,"enemies":"Sentry and Sphere","floor":25,"turns":4},{"damage":14,"enemies":"Cultist and Chosen","floor":26,"turns":6},{"damage":21,"enemies":"downfall:FleeingMerchant","floor":27,"turns":4},{"damage":11,"enemies":"Snake Plant","floor":28,"turns":4},{"damage":34,"enemies":"downfall:FleeingMerchant","floor":31,"turns":4},{"damage":16,"enemies":"3 Cultists","floor":32,"turns":5},{"damage":52,"enemies":"IC_MUSHROOM_ARCHETYPE","floor":33,"turns":10},{"damage":27,"enemies":"Orb Walker","floor":36,"turns":4},{"damage":10,"enemies":"3 Shapes","floor":37,"turns":2},{"damage":55,"enemies":"downfall:FleeingMerchant","floor":38,"turns":3},{"damage":44,"enemies":"Spire Growth","floor":40,"turns":6},{"damage":77,"enemies":"Transient","floor":43,"turns":5},{"damage":65,"enemies":"Nemesis","floor":45,"turns":8},{"damage":65,"enemies":"Maw","floor":46,"turns":8},{"damage":18,"enemies":"Reptomancer","floor":48,"turns":6},{"damage":27,"enemies":"Spire Growth","floor":49,"turns":4},{"damage":119,"enemies":"WA_ARCHETYPE_DIVINITY","floor":50,"turns":12}],"seed_played":"-1990376940423125318","potions_obtained":[{"floor":2.0,"key":"champ:CounterPotion"},{"floor":9.0,"key":"champ:CounterPotion"},{"floor":10.0,"key":"SneckoOil"},{"floor":11.0,"key":"LiquidBronze"},{"floor":12.0,"key":"Weak Potion"},{"floor":13.0,"key":"Explosive Potion"},{"floor":14.0,"key":"BlessingOfTheForge"},{"floor":16,"key":"Strength Potion"},{"floor":19,"key":"Strength Potion"},{"floor":21,"key":"FearPotion"},{"floor":22,"key":"LiquidBronze"},{"floor":25,"key":"Energy Potion"},{"floor":26,"key":"FearPotion"},{"floor":27,"key":"FearPotion"},{"floor":28,"key":"FairyPotion"},{"floor":31,"key":"SteroidPotion"},{"floor":32,"key":"Explosive Potion"},{"floor":33,"key":"Regen Potion"},{"floor":36,"key":"PowerPotion"},{"floor":38,"key":"SteroidPotion"},{"floor":40,"key":"Dexterity Potion"},{"floor":43,"key":"Weak Potion"},{"floor":45,"key":"GamblersBrew"},{"floor":46,"key":"Dexterity Potion"},{"floor":48,"key":"Explosive Potion"},{"floor":49,"key":"Strength Potion"}],"is_trial":false,"path_per_floor":["R","M","M","?","?","M","T","$","E","M","E","?","$","M","M","B",null,"R","M","?","M","M","R","T","M","M","$","M","?","R","$","M","B",null,"R","M","M","$","?","M","T","R","M","R","E","M","$","E","M","B",null],"character_chosen":"THE_CHAMP","items_purchased":["ClockworkSouvenir","champ:IronFortress","champ:GladiatorStyle","Dramatic Entrance","Bottled Lightning","Boot","Pear","champ:ShieldSlam"],"campfire_rested":4,"item_purchase_floors":[8,8,13,27,38,38,47,47],"current_hp_per_floor":[90,90,89,89,89,89,89,89,85,83,67,55,55,49,49,41,90,90,59,50,47,42,69,69,49,45,44,43,43,70,51,45,38,90,90,63,63,53,53,49,49,76,70,92,92,69,79,73,68,99],"gold":56,"neow_bonus":"RANDOM_COMMON_RELIC","is_daily":false,"chose_seed":false,"campfire_upgraded":2,"win_rate":0.0,"timestamp":1612649382,"path_taken":["R","M","M","?","?","M","T","$","E","M","E","?","$","M","M","BOSS","R","M","?","M","M","R","T","M","?","?","M","?","R","$","M","BOSS","R","M","M","$","?","M","T","R","M","R","E","M","$","E","M","BOSS"],"items_purchased_type":["Relic","Card","Card","Card","Relic","Relic","Relic","Card"],"build_version":"2020-12-22","purchased_purges":1,"victory":true,"max_hp_per_floor":[90,90,90,90,90,90,90,90,90,90,90,90,90,90,90,90,90,90,90,90,90,90,90,90,90,90,90,90,90,90,90,90,90,90,90,90,90,90,90,90,90,90,92,92,92,94,104,106,108,108],"card_choices":[{"not_picked":["champ:Circumvent","champ:FlashCut"],"picked":"champ:BringItOn","floor":2.0},{"not_picked":["champ:CrownThrow","champ:BladeFlurry"],"picked":"champ:VampiricStrike","floor":3.0},{"not_picked":["champ:FalseCounter","champ:FancyFootwork"],"picked":"champ:GladiatorStyle","floor":6.0},{"not_picked":["champ:Backstep","champ:BringItOn"],"picked":"champ:SetATrap","floor":8.0},{"not_picked":["champ:BerserkersShout","champ:EnragedBash"],"picked":"champ:CalledShot","floor":9.0},{"not_picked":["champ:RapidStrikes","champ:Haymaker"],"picked":"champ:DeathBlow","floor":10.0},{"not_picked":["champ:Shatter","champ:FlashCut"],"picked":"champ:FanOfKnives","floor":11.0},{"not_picked":["champ:BringItOn","champ:SkillfulDodge","champ:TornadoPunch"],"picked":"champ:RecklessLeap","floor":12.0},{"not_picked":["champ:ArenaPreparation","champ:BerserkersShout","champ:EnragedBash"],"picked":"champ:Improvising","floor":13.0},{"not_picked":["champ:SkillfulDodge","champ:BladeFlurry","champ:FancyFootwork"],"picked":"champ:SwordSigil","floor":14.0},{"not_picked":["champ:CalledShot","champ:ViciousMockery","champ:BringItOn"],"picked":"champ:DefensiveStyle","floor":15.0},{"not_picked":["champ:HoldFirm","champ:UltimateStance","champ:MurderStrike"],"picked":"champ:IgnorePain","floor":16},{"not_picked":["champ:BerserkersShout","champ:RisingSlash+1","champ:PreciseThrust"],"picked":"champ:Shatter+1","floor":19},{"not_picked":["champ:PreciseThrust","champ:FocusedBerserking","champ:BladeFlurry+1","champ:SetATrap"],"picked":"SKIP","floor":21},{"not_picked":["champ:AdrenalArmor","champ:CrownThrow","champ:Circumvent","champ:Haymaker"],"picked":"SKIP","floor":22},{"not_picked":["champ:ViciousMockery","champ:CrownThrow","champ:BringItOn+1"],"picked":"champ:DefensiveStyle","floor":25},{"not_picked":["champ:Encircle+1","champ:EndlessRage","champ:GutPunch+1"],"picked":"champ:Circumvent","floor":26},{"not_picked":["champ:DefensiveShout","champ:FocusedBerserking","champ:ShieldThrow"],"picked":"champ:FalseCounter+1","floor":27},{"not_picked":["champ:BerserkersShout","champ:TornadoPunch+1","champ:Circumvent"],"picked":"champ:ShieldSigil+1","floor":28},{"not_picked":["champ:SkillfulDodge","champ:FancyFootwork","champ:BladeFlurry"],"picked":"champ:StanceDance","floor":31},{"not_picked":["champ:BladeFlurry","champ:BerserkerStyle","champ:RageSigil"],"picked":"champ:CheapShot","floor":32},{"not_picked":["champ:UltimateStance","champ:SwordThrow","champ:Devastate"],"picked":"champ:Improvising","floor":33},{"not_picked":["champ:ShieldSigil","champ:FanOfKnives+1","champ:TornadoPunch"],"picked":"champ:StanceDance+1","floor":36},{"not_picked":["champ:IronFortress+1","champ:PerfectedStrike","champ:FanOfKnives+1"],"picked":"champ:DefensiveStyle","floor":37},{"not_picked":["champ:FlashCut+1","champ:StanceDance+1","champ:Haymaker+1","champ:BringItOn+1"],"picked":"SKIP","floor":38},{"not_picked":["champ:ShieldSlam","champ:Lariat","champ:RisingSlash+1"],"picked":"champ:ArenaPreparation+1","floor":40},{"not_picked":["champ:EnGarde","champ:EndlessRage+1","champ:ShieldSigil+1","champ:GutPunch+1"],"picked":"Singing Bowl","floor":43},{"not_picked":["champ:PreciseThrust+1","champ:SetATrap+1","champ:GutPunch+1"],"picked":"champ:FaceSlap+1","floor":45},{"not_picked":["champ:ShieldSigil","champ:Circumvent+1","champ:ShieldThrow","champ:FanOfKnives"],"picked":"Singing Bowl","floor":46},{"not_picked":["champ:RageSigil+1","champ:FocusedDefense","champ:PreemptiveStrike+1","champ:FalseCounter+1"],"picked":"Singing Bowl","floor":48},{"not_picked":["champ:BladeFlurry","champ:CrownThrow","champ:BringItOn+1","champ:PerfectedStrike+1"],"picked":"Singing Bowl","floor":49}],"player_experience":1170397,"relics_obtained":[{"floor":7.0,"key":"Ornamental Fan"},{"floor":9.0,"key":"White Beast Statue"},{"floor":11.0,"key":"Question Card"},{"floor":24,"key":"Shuriken"},{"floor":41,"key":"Singing Bowl"},{"floor":45,"key":"InkBottle"},{"floor":48,"key":"Toy Ornithopter"}],"event_choices":[],"is_beta":false,"boss_relics":[{"not_picked":["Sozu","champ:ChampionCrownUpgraded"],"picked":"SacredBark"},{"not_picked":["Black Star","Runic Pyramid"],"picked":"bronze:MakeshiftBattery"}],"items_purged_floors":[38],"is_endless":false,"potions_floor_spawned":[2,9,10,11,12,13,14,15,16,19,21,22,25,26,27,28,31,32,33,36,37,38,40,43,45,46,48,49],"ascension_level":0}}