{"host":"avybiddlniqinkgc","time":1612583668,"event":{"mods":["AchievementEnabler","BaseMod","Colored Map","DeckTracker","Highlight Path","KOR Keyword Fix","Keyboard Shortcuts","Minty Spire (QoL Compilation)","Permanent Neow","Quick Restart","Random Character Button","Rare Cards Sparkle","StSLib","SuperFastMode"],"gold_per_floor":[112,31,31,31,45,45,60,80,103,131,151,151,151,207,207,305,305,315,315,330,349,349,349,367,35,59,78,107,117,216,231,231,331,331,344,357,257,271,97,123,123,153,178,188,205,205,0,82,82,82],"floor_reached":51,"language":"KOR","playtime":1277,"items_purged":["Defend_R","Strike_R","Strike_R"],"score":804,"play_id":"e93064be-3b3d-4b46-b1d7-146e94b4ca2c","local_time":"20210206125428","is_ascension_mode":false,"campfire_choices":[{"data":"Inflame","floor":6.0,"key":"SMITH"},{"data":"Offering","floor":15,"key":"SMITH"},{"data":"Battle Trance","floor":23,"key":"SMITH"},{"data":"Burning Pact","floor":32,"key":"SMITH"},{"data":"Double Tap","floor":41,"key":"SMITH"},{"floor":46,"key":"REST"},{"data":"Pommel Strike","floor":49,"key":"SMITH"}],"circlet_count":0,"master_deck":["Strike_R","Strike_R","Strike_R+1","Bash+1","Thunderclap+1","Inflame+1","Impervious","Twin Strike+1","Offering+1","Battle Trance+1","Barricade+1","Entrench+1","Shrug It Off","Armaments+1","Pommel Strike+1","Disarm","Ghostly Armor","Burning Pact+1","Searing Blow+1","Twin Strike+1","Warcry+1","Shrug It Off+1","Shrug It Off","Headbutt","Double Tap+1","Body Slam+1"],"relics":["Burning Blood","Anchor","Ancient Tea Set","Centennial Puzzle","Sozu","Mercury Hourglass","Whetstone","Blood Vial","Astrolabe","Toy Ornithopter","Red Skull","Oddly Smooth Stone","Red Mask","Kunai"],"acts_visited":["Exordium","TheCity","TheBeyond"],"potions_floor_usage":[10,16,16],"damage_taken":[{"damage":4.0,"enemies":"2 Louse","floor":1.0,"turns":3.0},{"damage":0.0,"enemies":"Small Slimes","floor":5.0,"turns":3.0},{"damage":0.0,"enemies":"Cultist","floor":7.0,"turns":2.0},{"damage":2.0,"enemies":"Blue Slaver","floor":8.0,"turns":4.0},{"damage":13,"enemies":"Gremlin Nob","floor":10,"turns":4},{"damage":9,"enemies":"Red Slaver","floor":11,"turns":3},{"damage":44,"enemies":"The Guardian","floor":16,"turns":8},{"damage":6,"enemies":"Spheric Guardian","floor":18,"turns":6},{"damage":16,"enemies":"2 Thieves","floor":20,"turns":3},{"damage":6,"enemies":"Sentry and Sphere","floor":21,"turns":8},{"damage":7,"enemies":"Shelled Parasite and Fungi","floor":24,"turns":5},{"damage":6,"enemies":"Cultist and Chosen","floor":27,"turns":5},{"damage":6,"enemies":"Gremlin Leader","floor":28,"turns":7},{"damage":6,"enemies":"Snake Plant","floor":29,"turns":6},{"damage":0,"enemies":"Snecko","floor":31,"turns":4},{"damage":9,"enemies":"Champ","floor":33,"turns":19},{"damage":19,"enemies":"3 Shapes","floor":35,"turns":4},{"damage":11,"enemies":"3 Darklings","floor":36,"turns":4},{"damage":6,"enemies":"Jaw Worm Horde","floor":38,"turns":8},{"damage":33,"enemies":"Reptomancer","floor":40,"turns":11},{"damage":6,"enemies":"Nemesis","floor":42,"turns":13},{"damage":28,"enemies":"Transient","floor":44,"turns":5},{"damage":6,"enemies":"Writhing Mass","floor":45,"turns":5},{"damage":9,"enemies":"Awakened One","floor":50,"turns":15}],"seed_played":"-2601058924286112612","potions_obtained":[{"floor":7.0,"key":"Swift Potion"},{"floor":10,"key":"DistilledChaos"},{"floor":11,"key":"AttackPotion"}],"is_trial":false,"path_per_floor":["M","$","?","?","M","R","M","M","T","E","M","?","?","?","R","B",null,"M","?","M","M","?","R","M","$","T","M","E","M","?","M","R","B",null,"M","M","$","M","$","E","R","E","T","M","M","R","?","T","R","B",null],"character_chosen":"IRONCLAD","items_purchased":["Inflame","Mercury Hourglass","Headbutt"],"campfire_rested":1,"item_purchase_floors":[2,25,39],"current_hp_per_floor":[80,80,77,82,85,85,85,85,85,78,75,58,58,58,58,20,85,85,85,75,75,75,75,74,74,74,74,74,76,76,84,84,82,85,72,69,69,71,71,46,46,48,48,28,30,55,55,55,55,54],"gold":82,"neow_bonus":"","is_daily":false,"chose_seed":false,"campfire_upgraded":6,"win_rate":0.0,"timestamp":1612583668,"path_taken":["M","$","?","?","M","R","M","M","T","E","M","?","?","?","R","BOSS","M","?","M","?","?","R","M","$","T","?","E","?","?","M","R","BOSS","M","M","$","M","$","E","R","E","T","M","M","R","?","?","R","BOSS"],"items_purchased_type":["Card","Relic","Card"],"build_version":"2020-12-22","purchased_purges":3,"victory":true,"max_hp_per_floor":[80,80,80,85,85,85,85,85,85,85,85,85,85,85,85,85,85,85,85,85,85,85,85,85,85,85,85,85,85,85,85,85,85,85,85,85,85,85,85,85,85,85,85,85,85,85,85,85,85,85],"card_choices":[{"not_picked":["Clothesline","Anger"],"picked":"Thunderclap","floor":1.0},{"not_picked":["Rupture","Clothesline","Iron Wave"],"picked":"SKIP","floor":5.0},{"not_picked":["Flex","Pummel"],"picked":"Impervious","floor":7.0},{"not_picked":["Entrench","Shrug It Off"],"picked":"Twin Strike","floor":8.0},{"not_picked":["Headbutt","True Grit"],"picked":"Offering","floor":10},{"not_picked":["Infernal Blade","Warcry"],"picked":"Battle Trance","floor":11},{"not_picked":["Juggernaut","Berserk"],"picked":"Barricade","floor":16},{"not_picked":["Clothesline","Flex"],"picked":"Entrench+1","floor":18},{"not_picked":["Carnage","Twin Strike"],"picked":"Shrug It Off","floor":20},{"not_picked":["Clash+1","True Grit"],"picked":"Armaments+1","floor":21},{"not_picked":["Bloodletting+1","Fire Breathing","Sword Boomerang+1"],"picked":"SKIP","floor":24},{"not_picked":["Flex","Power Through"],"picked":"Pommel Strike","floor":27},{"not_picked":["Reaper","Perfected Strike"],"picked":"Disarm","floor":28},{"not_picked":["Body Slam","Flex"],"picked":"Ghostly Armor","floor":29},{"not_picked":["Clash+1","Armaments+1"],"picked":"Burning Pact","floor":31},{"not_picked":["Metallicize","Clash+1"],"picked":"Shrug It Off+1","floor":35},{"not_picked":["Thunderclap","Carnage+1","Flex+1"],"picked":"SKIP","floor":36},{"not_picked":["Perfected Strike","Fire Breathing+1"],"picked":"Shrug It Off","floor":38},{"not_picked":["Clothesline","Armaments+1"],"picked":"Double Tap","floor":40},{"not_picked":["Dark Embrace+1","Perfected Strike+1","Flex+1"],"picked":"SKIP","floor":42},{"not_picked":["Anger+1","Searing Blow"],"picked":"Body Slam+1","floor":44},{"not_picked":["Iron Wave","Whirlwind","Warcry"],"picked":"SKIP","floor":45}],"player_experience":0,"relics_obtained":[{"floor":9.0,"key":"Ancient Tea Set"},{"floor":10,"key":"Centennial Puzzle"},{"floor":26,"key":"Whetstone"},{"floor":28,"key":"Blood Vial"},{"floor":40,"key":"Toy Ornithopter"},{"floor":42,"key":"Red Skull"},{"floor":43,"key":"Oddly Smooth Stone"},{"floor":48,"key":"Kunai"}],"event_choices":[{"damage_healed":0.0,"max_hp_gain":0.0,"max_hp_loss":0.0,"gold_gain":0.0,"event_name":"Scrap Ooze","player_choice":"Success","floor":3.0,"gold_loss":0.0,"damage_taken":3.0,"relics_obtained":["Anchor"]},{"damage_healed":0.0,"max_hp_gain":5.0,"max_hp_loss":0.0,"gold_gain":0.0,"event_name":"Big Fish","player_choice":"Donut","floor":4.0,"gold_loss":0.0,"damage_taken":0.0},{"damage_healed":0,"gold_gain":0,"player_choice":"Entered Light","damage_taken":17,"max_hp_gain":0,"max_hp_loss":0,"event_name":"Shining Light","floor":12,"gold_loss":0,"cards_upgraded":["Strike_R","Bash"]},{"damage_healed":0,"gold_gain":0,"player_choice":"Ignored","damage_taken":0,"max_hp_gain":0,"max_hp_loss":0,"event_name":"Liars Game","floor":13,"gold_loss":0},{"damage_healed":0,"gold_gain":56,"player_choice":"Gained Gold","damage_taken":0,"max_hp_gain":0,"max_hp_loss":0,"event_name":"Golden Wing","floor":14,"gold_loss":0},{"damage_healed":0,"gold_gain":0,"player_choice":"Full Heal","damage_taken":0,"max_hp_gain":0,"max_hp_loss":0,"event_name":"Wheel of Change","floor":19,"gold_loss":0},{"damage_healed":0,"gold_gain":0,"player_choice":"Forge","damage_taken":0,"max_hp_gain":0,"max_hp_loss":0,"event_name":"Accursed Blacksmith","floor":22,"gold_loss":0,"cards_upgraded":["Barricade"]},{"damage_healed":0,"gold_gain":99,"player_choice":"Stole From Cult","damage_taken":0,"max_hp_gain":0,"max_hp_loss":0,"event_name":"Nest","floor":30,"gold_loss":0},{"damage_healed":0,"gold_gain":0,"player_choice":"Paid","damage_taken":0,"relics_obtained":["Red Mask"],"max_hp_gain":0,"max_hp_loss":0,"event_name":"Tomb of Lord Red Mask","floor":47,"gold_loss":205}],"is_beta":false,"boss_relics":[{"not_picked":["Empty Cage","Cursed Key"],"picked":"Sozu"},{"not_picked":["Tiny House","Runic Pyramid"],"picked":"Astrolabe"}],"items_purged_floors":[25,37,39],"is_endless":false,"potions_floor_spawned":[7,10,11,20,21,24,28,29,33,35,42,45],"ascension_level":0}}