{"host":"bf5upntvbdompq33","time":1612585634,"event":{"mods":["BaseMod","Colored Map","Colored Powertips","Curses Come First","Minty Spire (QoL Compilation)","StSLib","The Dragon Tamer","The Hierophant","The Marked","The Mystic","The Servant 0.9.4"],"gold_per_floor":[10,10,20,38,38,38,73,248,272,272,329,340,340,350,350,350,350],"floor_reached":16,"language":"ENG","playtime":848,"items_purged":[],"score":170,"play_id":"35772e24-f2c6-4e98-848d-3f4fa43ff783","local_time":"20210205212714","is_ascension_mode":true,"campfire_choices":[{"data":"Combust","floor":6,"key":"SMITH"},{"data":"Immolate","floor":10,"key":"SMITH"},{"data":"Heavy Blade","floor":13,"key":"SMITH"},{"data":"Shockwave","floor":15,"key":"SMITH"}],"circlet_count":0,"master_deck":["AscendersBane","Strike_R","Strike_R","Strike_R","Strike_R","Defend_R","Defend_R","Defend_R","Defend_R","Bash","Immolate+1","Disarm","Combust+1","Metallicize","Doubt","Heavy Blade+1","Warcry","Shockwave+1"],"relics":["Burning Blood","CultistMask","Bag of Preparation","Bronze Scales","Thread and Needle"],"acts_visited":["Exordium"],"potions_floor_usage":[12,16],"damage_taken":[{"damage":0,"enemies":"2 Louse","floor":1,"turns":1},{"damage":1,"enemies":"Cultist","floor":3,"turns":3},{"damage":2,"enemies":"Small Slimes","floor":4,"turns":3},{"damage":34,"enemies":"Gremlin Nob","floor":7,"turns":5},{"damage":15,"enemies":"3 Sentries","floor":11,"turns":5},{"damage":1,"enemies":"Blue Slaver","floor":12,"turns":2},{"damage":0,"enemies":"Gremlin Gang","floor":14,"turns":1},{"damage":44,"enemies":"The Guardian","floor":16,"turns":10}],"seed_played":"-817600992775172665","potions_obtained":[{"floor":4,"key":"ElixirPotion"},{"floor":11,"key":"Block Potion"},{"floor":12,"key":"AttackPotion"}],"is_trial":false,"path_per_floor":["M","?","M","M","?","R","E","?","T","R","?","M","R","M","R","B"],"character_chosen":"IRONCLAD","items_purchased":[],"campfire_rested":0,"item_purchase_floors":[],"current_hp_per_floor":[74,74,75,75,68,68,40,40,40,40,31,36,36,42,42,0,0],"gold":350,"neow_bonus":"THREE_RARE_CARDS","is_daily":false,"chose_seed":false,"campfire_upgraded":4,"win_rate":0.0,"timestamp":1612585634,"path_taken":["M","?","M","?","?","R","E","?","T","R","?","M","R","M","R","BOSS"],"items_purchased_type":[],"build_version":"2020-12-22","purchased_purges":0,"victory":false,"max_hp_per_floor":[75,75,75,75,75,75,75,75,75,75,75,75,75,75,75,75,75],"card_choices":[{"not_picked":["Reaper","Corruption"],"picked":"Immolate","floor":0},{"not_picked":["Sword Boomerang","Dark Embrace"],"picked":"Disarm","floor":1},{"not_picked":["Rupture","Wild Strike"],"picked":"Combust","floor":3},{"not_picked":["Sword Boomerang","Havoc","True Grit"],"picked":"SKIP","floor":4},{"not_picked":["Inflame","Reckless Charge"],"picked":"Metallicize","floor":7},{"not_picked":["Spot Weakness","Wild Strike"],"picked":"Heavy Blade","floor":11},{"not_picked":["Heavy Blade","Combust"],"picked":"Warcry","floor":12},{"not_picked":["Sentinel","Perfected Strike"],"picked":"Shockwave","floor":14}],"player_experience":1448659,"relics_obtained":[{"floor":7,"key":"Bag of Preparation"},{"floor":9,"key":"Bronze Scales"}],"event_choices":[{"damage_healed":0,"gold_gain":0,"player_choice":"Trade","damage_taken":0,"relics_obtained":["CultistMask"],"max_hp_gain":0,"max_hp_loss":0,"event_name":"FaceTrader","floor":2,"gold_loss":0},{"cards_removed":["Strike_R"],"damage_healed":0,"gold_gain":0,"player_choice":"Card Removal","damage_taken":7,"max_hp_gain":0,"max_hp_loss":0,"event_name":"Golden Wing","floor":5,"gold_loss":0},{"damage_healed":0,"gold_gain":175,"player_choice":"AGREE","damage_taken":0,"max_hp_gain":0,"max_hp_loss":0,"event_name":"Liars Game","floor":8,"gold_loss":0,"cards_obtained":["Doubt"]},{"damage_healed":0,"gold_gain":0,"player_choice":"Searched \u00272\u0027 times","damage_taken":0,"relics_obtained":["Thread and Needle"],"max_hp_gain":0,"max_hp_loss":0,"event_name":"Dead Adventurer","floor":11,"gold_loss":0}],"is_beta":false,"boss_relics":[],"items_purged_floors":[],"is_endless":false,"potions_floor_spawned":[4,11,12,14],"killed_by":"The Guardian","ascension_level":14}}