{"host":"k919bq8mkuzdqhzi","time":1612640885,"event":{"mods":["AchievementEnabler","BaseMod","Colored Map","Colored Powertips","DeckTracker","Minty Spire (QoL Compilation)","Relic Sorter","SuperFastMode"],"gold_per_floor":[115,115,132,148,164,164,194,194,194,217,229,38,58,77,77,181,181,201,219,134,166,176,176,191,46,46,46,46,46,46,64,64,64,64],"floor_reached":33,"language":"ENG","playtime":3022,"items_purged":["Strike_B"],"score":274,"play_id":"84273b74-0c46-4f27-b198-ea80e180b314","local_time":"20210206144805","is_ascension_mode":false,"campfire_choices":[{"data":"Zap","floor":6.0,"key":"SMITH"},{"data":"Go for the Eyes","floor":8.0,"key":"SMITH"},{"data":"Redo","floor":15,"key":"SMITH"},{"floor":23,"key":"REST"},{"data":"Biased Cognition","floor":28,"key":"SMITH"},{"data":"Auto Shields","floor":30,"key":"SMITH"},{"floor":32,"key":"REST"}],"circlet_count":0,"master_deck":["Zap+1","Dualcast+1","Go for the Eyes+1","Hello World","Gash","Ball Lightning","All For One","Cold Snap","Seek","Conserve Battery","Redo+1","Coolheaded","Creative AI","Undo","Streamline","Force Field","Steam","Echo Form","Steam Power","Genetic Algorithm","Chill+1","Static Discharge+1","Auto Shields+1","Biased Cognition+1","Writhe","Doom and Gloom","Double Energy+1"],"relics":["Cracked Core","NeowsBlessing","War Paint","Blue Candle","Tiny Chest","Pandora\u0027s Box","Meat on the Bone","Red Mask","Lantern","Happy Flower","Dream Catcher"],"acts_visited":["Exordium","TheCity"],"potions_floor_usage":[16,16,16,21,33,33],"damage_taken":[{"damage":0.0,"enemies":"Jaw Worm","floor":1.0,"turns":1.0},{"damage":0.0,"enemies":"Cultist","floor":3.0,"turns":1.0},{"damage":0.0,"enemies":"Small Slimes","floor":4.0,"turns":1.0},{"damage":5.0,"enemies":"Looter","floor":5.0,"turns":3.0},{"damage":3.0,"enemies":"Lagavulin","floor":7.0,"turns":4.0},{"damage":2.0,"enemies":"Red Slaver","floor":11.0,"turns":3.0},{"damage":0,"enemies":"Blue Slaver","floor":13,"turns":3},{"damage":0,"enemies":"Looter","floor":14,"turns":3},{"damage":11,"enemies":"The Guardian","floor":16,"turns":9},{"damage":21,"enemies":"3 Byrds","floor":18,"turns":5},{"damage":19,"enemies":"Spheric Guardian","floor":19,"turns":4},{"damage":30,"enemies":"Masked Bandits","floor":21,"turns":4},{"damage":3,"enemies":"Centurion and Healer","floor":22,"turns":6},{"damage":7,"enemies":"Snecko","floor":24,"turns":6},{"damage":26,"enemies":"Cultist and Chosen","floor":31,"turns":8},{"damage":49,"enemies":"Automaton","floor":33,"turns":10}],"seed_played":"-7681532779897965266","potions_obtained":[{"floor":1.0,"key":"Explosive Potion"},{"floor":5.0,"key":"LiquidBronze"},{"floor":11.0,"key":"SteroidPotion"},{"floor":13,"key":"FearPotion"},{"floor":14,"key":"Strength Potion"},{"floor":19,"key":"Fire Potion"},{"floor":22,"key":"Explosive Potion"},{"floor":24,"key":"Explosive Potion"}],"is_trial":false,"path_per_floor":["M","?","M","M","M","R","E","R","T","T","M","$","M","M","R","B",null,"M","M","?","?","M","R","M","$","T","?","R","T","R","M","R","B"],"character_chosen":"DEFECT","items_purchased":["Seek","Conserve Battery","Biased Cognition"],"campfire_rested":2,"item_purchase_floors":[12,12,25],"current_hp_per_floor":[75,75,75,75,70,70,67,67,67,67,65,65,65,65,65,54,75,54,35,35,17,26,48,41,41,41,41,41,41,41,27,49,0,0],"gold":64,"neow_bonus":"THREE_ENEMY_KILL","is_daily":false,"chose_seed":false,"campfire_upgraded":5,"win_rate":0.0,"timestamp":1612640885,"path_taken":["M","?","?","?","M","R","E","R","T","?","M","$","M","M","R","BOSS","M","M","?","?","M","R","M","$","T","?","R","?","R","M","R","BOSS"],"items_purchased_type":["Card","Card","Card"],"build_version":"2020-12-22","purchased_purges":1,"victory":false,"max_hp_per_floor":[75,75,75,75,75,75,75,75,75,75,75,75,75,75,75,75,75,75,75,75,75,75,75,75,75,75,75,75,75,75,75,75,75,75],"card_choices":[{"not_picked":["Heatsinks","Streamline"],"picked":"Go for the Eyes","floor":1.0},{"not_picked":["Streamline","Barrage"],"picked":"Hello World","floor":3.0},{"not_picked":["Streamline","Go for the Eyes"],"picked":"Gash","floor":4.0},{"not_picked":["Leap","Undo"],"picked":"Ball Lightning","floor":5.0},{"not_picked":["Redo","Steam Power"],"picked":"All For One","floor":7.0},{"not_picked":["Rebound","Compile Driver"],"picked":"Cold Snap","floor":11.0},{"not_picked":["Go for the Eyes","Scrape"],"picked":"Redo","floor":13},{"not_picked":["Go for the Eyes","Ball Lightning"],"picked":"Coolheaded","floor":14},{"not_picked":["All For One","Fission"],"picked":"Creative AI","floor":16},{"not_picked":["Conserve Battery+1","Undo"],"picked":"Genetic Algorithm","floor":18},{"not_picked":["Streamline+1","Hello World","Hologram+1"],"picked":"SKIP","floor":19},{"not_picked":["Coolheaded","Tempest+1"],"picked":"Chill+1","floor":21},{"not_picked":["Ball Lightning+1","Genetic Algorithm+1"],"picked":"Static Discharge+1","floor":22},{"not_picked":["Beam Cell","Stack"],"picked":"Auto Shields","floor":24},{"not_picked":["Stack","Redo"],"picked":"Doom and Gloom","floor":31},{"not_picked":["Doom and Gloom+1","Barrage"],"picked":"Double Energy+1","floor":32}],"player_experience":112929,"relics_obtained":[{"floor":7.0,"key":"War Paint"},{"floor":9.0,"key":"Blue Candle"},{"floor":10.0,"key":"Tiny Chest"},{"floor":21,"key":"Red Mask"},{"floor":26,"key":"Lantern"},{"floor":29,"key":"Dream Catcher"}],"event_choices":[{"cards_removed":["Strike_B"],"damage_healed":0.0,"max_hp_gain":0.0,"max_hp_loss":0.0,"gold_gain":0.0,"event_name":"Bonfire Elementals","player_choice":"Offered Basic","floor":2.0,"gold_loss":0.0,"damage_taken":0.0},{"damage_healed":0,"gold_gain":0,"player_choice":"Obtained Relic","damage_taken":0,"relics_obtained":["Meat on the Bone"],"max_hp_gain":0,"max_hp_loss":0,"event_name":"Addict","floor":20,"gold_loss":85},{"damage_healed":0,"gold_gain":0,"player_choice":"Fought Bandits","damage_taken":0,"max_hp_gain":0,"max_hp_loss":0,"event_name":"Masked Bandits","floor":21,"gold_loss":0},{"damage_healed":0,"gold_gain":0,"player_choice":"Opened","damage_taken":0,"relics_obtained":["Happy Flower"],"max_hp_gain":0,"max_hp_loss":0,"event_name":"The Mausoleum","floor":27,"gold_loss":0,"cards_obtained":["Writhe"]}],"is_beta":false,"boss_relics":[{"not_picked":["Coffee Dripper","Empty Cage"],"picked":"Pandora\u0027s Box"}],"items_purged_floors":[12],"is_endless":false,"potions_floor_spawned":[1,5,11,13,14,19,22,24],"killed_by":"Automaton","ascension_level":0}}