{"host":"6q6idgl71g9ab7at","time":1612577434,"event":{"mods":["BaseMod","Minty Spire (QoL Compilation)","StSLib","SuperFastMode"],"gold_per_floor":[11,22,37,47,47,47,60,6,30,41,71,71,102,102,102,202,202,217,227,242,262,277,305,305,331,331,360,360,360,374,108,108,208,208,222,272,288,288,307,307,136,136,163,113,113,144,6,20,20,20],"floor_reached":51,"language":"KOR","playtime":1282,"items_purged":["Strike_G+1","Strike_G+1","Strike_G+1"],"score":894,"play_id":"f347dacb-f840-4fd9-ac1e-619845196a1d","local_time":"20210206111034","is_ascension_mode":true,"campfire_choices":[{"data":"Dash","floor":6.0,"key":"SMITH"},{"data":"Neutralize","floor":12.0,"key":"SMITH"},{"data":"After Image","floor":15.0,"key":"SMITH"},{"data":"Glass Knife","floor":28,"key":"SMITH"},{"data":"Blade Dance","floor":32,"key":"SMITH"},{"data":"1","floor":40,"key":"LIFT"},{"data":"Cloak And Dagger","floor":42,"key":"SMITH"},{"data":"2","floor":49,"key":"LIFT"}],"circlet_count":0,"master_deck":["Defend_G+1","Defend_G+1","Defend_G+1","Defend_G+1","Defend_G+1","Survivor","Neutralize+1","Blade Dance","Dash+1","Acrobatics","Sucker Punch+1","Accuracy+1","Cloak And Dagger+1","After Image+1","Cloak And Dagger","Glass Knife+1","Dash","Infinite Blades","Deflect","Heel Hook","Blade Dance+1","Accuracy+1","Finisher","Underhanded Strike+1","Backflip+1","Acrobatics+1","Blade Dance","Panache","Blur","Blade Dance","Escape Plan+1"],"relics":["Ring of the Snake","Torii","Blood Vial","Regal Pillow","Whetstone","Busted Crown","Mummified Hand","Nilry\u0027s Codex","Sundial","Boot","Centennial Puzzle","Membership Card","Empty Cage","Girya","Smiling Mask","Pear","Frozen Egg 2","Vajra"],"acts_visited":["Exordium","TheCity","TheBeyond"],"potions_floor_usage":[27,50,50],"damage_taken":[{"damage":0.0,"enemies":"2 Louse","floor":1.0,"turns":2.0},{"damage":1.0,"enemies":"Small Slimes","floor":2.0,"turns":4.0},{"damage":0.0,"enemies":"Jaw Worm","floor":3.0,"turns":4.0},{"damage":1.0,"enemies":"Large Slime","floor":4.0,"turns":7.0},{"damage":1.0,"enemies":"Blue Slaver","floor":7.0,"turns":4.0},{"damage":7.0,"enemies":"Gremlin Gang","floor":10.0,"turns":5.0},{"damage":18.0,"enemies":"Gremlin Nob","floor":11.0,"turns":5.0},{"damage":11.0,"enemies":"3 Sentries","floor":13.0,"turns":12.0},{"damage":13.0,"enemies":"The Guardian","floor":16.0,"turns":11.0},{"damage":0.0,"enemies":"Shell Parasite","floor":18.0,"turns":6.0},{"damage":1.0,"enemies":"Chosen","floor":19.0,"turns":5.0},{"damage":10.0,"enemies":"Centurion and Healer","floor":20.0,"turns":5.0},{"damage":3.0,"enemies":"Chosen and Byrds","floor":21.0,"turns":6.0},{"damage":1.0,"enemies":"Cultist and Chosen","floor":22.0,"turns":7.0},{"damage":7.0,"enemies":"Gremlin Leader","floor":23.0,"turns":8.0},{"damage":1,"enemies":"Book of Stabbing","floor":25,"turns":5},{"damage":7,"enemies":"Slavers","floor":27,"turns":7},{"damage":9,"enemies":"Snake Plant","floor":30,"turns":3},{"damage":20,"enemies":"Collector","floor":33,"turns":9},{"damage":7,"enemies":"3 Shapes","floor":35,"turns":4},{"damage":2,"enemies":"Mind Bloom Boss Battle","floor":36,"turns":5},{"damage":1,"enemies":"3 Darklings","floor":37,"turns":5},{"damage":0,"enemies":"Spire Growth","floor":39,"turns":4},{"damage":0,"enemies":"Giant Head","floor":46,"turns":3},{"damage":1,"enemies":"Sphere and 2 Shapes","floor":48,"turns":4},{"damage":1,"enemies":"Donu and Deca","floor":50,"turns":6}],"seed_played":"3521879227924456888","potions_obtained":[{"floor":3.0,"key":"Block Potion"},{"floor":4.0,"key":"AttackPotion"},{"floor":7.0,"key":"LiquidBronze"},{"floor":13.0,"key":"Block Potion"},{"floor":16.0,"key":"Fruit Juice"},{"floor":20.0,"key":"BlessingOfTheForge"},{"floor":21.0,"key":"AttackPotion"},{"floor":27,"key":"FearPotion"},{"floor":30,"key":"Ancient Potion"},{"floor":33,"key":"SpeedPotion"},{"floor":35,"key":"FearPotion"},{"floor":37,"key":"Energy Potion"}],"is_trial":false,"path_per_floor":["M","M","M","M","?","R","M","$","T","M","E","R","E","?","R","B",null,"M","M","M","M","M","E","?","E","T","E","R","?","M","$","R","B",null,"M","?","M","?","M","R","$","R","T","$","T","E","$","M","R","B",null],"character_chosen":"THE_SILENT","items_purchased":["Cloak And Dagger","Membership Card","Blade Dance","Accuracy","Finisher","Blade Dance","Panache","Vajra","Blur","Blade Dance"],"campfire_rested":0,"item_purchase_floors":[8,31,31,31,31,41,41,47,47,47],"current_hp_per_floor":[70,69,69,68,68,68,67,67,67,62,46,46,37,37,37,26,75,75,74,65,64,65,60,44,45,45,40,40,40,33,33,33,15,75,68,68,69,69,71,71,71,71,71,71,81,83,83,84,84,84],"gold":20,"neow_bonus":"ONE_RARE_RELIC","is_daily":false,"chose_seed":false,"campfire_upgraded":6,"win_rate":0.0,"timestamp":1612577434,"path_taken":["M","M","M","M","?","R","M","$","T","M","E","R","E","?","R","BOSS","M","M","M","M","M","E","?","E","T","E","R","?","M","$","R","BOSS","M","?","M","?","?","R","?","R","T","$","?","E","$","M","R","BOSS"],"items_purchased_type":["Card","Relic","Card","Card","Card","Card","Card","Relic","Card","Card"],"build_version":"2020-12-22","purchased_purges":3,"victory":true,"max_hp_per_floor":[70,70,70,70,70,70,70,70,70,70,70,70,70,70,70,70,75,75,75,75,75,75,75,75,75,75,75,75,75,75,75,75,75,75,75,75,75,75,75,75,75,75,75,75,85,85,85,85,85,85],"card_choices":[{"not_picked":["Cloak And Dagger","Escape Plan"],"picked":"Blade Dance","floor":1.0},{"not_picked":["Quick Slash","Underhanded Strike"],"picked":"Dash","floor":2.0},{"not_picked":["Dodge and Roll","Bouncing Flask"],"picked":"Acrobatics","floor":3.0},{"not_picked":["Dodge and Roll","Backflip"],"picked":"Sucker Punch","floor":4.0},{"not_picked":["Finisher","Backflip"],"picked":"Accuracy","floor":7.0},{"not_picked":["Underhanded Strike","Catalyst"],"picked":"After Image","floor":10.0},{"not_picked":["Flying Knee","Bane","Underhanded Strike"],"picked":"SKIP","floor":11.0},{"not_picked":["Calculated Gamble","Underhanded Strike"],"picked":"Cloak And Dagger","floor":13.0},{"not_picked":["Wraith Form v2","Tools of the Trade"],"picked":"Glass Knife","floor":16.0},{"not_picked":[],"picked":"Dash","floor":18.0},{"not_picked":[],"picked":"Infinite Blades","floor":19.0},{"not_picked":[],"picked":"Deflect","floor":20.0},{"not_picked":["Masterful Stab"],"picked":"SKIP","floor":21.0},{"not_picked":["Crippling Poison"],"picked":"SKIP","floor":22.0},{"not_picked":["Masterful Stab"],"picked":"SKIP","floor":23.0},{"not_picked":["Poisoned Stab+1"],"picked":"SKIP","floor":25},{"not_picked":[],"picked":"Heel Hook","floor":27},{"not_picked":["Eviscerate"],"picked":"SKIP","floor":30},{"not_picked":[],"picked":"Underhanded Strike+1","floor":35},{"not_picked":[],"picked":"Backflip+1","floor":36},{"not_picked":[],"picked":"Acrobatics+1","floor":37},{"not_picked":["Eviscerate"],"picked":"SKIP","floor":39},{"not_picked":["Dagger Spray+1"],"picked":"SKIP","floor":46},{"not_picked":[],"picked":"Escape Plan+1","floor":48}],"player_experience":12331,"relics_obtained":[{"floor":9.0,"key":"Blood Vial"},{"floor":11.0,"key":"Regal Pillow"},{"floor":13.0,"key":"Whetstone"},{"floor":23.0,"key":"Mummified Hand"},{"floor":24,"key":"Nilry\u0027s Codex"},{"floor":25,"key":"Sundial"},{"floor":26,"key":"Boot"},{"floor":27,"key":"Centennial Puzzle"},{"floor":36,"key":"Girya"},{"floor":43,"key":"Smiling Mask"},{"floor":45,"key":"Pear"},{"floor":46,"key":"Frozen Egg 2"}],"event_choices":[{"damage_healed":0.0,"max_hp_gain":0.0,"max_hp_loss":0.0,"gold_gain":0.0,"event_name":"The Cleric","player_choice":"Leave","floor":5.0,"gold_loss":0.0,"damage_taken":0.0},{"damage_healed":0.0,"max_hp_gain":0.0,"max_hp_loss":0.0,"gold_gain":0.0,"event_name":"Living Wall","player_choice":"Grow","floor":14.0,"gold_loss":0.0,"damage_taken":0.0,"cards_upgraded":["Accuracy"]},{"damage_healed":0,"gold_gain":0,"player_choice":"Obtained Book","damage_taken":16,"max_hp_gain":0,"max_hp_loss":0,"event_name":"Cursed Tome","floor":24,"gold_loss":0},{"damage_healed":0,"gold_gain":0,"player_choice":"Simplicity","damage_taken":0,"max_hp_gain":0,"max_hp_loss":0,"event_name":"Back to Basics","floor":29,"gold_loss":0,"cards_upgraded":["Strike_G","Strike_G","Strike_G","Strike_G","Defend_G","Defend_G","Defend_G","Defend_G","Defend_G"]},{"damage_healed":0,"gold_gain":0,"player_choice":"Fight","damage_taken":0,"max_hp_gain":0,"max_hp_loss":0,"event_name":"MindBloom","floor":36,"gold_loss":0},{"damage_healed":0,"gold_gain":0,"player_choice":"Upgraded","damage_taken":0,"max_hp_gain":0,"max_hp_loss":0,"event_name":"Upgrade Shrine","floor":38,"gold_loss":0,"cards_upgraded":["Accuracy"]}],"is_beta":false,"boss_relics":[{"not_picked":["Snecko Eye","Ectoplasm"],"picked":"Busted Crown"},{"not_picked":["HoveringKite","Runic Pyramid"],"picked":"Empty Cage"}],"items_purged_floors":[31,41,44],"is_endless":false,"potions_floor_spawned":[3,4,7,13,16,20,21,27,30,33,35,37,48],"ascension_level":2}}