{"host":"njo8qgvy2a57fcny","time":1612596856,"event":{"mods":["Aspiration","BaseMod","BetterRewards","CCEM2","Colored Map","Colored Powertips","Conspire","Custom Start","Downfall","Energized Spire","GifTheSpireLib","Halation","Hermit","Hubris","Infinite Spire","Jedi Mod","Jorbs\u0027s Wanderer Trilogy","Mimic Mod","Minty Spire (QoL Compilation)","Quick Restart","Random Character Button","Random Character Mod","Rare Cards Sparkle","Relic Sorter","Reliquary","Replay The Spire","Shop Mod","StSLib","Stuff the Spire","The Animator","The Jungle","The Runesmith","The Servant 0.9.4","Unceasing Turn Reminder","thorton"],"gold_per_floor":[99,115,132,149,26,53,76,126,126,152,185,198,98,109,128,232,232,132,142,142,142,142],"floor_reached":20,"language":"ENG","playtime":1246,"items_purged":[],"score":297,"play_id":"9c535f38-74b4-4165-a21b-e09d6ac96f84","local_time":"20210206183416","is_ascension_mode":true,"campfire_choices":[{"floor":1,"key":"DIG"},{"data":"bronze:Flail","floor":13,"key":"SMITH"},{"floor":18,"key":"RECALL"}],"circlet_count":0,"master_deck":["bronze:Strike","bronze:Strike","bronze:Strike","bronze:Strike","bronze:Defend+1","bronze:Defend","bronze:Defend+1","bronze:Defend","bronze:Replicate","bronze:Goto","bronze:DelayedGuard","bronze:FineTuning","bronze:DelayedSlice","bronze:Optimize+1","bronze:AlphaBuild+1","bronze:BronzeOrb+1","bronze:RecursiveStrike","ReplayTheSpireMod:Splinters","bronze:Optimize","bronze:Flail+1","bronze:Return","bronze:ForLoop","bronze:ForceShield","bronze:Philosophize","bronze:Format","bronze:Fortify+1"],"relics":["bronze:BronzeCore","Mirror","conspire:GiftBox","reliquary:Buckler","War Paint","Orichalcum","downfall:HeartBlessingGreen","energizedSpire:EnergizedDie","downfall:HeartBlessingBlue"],"acts_visited":["Exordium","TheCity"],"potions_floor_usage":[5,5,10,19],"damage_taken":[{"damage":19,"enemies":"Jaw Worm","floor":2,"turns":4},{"damage":8,"enemies":"Small Slimes","floor":3,"turns":4},{"damage":7,"enemies":"2 Louse","floor":4,"turns":2},{"damage":0,"enemies":"downfall:FleeingMerchant","floor":5,"turns":4},{"damage":0,"enemies":"Gremlin Nob","floor":6,"turns":4},{"damage":16,"enemies":"3 Sentries","floor":10,"turns":6},{"damage":5,"enemies":"2 Fungi Beasts","floor":11,"turns":5},{"damage":0,"enemies":"2 Fungi Beasts","floor":12,"turns":3},{"damage":3,"enemies":"Red Slaver","floor":14,"turns":2},{"damage":0,"enemies":"Gremlin Gang","floor":15,"turns":2},{"damage":0,"enemies":"SI_SHIV_ARCHETYPE","floor":16,"turns":5},{"damage":6,"enemies":"Shell Parasite","floor":19,"turns":5},{"damage":11,"enemies":"Snake Plant","floor":20,"turns":2}],"seed_played":"6959206699953462747","potions_obtained":[{"floor":3,"key":"Dexterity Potion"},{"floor":4,"key":"FearPotion"},{"floor":8,"key":"BlessingOfTheForge"},{"floor":14,"key":"SteroidPotion"},{"floor":15,"key":"jedi:mysterypotion"},{"floor":16,"key":"Guardian:BlockOnCardUsePotion"}],"is_trial":false,"path_per_floor":["R_BF","M","M","M","$","E","T","?","?","E","MIM","M","R","M","M","B",null,"R","M","M"],"character_chosen":"THE_AUTOMATON","items_purchased":["bronze:AlphaBuild+1"],"campfire_rested":0,"item_purchase_floors":[5],"current_hp_per_floor":[77,58,50,43,43,43,43,43,43,27,22,22,22,19,19,19,77,87,81,70,70,70],"gold":142,"neow_bonus":"TEN_PERCENT_HP_BONUS","is_daily":false,"chose_seed":false,"campfire_upgraded":1,"win_rate":0.0,"timestamp":1612596856,"path_taken":["R_BF","M","M","M","$","E","T","?","?","E","?","M","R","?","M","BOSS","R","M","M"],"items_purchased_type":["Card"],"build_version":"2020-12-22","purchased_purges":0,"victory":false,"max_hp_per_floor":[77,77,77,77,77,77,77,77,77,77,77,77,77,77,77,77,77,87,87,87,87,87],"card_choices":[{"not_picked":["bronze:BitShift","bronze:Invalidate"],"picked":"bronze:DelayedGuard","floor":2},{"not_picked":["bronze:BugBarrage","bronze:Deprecate"],"picked":"bronze:FineTuning","floor":3},{"not_picked":["bronze:BugBarrage","bronze:Overheat"],"picked":"bronze:DelayedSlice","floor":4},{"not_picked":["bronze:WhirlingStrike","bronze:Repair"],"picked":"bronze:Optimize","floor":5},{"not_picked":["bronze:WhirlingStrike","bronze:Shield"],"picked":"bronze:BronzeOrb","floor":6},{"not_picked":["bronze:BurnOut","bronze:FindAndReplace"],"picked":"bronze:RecursiveStrike","floor":6},{"not_picked":["bronze:DelayedSlice","bronze:ChildClass"],"picked":"bronze:Optimize","floor":8},{"not_picked":["bronze:Overheat","bronze:FindAndReplace"],"picked":"bronze:Flail","floor":8},{"not_picked":["bronze:BuggyMess","bronze:Frontload","bronze:Shield"],"picked":"SKIP","floor":10},{"not_picked":["bronze:BitShift","bronze:BugBarrage"],"picked":"bronze:Return","floor":11},{"not_picked":["bronze:BitShift","bronze:OilSpill"],"picked":"bronze:ForLoop","floor":12},{"not_picked":["bronze:Return","bronze:Overheat"],"picked":"bronze:ForceShield","floor":14},{"not_picked":["bronze:Overload","bronze:HyperBeam"],"picked":"bronze:Philosophize","floor":15},{"not_picked":["bronze:Break","bronze:BurnOut"],"picked":"bronze:Format","floor":16},{"not_picked":["bronze:ClassDefault","bronze:BronzeOrb"],"picked":"bronze:Fortify+1","floor":19}],"player_experience":787114,"relics_obtained":[{"floor":1,"key":"Mirror"},{"floor":6,"key":"conspire:GiftBox"},{"floor":7,"key":"reliquary:Buckler"},{"floor":8,"key":"War Paint"},{"floor":10,"key":"Orichalcum"}],"event_choices":[],"is_beta":false,"boss_relics":[{"not_picked":["StuffTheSpire:RunicConfusion","hubris:Stopwatch"],"picked":"energizedSpire:EnergizedDie"}],"items_purged_floors":[],"is_endless":false,"potions_floor_spawned":[3,4,14,15,16],"killed_by":"Snake Plant","ascension_level":1}}