{"host":"2xnjhc1nuqzfyzm4","time":1612575177,"event":{"mods":["100% Spire Juice","Act Like it!","Arknights","BaseMod","Beaked The Cultist","Bestiary","Better Match","Better Note","Better Sensory Stone","Better Third Choice","Block Reminder","CapriCore","CatGirl Mod","ChefMod","Colored Powertips","Displayed Cursed Tome","Dota2Spire","Downfall","Ekko","Elementarium","GungeonMod","Hallownest","Hermit","Hubris","Humility","Infinite Spire","Jedi Mod","Jorbs\u0027s Wanderer Trilogy","Luminous","Mad Scientist","Marisa????????","Menagerie","Minty Spire (QoL Compilation)","Potionbrewer","Prisma Mod","QueenMod","Relic Stats","Reliquary","Replay The Spire","Robot Space Explorer","SIMod","Shade Mod","Spikes Relics","StSLib","The Alterego","The Animator","The Blackbeard","The Bug Knight","The Cursed","The Death Knight","The Disciple","The Dragon Tamer","The Dragonkin","The Druid","The Elementalist","The Exalted","The Fake Hero","The Florist","The Gatherer","The Hayseed","The Hierophant","The Immortal","The Jungle","The Mystic","The Necromancer","The Poker Player","The Runesmith","The Sage","The Senshi","The Servant 0.9.4","The Showman","The Valiant","The Wild Card","TheBandit","TheSwordswoman","TheVacant","TheVelvet","TheWitcher","Trackpad","Waifu the Spire","WarShipGirlsR/????R mod","Yakumo Yukari mod"],"gold_per_floor":[117,117,135,135,100,135,20,20,20],"floor_reached":8,"language":"ENG","playtime":864,"items_purged":[],"score":57,"play_id":"7585cd52-c852-4417-a98b-63faa80414d3","local_time":"20210205173257","is_ascension_mode":true,"campfire_choices":[],"circlet_count":0,"master_deck":["Strike_R","Strike_R","Strike_R","Strike_R","Strike_R","Defend_R","Defend_R","Defend_R","Defend_R","Bash","Inflame","Flame Barrier","Armaments"],"relics":["Burning Blood","Strawberry","Golden Idol","Bromod:ArcaneMomentum","DemoMod:GnawedKey"],"acts_visited":["Exordium"],"potions_floor_usage":[8,8,8],"damage_taken":[{"damage":23,"enemies":"Jaw Worm","floor":1,"turns":5},{"damage":7,"enemies":"2 Louse","floor":3,"turns":3},{"damage":26,"enemies":"Replay:BlueRogue","floor":6,"turns":8},{"damage":69,"enemies":"3 Sentries","floor":8,"turns":11}],"seed_played":"-8870443965448236501","potions_obtained":[{"floor":6,"key":"potionbrewer:SplittingPotion"}],"is_trial":false,"path_per_floor":["M","?","M","?","?","E","$","E"],"character_chosen":"IRONCLAD","items_purchased":["DemoMod:GnawedKey"],"campfire_rested":0,"item_purchase_floors":[7],"current_hp_per_floor":[70,70,69,48,69,49,49,0,0],"gold":20,"neow_bonus":"RANDOM_COMMON_RELIC","is_daily":false,"chose_seed":false,"campfire_upgraded":0,"win_rate":0.0,"timestamp":1612575177,"path_taken":["M","?","M","?","?","E","$","E"],"items_purchased_type":["Relic"],"build_version":"2020-12-22","purchased_purges":0,"victory":false,"max_hp_per_floor":[87,87,87,87,87,87,87,87,87],"relic_stats":{"counters":[4,27],"Golden Idol":7,"obtain_stats":[{"Golden Idol":4,"Strawberry":0,"DemoMod:GlassGuonStoneRelic":3,"DemoMod:GnawedKey":7,"Burning Blood":0,"Bromod:ArcaneMomentum":6},{"Golden Idol":2,"Strawberry":0,"DemoMod:GlassGuonStoneRelic":2,"DemoMod:GnawedKey":3,"Burning Blood":0,"Bromod:ArcaneMomentum":3},{"Golden Idol":8,"Strawberry":0,"DemoMod:GlassGuonStoneRelic":8,"DemoMod:GnawedKey":16,"Burning Blood":0,"Bromod:ArcaneMomentum":16}],"Burning Blood":18},"card_choices":[{"not_picked":["Armaments","Run Through"],"picked":"Inflame","floor":1},{"not_picked":["ReplayTheSpireMod:Strike From Hell","Flex"],"picked":"Flame Barrier","floor":3},{"not_picked":["Run Through","Flame Barrier"],"picked":"Armaments","floor":6}],"player_experience":194097,"relics_obtained":[{"floor":6,"key":"Bromod:ArcaneMomentum"}],"event_choices":[{"damage_healed":0,"gold_gain":0,"player_choice":"Ignored","damage_taken":0,"max_hp_gain":0,"max_hp_loss":0,"event_name":"Golden Wing","floor":2,"gold_loss":0},{"damage_healed":0,"gold_gain":0,"player_choice":"Take Damage","damage_taken":21,"relics_obtained":["Golden Idol"],"max_hp_gain":0,"max_hp_loss":0,"event_name":"Golden Idol","floor":4,"gold_loss":0},{"damage_healed":21,"gold_gain":0,"player_choice":"Healed","damage_taken":0,"max_hp_gain":0,"max_hp_loss":0,"event_name":"The Cleric","floor":5,"gold_loss":35}],"is_beta":false,"boss_relics":[],"items_purged_floors":[],"is_endless":false,"potions_floor_spawned":[6],"killed_by":"3 Sentries","ascension_level":1,"is_humility":true}}