{"host":"f5gffvlv6a66yqkd","time":1612635872,"event":{"mods":["2.2 Compatiblity","BaseMod","Colored Map","Custom Start","DeckTracker","Keyboard Shortcuts","Minty Spire (QoL Compilation)","Permanent Neow","Quick Restart","Relic Stats","StSLib","SuperFastMode"],"gold_per_floor":[18,34,50,65,83,83,102,102,156,156,173,173,45,62,62,62,62],"floor_reached":16,"language":"KOR","playtime":253,"items_purged":["Pain"],"score":192,"play_id":"9df86c17-68a0-43ad-b37b-6f62b52b6c56","local_time":"20210207032432","is_ascension_mode":true,"campfire_choices":[{"data":"Zap","floor":6.0,"key":"SMITH"},{"floor":8.0,"key":"REST"},{"data":"Sunder","floor":15,"key":"SMITH"}],"circlet_count":0,"master_deck":["AscendersBane","Strike_B","Strike_B","Strike_B","Defend_B","Defend_B","Defend_B","Zap+1","Dualcast","Genetic Algorithm","Gash","FTL","Sweeping Beam","Beam Cell","Ball Lightning","Sunder+1","Parasite","White Noise"],"relics":["Cracked Core","PreservedInsect","WarpedTongs"],"acts_visited":["Exordium"],"potions_floor_usage":[14,16,16],"damage_taken":[{"damage":1.0,"enemies":"Cultist","floor":1.0,"turns":3.0},{"damage":2.0,"enemies":"2 Louse","floor":2.0,"turns":2.0},{"damage":8.0,"enemies":"Jaw Worm","floor":3.0,"turns":4.0},{"damage":13.0,"enemies":"3 Louse","floor":4.0,"turns":3.0},{"damage":7.0,"enemies":"Looter","floor":5.0,"turns":3.0},{"damage":22.0,"enemies":"Exordium Thugs","floor":7.0,"turns":3.0},{"damage":8.0,"enemies":"Blue Slaver","floor":11.0,"turns":2.0},{"damage":0,"enemies":"Lots of Slimes","floor":14,"turns":2},{"damage":43,"enemies":"Slime Boss","floor":16,"turns":5}],"seed_played":"-5250275032393436040","potions_obtained":[{"floor":1.0,"key":"SpeedPotion"},{"floor":3.0,"key":"Explosive Potion"},{"floor":4.0,"key":"Block Potion"},{"floor":14,"key":"FearPotion"}],"is_trial":false,"path_per_floor":["M","M","M","M","M","R","M","R","T","?","M","?","$","M","R","B"],"character_chosen":"DEFECT","items_purchased":["PowerPotion"],"campfire_rested":1,"item_purchase_floors":[13],"current_hp_per_floor":[63,61,53,40,33,33,11,32,32,32,24,41,41,41,41,0,0],"gold":62,"neow_bonus":"REMOVE_TWO","is_daily":false,"chose_seed":false,"campfire_upgraded":2,"win_rate":0.0,"timestamp":1612635872,"path_taken":["M","M","?","M","M","R","?","R","T","?","?","?","$","M","R","BOSS"],"items_purchased_type":["Potion"],"build_version":"2020-12-22","purchased_purges":1,"victory":false,"max_hp_per_floor":[71,71,71,71,71,71,71,71,71,71,71,71,71,71,71,71,71],"relic_stats":{"counters":[9,27],"PreservedInsect":0,"obtain_stats":[{"PreservedInsect":9,"Cracked Core":0,"WarpedTongs":10},{"PreservedInsect":6,"Cracked Core":0,"WarpedTongs":6},{"PreservedInsect":18,"Cracked Core":0,"WarpedTongs":18}],"WarpedTongs":[9]},"card_choices":[{"not_picked":["Fusion","Rip and Tear"],"picked":"Genetic Algorithm","floor":1.0},{"not_picked":["Storm","Redo"],"picked":"Gash","floor":2.0},{"not_picked":["Barrage","Leap"],"picked":"FTL","floor":3.0},{"not_picked":["Steam Power","Barrage"],"picked":"Sweeping Beam","floor":4.0},{"not_picked":["Redo","Coolheaded"],"picked":"Beam Cell","floor":5.0},{"not_picked":["White Noise","Beam Cell"],"picked":"Ball Lightning","floor":7.0},{"not_picked":["Ball Lightning","Auto Shields"],"picked":"Sunder","floor":11.0},{"not_picked":["Cold Snap","Redo"],"picked":"White Noise","floor":14}],"player_experience":1689749,"relics_obtained":[{"floor":9.0,"key":"PreservedInsect"}],"event_choices":[{"damage_healed":0.0,"max_hp_gain":0.0,"max_hp_loss":0.0,"gold_gain":0.0,"event_name":"Accursed Blacksmith","player_choice":"Rummage","floor":10.0,"gold_loss":0.0,"damage_taken":0.0,"relics_obtained":["WarpedTongs"],"cards_obtained":["Pain"]},{"damage_healed":17.0,"max_hp_gain":0.0,"max_hp_loss":0.0,"gold_gain":0.0,"event_name":"Mushrooms","player_choice":"Healed and dodged fight","floor":12.0,"gold_loss":0.0,"damage_taken":0.0,"cards_obtained":["Parasite"]}],"is_beta":false,"boss_relics":[],"items_purged_floors":[13],"is_endless":false,"potions_floor_spawned":[1,3,4,14],"killed_by":"Slime Boss","ascension_level":20}}