{"host":"8is2j71l4wmybkoi","time":1612615825,"event":{"mods":["AchievementEnabler","BaseMod","Colored Map","Minty Spire (QoL Compilation)","Rare Cards Sparkle","StSLib","SuperFastMode"],"gold_per_floor":[118,118,118,43,62,96,96,96,148,180,193,193,193,207,207,285,285,304,304,304,244,244],"floor_reached":21,"language":"KOR","playtime":717,"items_purged":[],"score":324,"play_id":"414620f6-da82-49b6-bffa-030dd8a33c35","local_time":"20210206215025","is_ascension_mode":true,"campfire_choices":[{"data":"Hyperbeam","floor":7.0,"key":"SMITH"},{"floor":12,"key":"REST"},{"data":"Zap","floor":15,"key":"SMITH"}],"circlet_count":0,"master_deck":["AscendersBane","Defend_B","Defend_B","Defend_B","Defend_B","Zap+1","Dualcast","Hyperbeam+1","Gash","Beam Cell","Rainbow","Compile Driver","Reinforced Body","Ball Lightning","All For One","Hologram+1"],"relics":["Cracked Core","The Courier","Question Card","Akabeko","Ornamental Fan","Empty Cage","Enchiridion"],"acts_visited":["Exordium","TheCity"],"potions_floor_usage":[14,16],"damage_taken":[{"damage":7.0,"enemies":"Jaw Worm","floor":1.0,"turns":3.0},{"damage":0.0,"enemies":"Small Slimes","floor":5.0,"turns":1.0},{"damage":37.0,"enemies":"Lagavulin","floor":6.0,"turns":8.0},{"damage":15,"enemies":"3 Sentries","floor":10,"turns":3},{"damage":0,"enemies":"2 Louse","floor":11,"turns":1},{"damage":2,"enemies":"Looter","floor":14,"turns":2},{"damage":18,"enemies":"The Guardian","floor":16,"turns":8},{"damage":18,"enemies":"3 Byrds","floor":18,"turns":5},{"damage":18,"enemies":"2 Thieves","floor":21,"turns":2}],"seed_played":"-4321070459685417153","potions_obtained":[{"floor":6.0,"key":"EssenceOfSteel"},{"floor":11,"key":"ColorlessPotion"}],"is_trial":false,"path_per_floor":["M","?","?","?","M","E","R","T","T","E","M","R","?","M","R","B",null,"M","?","?","M"],"character_chosen":"DEFECT","items_purchased":[],"campfire_rested":1,"item_purchase_floors":[],"current_hp_per_floor":[39,62,62,62,62,25,25,25,25,10,10,31,26,24,24,6,55,37,37,16,0,0],"gold":244,"neow_bonus":"THREE_RARE_CARDS","is_daily":false,"chose_seed":false,"campfire_upgraded":2,"win_rate":0.0,"timestamp":1612615825,"path_taken":["M","?","?","?","M","E","R","?","T","E","?","R","?","M","R","BOSS","M","?","?","M"],"items_purchased_type":[],"build_version":"2020-12-22","purchased_purges":0,"victory":false,"max_hp_per_floor":[71,71,71,71,71,71,71,71,71,71,71,71,71,71,71,71,71,71,71,71,71,71],"card_choices":[{"not_picked":["Echo Form","Thunder Strike"],"picked":"Hyperbeam","floor":0.0},{"not_picked":["Scrape","Barrage"],"picked":"Gash","floor":1.0},{"not_picked":["Hello World","Stack"],"picked":"Beam Cell","floor":5.0},{"not_picked":["Redo","Coolheaded"],"picked":"Rainbow","floor":6.0},{"not_picked":["Sunder","Loop","Barrage"],"picked":"Compile Driver","floor":10},{"not_picked":["Compile Driver","Leap","Redo"],"picked":"Reinforced Body","floor":11},{"not_picked":["White Noise","Sweeping Beam","Chill"],"picked":"Ball Lightning","floor":14},{"not_picked":["Amplify","Meteor Strike","Rainbow"],"picked":"All For One","floor":16},{"not_picked":["BootSequence","Compile Driver","Stack"],"picked":"Hologram+1","floor":18}],"player_experience":1021322,"relics_obtained":[{"floor":6.0,"key":"The Courier"},{"floor":8.0,"key":"Question Card"},{"floor":10,"key":"Akabeko"},{"floor":20,"key":"Enchiridion"}],"event_choices":[{"damage_healed":23.0,"max_hp_gain":0.0,"max_hp_loss":0.0,"gold_gain":0.0,"event_name":"Big Fish","player_choice":"Banana","floor":2.0,"gold_loss":0.0,"damage_taken":0.0},{"cards_removed":["Strike_B"],"damage_healed":0.0,"max_hp_gain":0.0,"max_hp_loss":0.0,"gold_gain":0.0,"event_name":"Living Wall","player_choice":"Forget","floor":3.0,"gold_loss":0.0,"damage_taken":0.0},{"cards_removed":["Strike_B"],"damage_healed":0.0,"max_hp_gain":0.0,"max_hp_loss":0.0,"gold_gain":0.0,"event_name":"The Cleric","player_choice":"Card Removal","floor":4.0,"gold_loss":75.0,"damage_taken":0.0},{"damage_healed":0,"gold_gain":0,"player_choice":"Success","damage_taken":5,"relics_obtained":["Ornamental Fan"],"max_hp_gain":0,"max_hp_loss":0,"event_name":"Scrap Ooze","floor":13,"gold_loss":0},{"damage_healed":0,"gold_gain":0,"player_choice":"Ignored","damage_taken":0,"max_hp_gain":0,"max_hp_loss":0,"event_name":"Ghosts","floor":19,"gold_loss":0},{"damage_healed":0,"gold_gain":0,"player_choice":"Obtained Book","damage_taken":21,"max_hp_gain":0,"max_hp_loss":0,"event_name":"Cursed Tome","floor":20,"gold_loss":0}],"is_beta":false,"boss_relics":[{"not_picked":["Pandora\u0027s Box","SacredBark"],"picked":"Empty Cage"}],"items_purged_floors":[],"is_endless":false,"potions_floor_spawned":[6,11],"killed_by":"2 Thieves","ascension_level":15}}