{"host":"wubxp7apcx31ieu1","time":1612599130,"event":{"mods":["AchievementEnabler","BaseMod","Colored Map","Colored Powertips","Highlight Path","Minty Spire (QoL Compilation)","Permanent Neow","Quick Restart","Random Character Button","SuperFastMode","Synergy Search"],"gold_per_floor":[116,116,135,149,324,359,378,392,473,486,486,504,515,63,63,63,63],"floor_reached":16,"language":"ENG","playtime":1040,"items_purged":["Strike_B"],"score":106,"play_id":"447af37e-c7a4-4423-9847-41f772ee213e","local_time":"20210206161210","is_ascension_mode":false,"campfire_choices":[{"floor":11.0,"key":"REST"},{"floor":15.0,"key":"REST"}],"circlet_count":0,"master_deck":["Strike_B","Strike_B","Strike_B","Defend_B","Defend_B","Defend_B","Defend_B","Zap","Dualcast","Writhe","Amplify","Coolheaded","Heatsinks","Fusion","Doubt","Chill","Storm","Coolheaded","Double Energy+1","Force Field+1","Loop","Capacitor","Conserve Battery+1","Barrage"],"relics":["Cracked Core","Pen Nib","Toxic Egg 2","InkBottle"],"acts_visited":["Exordium"],"potions_floor_usage":[16,16,16],"damage_taken":[{"damage":5.0,"enemies":"Small Slimes","floor":1.0,"turns":3.0},{"damage":0.0,"enemies":"Cultist","floor":3.0,"turns":5.0},{"damage":8.0,"enemies":"Jaw Worm","floor":4.0,"turns":5.0},{"damage":33.0,"enemies":"Lagavulin","floor":6.0,"turns":9.0},{"damage":6.0,"enemies":"2 Fungi Beasts","floor":7.0,"turns":5.0},{"damage":10.0,"enemies":"Exordium Wildlife","floor":8.0,"turns":4.0},{"damage":10.0,"enemies":"Blue Slaver","floor":10.0,"turns":5.0},{"damage":6.0,"enemies":"2 Fungi Beasts","floor":12.0,"turns":5.0},{"damage":10.0,"enemies":"Exordium Wildlife","floor":13.0,"turns":11.0},{"damage":25,"enemies":"Slime Boss","floor":16,"turns":10}],"seed_played":"-8182925335243016494","potions_obtained":[{"floor":1.0,"key":"EntropicBrew"},{"floor":3.0,"key":"SteroidPotion"},{"floor":8.0,"key":"SmokeBomb"},{"floor":10.0,"key":"AttackPotion"},{"floor":12.0,"key":"Weak Potion"}],"is_trial":false,"path_per_floor":["M","?","M","M","?","E","M","M","T","M","R","M","M","$","R","B"],"character_chosen":"DEFECT","items_purchased":["Capacitor","Conserve Battery+1","Barrage","InkBottle"],"campfire_rested":2,"item_purchase_floors":[14,14,14,14],"current_hp_per_floor":[70,70,70,62,62,29,23,13,13,3,25,19,9,9,31,6,6],"gold":63,"neow_bonus":"THREE_RARE_CARDS","is_daily":false,"chose_seed":false,"campfire_upgraded":0,"win_rate":0.0,"timestamp":1612599130,"path_taken":["M","?","M","?","?","E","M","M","T","M","R","M","M","$","R","BOSS"],"items_purchased_type":["Card","Card","Card","Relic"],"build_version":"2020-12-22","purchased_purges":1,"victory":false,"max_hp_per_floor":[75,75,75,75,75,75,75,75,75,75,75,75,75,75,75,75,75],"card_choices":[{"not_picked":["Multi-Cast","Thunder Strike"],"picked":"Amplify","floor":0.0},{"not_picked":["Go for the Eyes","White Noise"],"picked":"Coolheaded","floor":1.0},{"not_picked":["Turbo","Ball Lightning"],"picked":"Heatsinks","floor":3.0},{"not_picked":["Sweeping Beam","Rebound"],"picked":"Fusion","floor":4.0},{"not_picked":["Skim","Leap"],"picked":"Chill","floor":6.0},{"not_picked":["Stack","Chill"],"picked":"Storm","floor":7.0},{"not_picked":["Rainbow","Barrage"],"picked":"Coolheaded","floor":8.0},{"not_picked":["Stack+1","Rebound"],"picked":"Double Energy+1","floor":10.0},{"not_picked":["Ball Lightning","Sunder"],"picked":"Force Field+1","floor":12.0},{"not_picked":["Coolheaded+1","Reprogram+1"],"picked":"Loop","floor":13.0}],"player_experience":75562,"relics_obtained":[{"floor":6.0,"key":"Pen Nib"},{"floor":9.0,"key":"Toxic Egg 2"}],"event_choices":[{"damage_healed":0.0,"max_hp_gain":0.0,"max_hp_loss":0.0,"gold_gain":0.0,"event_name":"Match and Keep!","player_choice":"0 cards matched","floor":2.0,"gold_loss":0.0,"damage_taken":0.0,"cards_obtained":[]},{"damage_healed":0.0,"max_hp_gain":0.0,"max_hp_loss":0.0,"gold_gain":175.0,"event_name":"Liars Game","player_choice":"AGREE","floor":5.0,"gold_loss":0.0,"damage_taken":0.0,"cards_obtained":["Doubt"]}],"is_beta":false,"boss_relics":[],"items_purged_floors":[14],"is_endless":false,"potions_floor_spawned":[1,3,8,10,12],"killed_by":"Slime Boss","ascension_level":0}}