{"host":"w7pthw6r6331n954","time":1612655596,"event":{"mods":["AchievementEnabler","BaseMod","BetterRewards","Colored Map","Colored Powertips","Custom Start","Duelist Mod","GifTheSpireLib","Hermit","Jorbs\u0027s Wanderer Trilogy","Minty Spire (QoL Compilation)","Replay The Spire","Shop Mod","StSLib","SuperFastMode"],"gold_per_floor":[110,126,126,126,139,174,174,194,194,194,217,217,72,101,101,211,211,233,253,282,382,101,101,141,14,14,43,52,92,92,92,92,205,205,229,229,303,321,103,123,123,330,330],"floor_reached":42,"language":"ENG","playtime":5161,"items_purged":["theDuelist:VampireCurse"],"score":634,"play_id":"ee6d65ad-e7e6-41fc-a32b-b928edfe9c6d","local_time":"20210206185316","is_ascension_mode":false,"campfire_choices":[{"floor":7,"key":"RECALL"},{"floor":10,"key":"REST"},{"data":"Dualcast","floor":12,"key":"SMITH"},{"data":"Seek","floor":15,"key":"SMITH"},{"data":"Double Energy","floor":23,"key":"SMITH"},{"floor":30,"key":"REST"},{"floor":32,"key":"REST"},{"floor":41,"key":"REST"}],"circlet_count":0,"master_deck":["Strike_B","Strike_B","Strike_B","Defend_B","Defend_B","Defend_B","Defend_B","Zap","Dualcast+1","Dramatic Entrance","Coolheaded","Gash","Beam Cell","Undo+1","Steam","Glacier","Barrage","Panic Button","Rebound","Beam Cell","Ball Lightning","Seek+1","Hyperbeam","Reboot","Streamline","White Noise+1","Conserve Battery","Double Energy+1","Chill","ReplayGash","Reinforced Body","Necronomicurse","Fission","Amplify","Compile Driver+1","Steam Power+1","Madness","Madness","Double Energy+1","Beam Cell","Sadistic Nature"],"relics":["Cracked Core","MerchantsRug","Replay:Frozen Program","CeramicFish","Replay:Bottled Snecko","ChewingGum","Strange Spoon","Bag of Marbles","Lee\u0027s Waffle","Necronomicon","Toy Ornithopter","Nuclear Battery","Replay:Rubber Ducky","DollysMirror"],"acts_visited":["Exordium","TheCity","TheBeyond"],"potions_floor_usage":[33,33],"damage_taken":[{"damage":0,"enemies":"2 Louse","floor":1,"turns":1},{"damage":0,"enemies":"Small Slimes","floor":2,"turns":2},{"damage":0,"enemies":"Cultist","floor":5,"turns":3},{"damage":3,"enemies":"Lagavulin","floor":6,"turns":7},{"damage":3,"enemies":"Lots of Slimes","floor":8,"turns":2},{"damage":2,"enemies":"Red Slaver","floor":11,"turns":2},{"damage":0,"enemies":"3 Louse","floor":14,"turns":2},{"damage":59,"enemies":"The Guardian","floor":16,"turns":15},{"damage":8,"enemies":"Shell Parasite","floor":18,"turns":5},{"damage":5,"enemies":"3 Byrds","floor":19,"turns":2},{"damage":2,"enemies":"Centurion and Healer","floor":20,"turns":5},{"damage":40,"enemies":"Book of Stabbing","floor":24,"turns":6},{"damage":6,"enemies":"Chosen and Byrds","floor":27,"turns":4},{"damage":46,"enemies":"Slavers","floor":29,"turns":5},{"damage":20,"enemies":"Collector","floor":33,"turns":7},{"damage":8,"enemies":"3 Shapes","floor":35,"turns":3},{"damage":0,"enemies":"3 Darklings","floor":40,"turns":2}],"seed_played":"2453719354886699999","potions_obtained":[{"floor":8,"key":"LiquidMemories"},{"floor":14,"key":"BlessingOfTheForge"},{"floor":18,"key":"PowerPotion"},{"floor":29,"key":"Toxic Potion"},{"floor":35,"key":"Elixir"},{"floor":37,"key":"Energy Potion"}],"is_trial":false,"path_per_floor":["M","M","?","?","M","E","R","M","T","R","M","R","$","M","R","B",null,"M","M","M","?","$","R","E","$","T","M","?","E","R","$","R","B",null,"M","?","?","?","$","M","R","$"],"character_chosen":"DEFECT","items_purchased":["MerchantsRug","Replay:Frozen Program","Dramatic Entrance","Coolheaded","Gash","Beam Cell","Undo+1","Seek","Double Energy","Chill","Strange Spoon","Lee\u0027s Waffle","DollysMirror","Sadistic Nature"],"campfire_rested":4,"item_purchase_floors":[0,0,0,0,0,0,0,13,22,22,22,25,39,42],"current_hp_per_floor":[55,55,55,55,55,52,52,49,49,71,69,69,69,69,69,10,75,67,62,60,60,60,60,20,82,82,76,60,14,38,38,62,52,82,74,74,74,64,64,64,82,82,82],"gold":330,"neow_bonus":"","is_daily":false,"chose_seed":false,"campfire_upgraded":3,"win_rate":0.0,"timestamp":1612655596,"path_taken":["M","M","?","?","?","E","R","M","T","R","?","R","?","M","R","BOSS","M","M","?","?","$","R","E","$","T","?","?","E","R","$","R","BOSS","M","?","?","?","?","?","R","$"],"items_purchased_type":["Relic","Relic","Card","Card","Card","Card","Card","Card","Card","Card","Relic","Relic","Relic","Card"],"build_version":"2020-12-22","purchased_purges":1,"victory":false,"max_hp_per_floor":[75,75,75,75,75,75,75,75,75,75,75,75,75,75,75,75,75,75,75,75,75,75,75,75,82,82,82,82,82,82,82,82,82,82,82,82,82,82,82,82,82,82,82],"card_choices":[{"not_picked":["Go for the Eyes","Ball Lightning"],"picked":"Steam","floor":1},{"not_picked":["Conserve Battery","Sweeping Beam"],"picked":"Glacier","floor":2},{"not_picked":["ReplayTheSpireMod:System Scan","Go for the Eyes"],"picked":"Panic Button","floor":5},{"not_picked":["Leap","Chaos"],"picked":"Rebound","floor":6},{"not_picked":["Crystallizer","Conserve Battery"],"picked":"Beam Cell","floor":8},{"not_picked":["Beam Cell","Coolheaded"],"picked":"Ball Lightning","floor":11},{"not_picked":["Static Discharge","Leap"],"picked":"Hyperbeam","floor":14},{"not_picked":["ReplayRNGCard","Mirror Shield"],"picked":"Reboot","floor":16},{"not_picked":["ReplayTheSpireMod:Repulse","Darkness"],"picked":"Streamline","floor":18},{"not_picked":["Go for the Eyes","Leap"],"picked":"White Noise+1","floor":19},{"not_picked":["Recycle","Gash"],"picked":"Conserve Battery","floor":20},{"not_picked":["ReplayTheSpireMod:Calculation Training","Go for the Eyes"],"picked":"ReplayGash","floor":24},{"not_picked":["Redo","Barrage"],"picked":"Reinforced Body","floor":27},{"not_picked":["Go for the Eyes","Ball Lightning"],"picked":"Fission","floor":29},{"not_picked":["All For One","Hyperbeam"],"picked":"Amplify","floor":33},{"not_picked":["ReplayTheSpireMod:GoodbyeWorld+1","ReplayTheSpireMod:Calculation Training"],"picked":"Compile Driver+1","floor":35},{"not_picked":["Reprogram","Barrage"],"picked":"Steam Power+1","floor":37},{"not_picked":["ReplayTheSpireMod:Reroute Power+1","Doom and Gloom+1"],"picked":"Beam Cell","floor":40}],"player_experience":1205102,"relics_obtained":[{"floor":6,"key":"CeramicFish"},{"floor":9,"key":"Replay:Bottled Snecko"},{"floor":24,"key":"Bag of Marbles"},{"floor":28,"key":"Necronomicon"},{"floor":29,"key":"Toy Ornithopter"},{"floor":37,"key":"Replay:Rubber Ducky"}],"event_choices":[{"damage_healed":0,"gold_gain":0,"cards_transformed":["Strike_B"],"player_choice":"Change","damage_taken":0,"max_hp_gain":0,"max_hp_loss":0,"event_name":"Living Wall","floor":3,"gold_loss":0,"cards_obtained":["Barrage"]},{"damage_healed":0,"gold_gain":0,"player_choice":"Ignored","damage_taken":0,"max_hp_gain":0,"max_hp_loss":0,"event_name":"NoteForYourself","floor":4,"gold_loss":0},{"damage_healed":0,"gold_gain":100,"player_choice":"Pray","damage_taken":0,"max_hp_gain":0,"max_hp_loss":0,"event_name":"Golden Shrine","floor":21,"gold_loss":0},{"damage_healed":0,"gold_gain":0,"player_choice":"Obtained Book","damage_taken":16,"max_hp_gain":0,"max_hp_loss":0,"event_name":"Cursed Tome","floor":28,"gold_loss":0},{"damage_healed":0,"gold_gain":0,"player_choice":"Ignored","damage_taken":0,"max_hp_gain":0,"max_hp_loss":0,"event_name":"Tomb of Lord Red Mask","floor":36,"gold_loss":0},{"damage_healed":0,"gold_gain":0,"player_choice":"Embrace Madness","damage_taken":10,"max_hp_gain":0,"max_hp_loss":0,"event_name":"Winding Halls","floor":38,"gold_loss":0,"cards_obtained":["Madness","Madness"]}],"is_beta":false,"boss_relics":[{"not_picked":["Ectoplasm","Fusion Hammer"],"picked":"ChewingGum"},{"not_picked":["Kintsugi","SacredBark"],"picked":"Replay:Grab Bag"},{"not_picked":["Velvet Choker","Painkiller Herb"],"picked":"ReplayTheSpireMod:DimensionalGlitch"},{"not_picked":["Busted Crown","ReplayTheSpireMod:Onyx Gauntlets"],"picked":"Cursed Key"},{"not_picked":["FrozenCore","Pandora\u0027s Box"],"picked":"Nuclear Battery"}],"items_purged_floors":[39],"is_endless":false,"potions_floor_spawned":[8,14,18,29,35,40],"ascension_level":0}}