{"host":"5mo0809oo9tcrmpl","time":1612584077,"event":{"mods":["BaseMod","Highlight Path","Minty Spire (QoL Compilation)","Relic Stats","Slay the Relics Exporter"],"gold_per_floor":[118,134,184,194,213,245,245,277,277,294,5,45,81,81,81],"floor_reached":14,"language":"ENG","playtime":455,"items_purged":[],"score":208,"play_id":"f32bace6-4b82-47fe-ae3e-4072b9817aae","local_time":"20210205220117","is_ascension_mode":true,"campfire_choices":[{"data":"Perfected Strike","floor":7.0,"key":"SMITH"}],"circlet_count":0,"master_deck":["AscendersBane","Strike_R","Strike_R","Strike_R","Strike_R","Strike_R","Defend_R","Defend_R","Defend_R","Defend_R","Bash","Barricade","Perfected Strike+1","Clothesline","Flex","Wild Strike","Iron Wave","Demon Form","HandOfGreed","Perfected Strike"],"relics":["Burning Blood","InkBottle","Ancient Tea Set","Anchor"],"acts_visited":["Exordium"],"potions_floor_usage":[14],"damage_taken":[{"damage":14.0,"enemies":"Jaw Worm","floor":1.0,"turns":3.0},{"damage":1.0,"enemies":"Cultist","floor":2.0,"turns":3.0},{"damage":2.0,"enemies":"2 Louse","floor":4.0,"turns":2.0},{"damage":23.0,"enemies":"Lots of Slimes","floor":5.0,"turns":5.0},{"damage":32.0,"enemies":"Gremlin Nob","floor":6.0,"turns":4.0},{"damage":25.0,"enemies":"Lagavulin","floor":8.0,"turns":5.0},{"damage":1.0,"enemies":"Looter","floor":10.0,"turns":2.0},{"damage":0.0,"enemies":"Large Slime","floor":12.0,"turns":4.0},{"damage":0,"enemies":"Red Slaver","floor":13,"turns":2},{"damage":30,"enemies":"3 Sentries","floor":14,"turns":5}],"seed_played":"823236466237455237","potions_obtained":[{"floor":1.0,"key":"GamblersBrew"},{"floor":2.0,"key":"BlessingOfTheForge"},{"floor":4.0,"key":"LiquidBronze"}],"is_trial":false,"path_per_floor":["M","M","?","M","M","E","R","E","T","M","$","M","M","E"],"character_chosen":"IRONCLAD","items_purchased":["LiquidMemories","HandOfGreed"],"campfire_rested":0,"item_purchase_floors":[11,11],"current_hp_per_floor":[60,65,65,69,52,26,26,7,7,12,12,18,24,0,0],"gold":81,"neow_bonus":"ONE_RANDOM_RARE_CARD","is_daily":false,"chose_seed":false,"campfire_upgraded":1,"win_rate":0.0,"timestamp":1612584077,"path_taken":["M","M","?","?","M","E","R","E","T","M","$","M","M","E"],"items_purchased_type":["Potion","Card"],"build_version":"2020-12-22","purchased_purges":0,"victory":false,"max_hp_per_floor":[75,75,75,75,75,75,75,75,75,75,75,75,75,75,75],"relic_stats":{"counters":[10,35],"obtain_stats":[{"Anchor":9,"Ancient Tea Set":8,"Burning Blood":0,"InkBottle":6},{"Anchor":6,"Ancient Tea Set":6,"Burning Blood":0,"InkBottle":5},{"Anchor":22,"Ancient Tea Set":22,"Burning Blood":0,"InkBottle":17}],"Burning Blood":54,"InkBottle":[3]},"card_choices":[{"not_picked":["Rage","Heavy Blade"],"picked":"Perfected Strike","floor":1.0},{"not_picked":["Flame Barrier","Thunderclap"],"picked":"Clothesline","floor":2.0},{"not_picked":["Intimidate","Havoc"],"picked":"Flex","floor":4.0},{"not_picked":["Uppercut","Flex"],"picked":"Wild Strike","floor":5.0},{"not_picked":["Flex","Wild Strike","Rage"],"picked":"SKIP","floor":6.0},{"not_picked":["Reckless Charge","Carnage"],"picked":"Iron Wave","floor":8.0},{"not_picked":["Second Wind","Wild Strike"],"picked":"Demon Form","floor":10.0},{"not_picked":["Pommel Strike","Thunderclap"],"picked":"Perfected Strike","floor":12.0},{"not_picked":["Feed","Headbutt","Searing Blow"],"picked":"SKIP","floor":13},{"not_picked":["Feed","Headbutt","Searing Blow"],"picked":"SKIP","floor":13}],"player_experience":1260587,"relics_obtained":[{"floor":6.0,"key":"InkBottle"},{"floor":8.0,"key":"Ancient Tea Set"},{"floor":9.0,"key":"Anchor"}],"event_choices":[{"damage_healed":0.0,"max_hp_gain":0.0,"max_hp_loss":0.0,"gold_gain":50.0,"event_name":"Golden Shrine","player_choice":"Pray","floor":3.0,"gold_loss":0.0,"damage_taken":0.0}],"is_beta":false,"boss_relics":[],"items_purged_floors":[],"is_endless":false,"potions_floor_spawned":[1,2,4,13],"killed_by":"3 Sentries","ascension_level":20}}