{"host":"Qube","time":1612645882,"event":{"mods":["AchievementEnabler","BaseMod","Colored Map","Colored Powertips","Highlight Path","Minty Spire (QoL Compilation)","Permanent Neow","Quick Restart","Random Character Button","StSLib"],"gold_per_floor":[366,0,19,37,49,49,83,83,154,204,204,216,236,269,269,346,346,363,374,374,374],"floor_reached":20,"language":"ENG","playtime":1038,"items_purged":[],"score":472,"play_id":"365f0f2e-0b91-4006-b7f6-b98233ad2afe","local_time":"20210206131122","is_ascension_mode":true,"campfire_choices":[{"data":"Apotheosis","floor":6.0,"key":"SMITH"},{"data":"Zap","floor":8.0,"key":"SMITH"},{"floor":11,"key":"REST"},{"data":"Machine Learning","floor":15,"key":"SMITH"}],"circlet_count":0,"master_deck":["AscendersBane","Strike_B","Strike_B","Strike_B","Strike_B","Defend_B","Defend_B","Defend_B","Defend_B","Zap+1","Dualcast","Gash","Apotheosis+1","Conserve Battery","Gash","Cold Snap","Gash","Rebound","Recycle","Machine Learning+1","Biased Cognition","Reinforced Body","Streamline"],"relics":["Cracked Core","PreservedInsect","WingedGreaves","Kunai","Bag of Preparation","Black Star"],"acts_visited":["Exordium","TheCity"],"potions_floor_usage":[13,18],"damage_taken":[{"damage":7.0,"enemies":"2 Louse","floor":1.0,"turns":4.0},{"damage":0.0,"enemies":"Cultist","floor":3.0,"turns":3.0},{"damage":4.0,"enemies":"Jaw Worm","floor":4.0,"turns":4.0},{"damage":17.0,"enemies":"Lots of Slimes","floor":5.0,"turns":3.0},{"damage":2.0,"enemies":"Lagavulin","floor":7.0,"turns":4.0},{"damage":2,"enemies":"Looter","floor":12,"turns":2},{"damage":0,"enemies":"Exordium Thugs","floor":13,"turns":4},{"damage":8,"enemies":"Gremlin Nob","floor":14,"turns":3},{"damage":0,"enemies":"The Guardian","floor":16,"turns":8},{"damage":18,"enemies":"Shell Parasite","floor":18,"turns":5},{"damage":24,"enemies":"Chosen","floor":19,"turns":5},{"damage":17,"enemies":"Snake Plant","floor":20,"turns":3}],"seed_played":"-5626787354492330389","potions_obtained":[{"floor":3.0,"key":"Swift Potion"},{"floor":4.0,"key":"ColorlessPotion"},{"floor":12,"key":"DuplicationPotion"},{"floor":19,"key":"Swift Potion"}],"is_trial":false,"path_per_floor":["M","$","M","M","M","R","E","R","T","?","R","M","M","E","R","B",null,"M","M","M"],"character_chosen":"DEFECT","items_purchased":["Apotheosis","PreservedInsect"],"campfire_rested":1,"item_purchase_floors":[2,2],"current_hp_per_floor":[57,57,57,53,36,36,34,34,34,28,47,45,45,37,37,37,57,39,15,0,0],"gold":374,"neow_bonus":"TWO_FIFTY_GOLD","is_daily":false,"chose_seed":false,"campfire_upgraded":3,"win_rate":0.0,"timestamp":1612645882,"path_taken":["M","$","M","M","M","R","E","R","T","?","R","M","?","E","R","BOSS","M","M","M"],"items_purchased_type":["Card","Relic"],"build_version":"2020-12-18","purchased_purges":0,"victory":false,"max_hp_per_floor":[64,64,64,64,64,64,64,64,64,64,64,64,64,64,64,64,64,64,64,64,64],"card_choices":[{"not_picked":["Hologram","Turbo"],"picked":"Gash","floor":1.0},{"not_picked":["Static Discharge","FTL"],"picked":"Conserve Battery","floor":3.0},{"not_picked":["Lockon","Darkness"],"picked":"Gash","floor":4.0},{"not_picked":["Skim","Leap"],"picked":"Cold Snap","floor":5.0},{"not_picked":["Loop","Coolheaded"],"picked":"Gash","floor":7.0},{"not_picked":["Storm","Go for the Eyes"],"picked":"Rebound","floor":12},{"not_picked":["Go for the Eyes","Heatsinks"],"picked":"Recycle","floor":13},{"not_picked":["Beam Cell","Blizzard"],"picked":"Machine Learning","floor":14},{"not_picked":["Buffer","Creative AI"],"picked":"Biased Cognition","floor":16},{"not_picked":["Rebound","Stack"],"picked":"Reinforced Body","floor":18},{"not_picked":["Lockon","Recycle"],"picked":"Streamline","floor":19}],"player_experience":1081100,"relics_obtained":[{"floor":7.0,"key":"WingedGreaves"},{"floor":9.0,"key":"Kunai"},{"floor":14,"key":"Bag of Preparation"}],"event_choices":[{"damage_healed":0,"gold_gain":50,"player_choice":"Touch","damage_taken":6,"max_hp_gain":0,"max_hp_loss":0,"event_name":"FaceTrader","floor":10,"gold_loss":0}],"is_beta":true,"boss_relics":[{"not_picked":["Inserter","FrozenCore"],"picked":"Black Star"}],"items_purged_floors":[],"is_endless":false,"potions_floor_spawned":[3,4,12,19],"killed_by":"Snake Plant","ascension_level":20}}