{"host":"dn6kke80v5f7isus","time":1612571952,"event":{"mods":["AchievementEnabler","Act Like it!","BaseMod","Colored Powertips","Custom Start","Defuse TimeMaze Blight","Gremlin Skip","Highlight Path","Hubris","Infinite Spire","Marisa????????","Minty Spire (QoL Compilation)","Rare Cards Sparkle","Reliquary","Replay The Spire","StSLib","The Servant 0.9.4","Uncapped","Unceasing Turn Reminder"],"gold_per_floor":[111,128,78,78,93,105,105,105,105,8673,8706,8334,8363,8375,8375,8471,8471,8426,8426,8201,8201,8201,8201,8201,8151,8151,8151,8151,8151,7810,7810,7810,7810,7810,7810,7810,7810,7810,7459,7459,7459,7459,7459,7459,7459,7459,7459,7459,7459,7459,7459],"floor_reached":50,"language":"ENG","playtime":1647,"items_purged":["WitchOfGreed+1","Defend_MRS","Defend_MRS","Strike_MRS+1"],"score":697,"play_id":"8e5f94c6-a79d-435b-a9a4-06ee3f6c686d","local_time":"20210205193912","is_ascension_mode":true,"campfire_choices":[{"data":"ChargingUp","floor":7.0,"key":"SMITH"},{"data":"RefractionSpark","floor":15,"key":"SMITH"},{"data":"MagicChant","floor":24,"key":"SMITH"},{"data":"CasketOfStar","floor":27,"key":"SMITH"},{"data":"OortCloud","floor":32,"key":"SMITH"},{"floor":44,"key":"REST"},{"floor":49,"key":"REST"}],"circlet_count":0,"master_deck":["Strike_MRS+1","Defend_MRS+1","UpSweep","ChargingUp+1","Parasite","Parasite","EarthLightRay","RefractionSpark+1","CasketOfStar+1","AsteroidBelt+1","MagicChant+1","SporeBomb+1","EarthLightRay","DoubleSpark+1","OortCloud+1","SatelliteIllusion+1","EnergyRecoil+1","Madness+1","Madness+1","ChargingUp+1"],"relics":["MiniHakkero","Eternal Feather","Membership Card","hubris:SlimyHat","ShroomBag","reliquary:RoseTintedGlasses","hubris:HerbalPaste","Juzu Bracelet","Pen Nib","Omamori","Ectoplasm","Strawberry","Vajra","ClockworkSouvenir","Replay:Ringing Soul","Gremlin Food","Toxic Egg 2","Ancient Tea Set","Quantum Egg","Sling","Whetstone","hubris:Backtick","hubris:Potato","Singing Bowl","Bag of Preparation","Frozen Eye","hubris:MobiusCoin","Replay:Baseball","MawBank","reliquary:SharkskinSheath","reliquary:PartyBalloon"],"acts_visited":["Exordium","TheCity","TheBeyond"],"potions_floor_usage":[11,11,11,13,13,14,16,16,18,23,31,33,48],"damage_taken":[{"damage":1.0,"enemies":"Jaw Worm","floor":1.0,"turns":4.0},{"damage":5.0,"enemies":"Small Slimes","floor":2.0,"turns":3.0},{"damage":2.0,"enemies":"2 Louse","floor":5.0,"turns":3.0},{"damage":5.0,"enemies":"Looter","floor":6.0,"turns":3.0},{"damage":5,"enemies":"Replay:BlueRogue","floor":11,"turns":4},{"damage":9,"enemies":"3 Sentries","floor":13,"turns":3},{"damage":6,"enemies":"2 Fungi Beasts","floor":14,"turns":3},{"damage":58,"enemies":"Hexaghost","floor":16,"turns":5},{"damage":14,"enemies":"2 Thieves","floor":18,"turns":3},{"damage":5,"enemies":"Spheric Guardian","floor":21,"turns":3},{"damage":15,"enemies":"Nightmare","floor":23,"turns":4},{"damage":35,"enemies":"Book of Stabbing","floor":28,"turns":4},{"damage":10,"enemies":"Cultist and Chosen","floor":29,"turns":3},{"damage":26,"enemies":"Shelled Parasite and Fungi","floor":31,"turns":5},{"damage":36,"enemies":"Champ","floor":33,"turns":5},{"damage":0,"enemies":"Orb Walker","floor":35,"turns":3},{"damage":38,"enemies":"Nemesis","floor":40,"turns":5},{"damage":60,"enemies":"Reptomancer","floor":42,"turns":5},{"damage":6,"enemies":"3 Darklings","floor":45,"turns":5},{"damage":33,"enemies":"Writhing Mass","floor":48,"turns":5},{"damage":135,"enemies":"Awakened One","floor":50,"turns":7}],"seed_played":"-2195166297412264190","potions_obtained":[{"floor":11,"key":"SpeedPotion"},{"floor":13,"key":"ColorlessPotion"},{"floor":14,"key":"SkillPotion"},{"floor":16,"key":"PowerPotion"},{"floor":18,"key":"Elixir"},{"floor":21,"key":"SpeedPotion"},{"floor":22,"key":"Regen Potion"},{"floor":31,"key":"BlessingOfTheForge"},{"floor":45,"key":"Fire Potion"}],"is_trial":false,"path_per_floor":["M","M","?","?","M","M","R","?","T","$","E","$","E","M","R","B",null,"M","?","$","M","?","NM","R","?","T","R","E","M","$","M","R","B",null,"M","?","?","?","$","E","AVR","E","T","R","M","?","T","M","R","B"],"character_chosen":"MARISA","items_purchased":["Membership Card","hubris:SlimyHat","ShroomBag","LifebloodPotion","DuplicationPotion","BottledSpark","hubris:HerbalPaste","Juzu Bracelet","Pen Nib","RefractionSpark","GamblersBrew","Fire Potion","Strawberry","Vajra","ClockworkSouvenir","Quantum Egg","Sling","Whetstone","Singing Bowl","Bag of Preparation","Frozen Eye"],"campfire_rested":2,"item_purchase_floors":[10,10,10,10,10,10,12,12,12,12,12,12,20,20,20,30,30,30,39,39,39],"current_hp_per_floor":[74,69,69,69,67,62,62,62,62,62,61,61,65,72,75,22,75,65,65,72,79,62,79,88,88,88,88,70,77,77,72,81,66,97,100,100,90,90,90,72,72,33,33,77,91,91,91,78,112,0,0],"gold":7459,"neow_bonus":"REMOVE_CARD","is_daily":false,"chose_seed":false,"campfire_upgraded":5,"win_rate":0.0,"timestamp":1612571952,"path_taken":["M","M","?","?","M","M","R","?","T","?","E","$","E","M","R","BOSS","M","?","$","M","?","NM","R","?","T","R","E","M","$","M","R","BOSS","M","?","?","?","?","E","AVR","E","T","R","M","?","?","M","R","BOSS"],"items_purchased_type":["Relic","Relic","Relic","Potion","Potion","Potion","Relic","Relic","Relic","Card","Potion","Potion","Relic","Relic","Relic","Relic","Relic","Relic","Relic","Relic","Relic"],"build_version":"2020-12-22","purchased_purges":4,"victory":false,"max_hp_per_floor":[75,75,75,75,75,75,75,75,75,75,75,75,75,75,75,75,75,75,75,82,82,85,88,88,88,88,88,91,91,91,94,94,97,97,100,100,103,103,103,105,105,108,108,108,110,110,110,112,112,112,112],"card_choices":[{"not_picked":["MysteriousBeam","ManaConvection"],"picked":"ChargingUp","floor":1.0},{"not_picked":["SporeBomb","OneTimeOff","GalacticHalo"],"picked":"SKIP","floor":2.0},{"not_picked":["UnstableBomb","AlicesGift","OpenUniverse"],"picked":"SKIP","floor":5.0},{"not_picked":["6A","GalacticHalo","LuminesStrike"],"picked":"SKIP","floor":6.0},{"not_picked":["ShootingEcho","MachineGunSpark"],"picked":"EarthLightRay","floor":11},{"not_picked":["NonDirectionalLaser","PropBag","LuminesStrike"],"picked":"SKIP","floor":13},{"not_picked":["SprinkleStarSeal","OpenUniverse","DC"],"picked":"SKIP","floor":14},{"not_picked":["AbsoluteMagnitude","EscapeVelocity"],"picked":"CasketOfStar","floor":16},{"not_picked":["SporeBomb","6A+1"],"picked":"AsteroidBelt+1","floor":18},{"not_picked":["ManaConvection","DarkMatter"],"picked":"MagicChant","floor":21},{"not_picked":["IllusionStar","GasGiant"],"picked":"SporeBomb","floor":22},{"not_picked":["OpenUniverse","SporeBomb"],"picked":"EarthLightRay","floor":23},{"not_picked":["GasGiant+1","GravityBeat+1"],"picked":"DoubleSpark","floor":28},{"not_picked":["MachineGunSpark","MysteriousBeam","OpenUniverse+1"],"picked":"SKIP","floor":29},{"not_picked":["GravityBeat+1","WitchLeyline"],"picked":"OortCloud","floor":31},{"not_picked":["EscapeVelocity","JA"],"picked":"SatelliteIllusion","floor":33},{"not_picked":["WitchOfGreed+1","BlazeAway+1"],"picked":"EnergyRecoil+1","floor":35},{"not_picked":["MilkyWay+1","StarlightTyphoon+1","LuminesStrike+1"],"picked":"Singing Bowl","floor":40},{"not_picked":["SporeBomb+1","6A+1"],"picked":"ChargingUp+1","floor":42},{"not_picked":["WitchLeyline","FinalSpark","MysteriousBeam"],"picked":"Singing Bowl","floor":45},{"not_picked":["NonDirectionalLaser","DarkSpark+1","WitchOfGreed+1"],"picked":"Singing Bowl","floor":48}],"player_experience":424307,"relics_obtained":[{"floor":9.0,"key":"Eternal Feather"},{"floor":11,"key":"reliquary:RoseTintedGlasses"},{"floor":13,"key":"Omamori"},{"floor":22,"key":"Replay:Ringing Soul"},{"floor":23,"key":"Gremlin Food"},{"floor":26,"key":"Toxic Egg 2"},{"floor":28,"key":"Ancient Tea Set"},{"floor":40,"key":"hubris:MobiusCoin"},{"floor":42,"key":"MawBank"},{"floor":43,"key":"reliquary:SharkskinSheath"},{"floor":47,"key":"reliquary:PartyBalloon"}],"event_choices":[{"cards_removed":["Defend_MRS"],"damage_healed":0.0,"max_hp_gain":0.0,"max_hp_loss":0.0,"gold_gain":0.0,"event_name":"The Cleric","player_choice":"Card Removal","floor":3.0,"gold_loss":50.0,"damage_taken":0.0},{"damage_healed":0,"gold_gain":0,"player_choice":"Ignored","damage_taken":0,"max_hp_gain":0,"max_hp_loss":0,"event_name":"Vampires","floor":19,"gold_loss":0},{"damage_healed":0,"gold_gain":100,"player_choice":"Bet on Murderer","damage_taken":0,"max_hp_gain":0,"max_hp_loss":0,"event_name":"The Joust","floor":25,"gold_loss":50},{"damage_healed":0,"gold_gain":0,"player_choice":"Forge","damage_taken":0,"max_hp_gain":0,"max_hp_loss":0,"event_name":"Accursed Blacksmith","floor":36,"gold_loss":0,"cards_upgraded":["SatelliteIllusion"]},{"damage_healed":0,"gold_gain":0,"player_choice":"Embrace Madness","damage_taken":13,"max_hp_gain":0,"max_hp_loss":0,"event_name":"Winding Halls","floor":37,"gold_loss":0,"cards_obtained":["Madness","Madness"]},{"cards_removed":["MasterSpark"],"damage_healed":0,"gold_gain":0,"player_choice":"Card Removal","damage_taken":0,"max_hp_gain":0,"max_hp_loss":0,"event_name":"Wheel of Change","floor":46,"gold_loss":0}],"is_beta":false,"boss_relics":[{"not_picked":["hubris:Stopwatch","Busted Crown"],"picked":"Ectoplasm"},{"not_picked":["Ring of Chaos","Velvet Choker"],"picked":"hubris:Backtick"}],"items_purged_floors":[10,12,30,39],"is_endless":true,"potions_floor_spawned":[11,13,14,16,18,21,31,45],"killed_by":"Awakened One","ascension_level":1}}