{"host":"c2p2isezsqpgoqg6","time":1612626309,"event":{"mods":["BaseMod","BetterRewards","Colored Map","DeckTracker","Downfall","Infinite Spire","Minty Spire (QoL Compilation)","Quick Restart","StSLib","SuperFastMode"],"gold_per_floor":[99,99,99,31,47,47,47,73,90,102,102,102,202,234,334,348,348,348,348],"floor_reached":17,"language":"ENG","playtime":483,"items_purged":[],"score":103,"play_id":"76e799a1-8aee-40b4-8a2e-b47884e034f0","local_time":"20210206164509","is_ascension_mode":false,"campfire_choices":[{"data":"champ:Execute","floor":1,"key":"SMITH"},{"data":"champ:CalledShot","floor":6,"key":"SMITH"},{"data":"champ:Encircle","floor":7,"key":"SMITH"}],"circlet_count":0,"master_deck":["champ:Strike","champ:Strike","champ:Strike","champ:Strike","champ:Defend","champ:Defend","champ:Defend","champ:Defend","champ:Execute+1","champ:Taunt","champ:DeathBlow","champ:Shatter","champ:FlashCut","champ:Encircle+1","champ:CalledShot+1","champ:TornadoPunch","champ:BringItOn","champ:RisingSlash","champ:Backstep","champ:Shatter"],"relics":["champ:ChampionCrown","downfall:HeartsMalice","infinitespire:Beetle Shell","downfall:BrokenWingStatue","Champion Belt","Gambling Chip"],"acts_visited":["Exordium"],"potions_floor_usage":[14],"damage_taken":[{"damage":0,"enemies":"Cultist","floor":2,"turns":1},{"damage":0,"enemies":"infinitespire:Voidling","floor":3,"turns":1},{"damage":0,"enemies":"downfall:FleeingMerchant","floor":4,"turns":1},{"damage":11,"enemies":"Jaw Worm","floor":5,"turns":3},{"damage":12,"enemies":"3 Louse","floor":9,"turns":3},{"damage":15,"enemies":"Large Slime","floor":10,"turns":4},{"damage":24,"enemies":"Large Slime","floor":13,"turns":4},{"damage":45,"enemies":"3 Sentries","floor":14,"turns":8},{"damage":0,"enemies":"2 Fungi Beasts","floor":16,"turns":3},{"damage":28,"enemies":"DF_ARCHETYPE_STREAMLINE","floor":17,"turns":3}],"seed_played":"1994733161661069227","potions_obtained":[{"floor":5,"key":"Explosive Potion"},{"floor":9,"key":"Weak Potion"},{"floor":14,"key":"Regen Potion"},{"floor":16,"key":"SneckoOil"}],"is_trial":false,"path_per_floor":["R","M","M","$","M","R","R","T","M","M","?","?","?","E","?","M","B"],"character_chosen":"THE_CHAMP","items_purchased":["champ:Encircle"],"campfire_rested":0,"item_purchase_floors":[4],"current_hp_per_floor":[90,90,90,90,89,89,89,89,77,62,62,62,48,13,13,13,0,0,0],"gold":348,"neow_bonus":"THREE_ENEMY_KILL","is_daily":false,"chose_seed":false,"campfire_upgraded":3,"win_rate":0.0,"timestamp":1612626309,"path_taken":["R","M","M","?","M","R","R","T","M","?","?","?","?","E","?","M","BOSS"],"items_purchased_type":["Card"],"build_version":"2020-12-22","purchased_purges":0,"victory":false,"max_hp_per_floor":[90,90,90,90,90,90,90,90,90,90,90,90,90,90,90,90,90,90,90],"card_choices":[{"not_picked":["champ:SkillfulDodge","champ:FocusedBerserking"],"picked":"champ:DeathBlow","floor":2},{"not_picked":["champ:AdrenalArmor","champ:Duel"],"picked":"champ:Shatter","floor":3},{"not_picked":["champ:AdrenalArmor","champ:CrookedStrike"],"picked":"champ:FlashCut","floor":4},{"not_picked":["champ:LastStand","champ:FocusedBerserking"],"picked":"champ:CalledShot","floor":5},{"not_picked":["champ:GladiatorStyle","champ:Shatter"],"picked":"champ:TornadoPunch","floor":9},{"not_picked":["champ:PreemptiveStrike","champ:EnGarde"],"picked":"champ:BringItOn","floor":10},{"not_picked":["champ:Backstep","champ:BladeFlurry"],"picked":"champ:RisingSlash","floor":13},{"not_picked":["champ:MurderStrike","champ:HeartStrike"],"picked":"champ:Backstep","floor":14},{"not_picked":["champ:DeathBlow","champ:GutPunch"],"picked":"champ:Shatter","floor":16}],"player_experience":477249,"relics_obtained":[{"floor":8,"key":"infinitespire:Beetle Shell"},{"floor":13,"key":"Champion Belt"},{"floor":14,"key":"Gambling Chip"}],"event_choices":[],"is_beta":false,"boss_relics":[],"items_purged_floors":[],"is_endless":false,"potions_floor_spawned":[5,9,14,16],"killed_by":"DF_ARCHETYPE_STREAMLINE","ascension_level":0}}