{"host":"oehe2dxjvdgux73m","time":1612622624,"event":{"mods":["AchievementEnabler","BaseMod","Colored Map","Colored Powertips","DeckTracker","Keyboard Shortcuts","Minty Spire (QoL Compilation)","Permanent Neow","Quick Restart","StSLib","SuperFastMode"],"gold_per_floor":[113,127,52,63,76,76,90,15,96,9,9,27,27,39,39,113,113,130,146,146,146,40,40,73,73,73],"floor_reached":25,"language":"KOR","playtime":680,"items_purged":["Strike_G"],"score":676,"play_id":"5b2856e5-e236-4036-999e-b8fb65822855","local_time":"20210206234344","is_ascension_mode":true,"campfire_choices":[{"data":"Bouncing Flask","floor":6.0,"key":"SMITH"},{"data":"Catalyst","floor":11.0,"key":"SMITH"},{"data":"Neutralize","floor":13.0,"key":"SMITH"},{"data":"Acrobatics","floor":15.0,"key":"SMITH"},{"floor":23.0,"key":"REST"}],"circlet_count":0,"master_deck":["AscendersBane","Strike_G","Strike_G","Strike_G","Defend_G","Defend_G","Defend_G","Defend_G","Defend_G","Survivor","Neutralize+1","Well Laid Plans","Backstab","Blade Dance","Bouncing Flask+1","Catalyst+1","Acrobatics+1","Backflip","Night Terror+1","PiercingWail","Blur"],"relics":["Ring of the Snake","Question Card","HoveringKite","Calipers"],"acts_visited":["Exordium","TheCity"],"potions_floor_usage":[],"damage_taken":[{"damage":3.0,"enemies":"2 Louse","floor":1.0,"turns":2.0},{"damage":7.0,"enemies":"Small Slimes","floor":2.0,"turns":5.0},{"damage":0.0,"enemies":"Cultist","floor":4.0,"turns":4.0},{"damage":4.0,"enemies":"Exordium Thugs","floor":5.0,"turns":3.0},{"damage":1.0,"enemies":"Large Slime","floor":7.0,"turns":5.0},{"damage":0.0,"enemies":"Red Slaver","floor":12.0,"turns":2.0},{"damage":0.0,"enemies":"2 Fungi Beasts","floor":14.0,"turns":2.0},{"damage":6.0,"enemies":"The Guardian","floor":16.0,"turns":8.0},{"damage":36.0,"enemies":"3 Byrds","floor":18.0,"turns":7.0},{"damage":3.0,"enemies":"Spheric Guardian","floor":19.0,"turns":3.0},{"damage":2.0,"enemies":"Gremlin Leader","floor":24.0,"turns":6.0},{"damage":17,"enemies":"3 Cultists","floor":25,"turns":5}],"seed_played":"1429950832112932863","potions_obtained":[{"floor":1.0,"key":"EssenceOfSteel"},{"floor":4.0,"key":"PowerPotion"},{"floor":12.0,"key":"Ancient Potion"},{"floor":14.0,"key":"Dexterity Potion"},{"floor":18.0,"key":"FearPotion"}],"is_trial":false,"path_per_floor":["M","M","$","M","M","R","M","?","T","$","R","M","R","M","R","B",null,"M","M","?","?","$","R","E","M"],"character_chosen":"THE_SILENT","items_purchased":["Catalyst","EntropicBrew"],"campfire_rested":1,"item_purchase_floors":[10,22],"current_hp_per_floor":[41,34,34,34,30,30,29,29,29,29,29,29,29,29,29,23,55,19,16,16,16,16,35,33,16,16],"gold":73,"neow_bonus":"THREE_RARE_CARDS","is_daily":false,"chose_seed":false,"campfire_upgraded":4,"win_rate":0.0,"timestamp":1612622624,"path_taken":["M","M","$","M","M","R","M","?","T","$","R","M","R","M","R","BOSS","M","M","?","?","$","R","E","M"],"items_purchased_type":["Card","Potion"],"build_version":"2020-12-22","purchased_purges":1,"victory":false,"max_hp_per_floor":[66,66,66,66,66,66,66,66,66,66,66,66,66,66,66,66,66,66,66,66,66,66,66,66,66,66],"card_choices":[{"not_picked":["A Thousand Cuts","Envenom"],"picked":"Glass Knife","floor":0.0},{"not_picked":["Concentrate","Acrobatics"],"picked":"Well Laid Plans","floor":1.0},{"not_picked":["Backflip","Sucker Punch"],"picked":"Backstab","floor":2.0},{"not_picked":["Footwork","Reflex"],"picked":"Blade Dance","floor":4.0},{"not_picked":["Cloak And Dagger","Predator"],"picked":"Bouncing Flask","floor":5.0},{"not_picked":["Sucker Punch","Expertise","Slice"],"picked":"SKIP","floor":7.0},{"not_picked":["Flying Knee","Blade Dance","Bane"],"picked":"Acrobatics","floor":12.0},{"not_picked":["Masterful Stab","PiercingWail","Cloak And Dagger"],"picked":"Backflip","floor":14.0},{"not_picked":["Envenom","Venomology","Doppelganger"],"picked":"Night Terror","floor":16.0},{"not_picked":["Outmaneuver","Slice","Leg Sweep"],"picked":"PiercingWail","floor":18.0},{"not_picked":["Backflip","Poisoned Stab","Sucker Punch","Finisher"],"picked":"SKIP","floor":19.0},{"not_picked":["Skewer+1","Backstab","Finisher"],"picked":"Blur","floor":24.0}],"player_experience":393993,"relics_obtained":[{"floor":9.0,"key":"Question Card"},{"floor":24.0,"key":"Calipers"}],"event_choices":[{"cards_removed":["Strike_G"],"damage_healed":0.0,"max_hp_gain":0.0,"max_hp_loss":0.0,"gold_gain":0.0,"event_name":"The Cleric","player_choice":"Card Removal","floor":8.0,"gold_loss":75.0,"damage_taken":0.0},{"damage_healed":0.0,"max_hp_gain":0.0,"max_hp_loss":0.0,"gold_gain":0.0,"event_name":"The Mausoleum","player_choice":"Ignored","floor":20.0,"gold_loss":0.0,"damage_taken":0.0},{"damage_healed":0.0,"max_hp_gain":0.0,"max_hp_loss":0.0,"gold_gain":0.0,"event_name":"Accursed Blacksmith","player_choice":"Forge","floor":21.0,"gold_loss":0.0,"damage_taken":0.0,"cards_upgraded":["Night Terror"]}],"is_beta":false,"boss_relics":[{"not_picked":["Velvet Choker","Calling Bell"],"picked":"HoveringKite"}],"items_purged_floors":[3],"is_endless":false,"potions_floor_spawned":[1,4,12,14,18],"killed_by":"3 Cultists","ascension_level":20}}