{"host":"4eao2pkwlmv012cz","time":1612580270,"event":{"mods":["BaseMod","Colored Powertips","Minty Spire (QoL Compilation)","Permanent Neow","Quick Restart","Random Character Button","StSLib"],"gold_per_floor":[113,113,113,129,142,142,178,178,178,193,193,193,212,245,245,338,338,357,371,371,371,371,371],"floor_reached":22,"language":"ENG","playtime":734,"items_purged":[],"score":388,"play_id":"fcdca339-98b8-4143-bf1f-aee5bd889db0","local_time":"20210205215750","is_ascension_mode":true,"campfire_choices":[{"data":"Mayhem","floor":6,"key":"SMITH"},{"floor":8,"key":"REST"},{"data":"Barrage","floor":11,"key":"SMITH"},{"floor":15,"key":"REST"}],"circlet_count":0,"master_deck":["AscendersBane","Strike_B","Strike_B","Strike_B","Strike_B","Defend_B","Defend_B","Defend_B","Defend_B","Zap","Dualcast","Mayhem+1","Coolheaded","Injury","Barrage+1","Ball Lightning","Conserve Battery","Multi-Cast","Tempest","Sweeping Beam","Rainbow","Blizzard","Compile Driver","Ghostly","Ghostly","Ghostly"],"relics":["Cracked Core","Golden Idol","HornCleat","Nunchaku","Matryoshka","Akabeko","Cursed Key"],"acts_visited":["Exordium","TheCity"],"potions_floor_usage":[7,14,14,16],"damage_taken":[{"damage":7,"enemies":"Small Slimes","floor":1,"turns":3},{"damage":1,"enemies":"2 Louse","floor":4,"turns":3},{"damage":4,"enemies":"Cultist","floor":5,"turns":4},{"damage":14,"enemies":"Lagavulin","floor":7,"turns":5},{"damage":7,"enemies":"Red Slaver","floor":10,"turns":3},{"damage":6,"enemies":"Large Slime","floor":13,"turns":5},{"damage":15,"enemies":"3 Sentries","floor":14,"turns":5},{"damage":37,"enemies":"The Guardian","floor":16,"turns":11},{"damage":21,"enemies":"3 Byrds","floor":18,"turns":5},{"damage":23,"enemies":"Shell Parasite","floor":19,"turns":5},{"damage":14,"enemies":"Centurion and Healer","floor":22,"turns":4}],"seed_played":"-6793881119447794901","potions_obtained":[{"floor":5,"key":"Swift Potion"},{"floor":10,"key":"Energy Potion"},{"floor":13,"key":"BlessingOfTheForge"},{"floor":14,"key":"Strength Potion"}],"is_trial":false,"path_per_floor":["M","?","?","M","M","R","E","R","T","M","R","?","M","E","R","B",null,"M","M","?","?","M"],"character_chosen":"DEFECT","items_purchased":[],"campfire_rested":2,"item_purchase_floors":[],"current_hp_per_floor":[57,57,52,51,47,47,33,52,52,45,45,45,39,24,43,6,50,29,6,6,6,0,0],"gold":371,"neow_bonus":"RANDOM_COLORLESS_2","is_daily":false,"chose_seed":false,"campfire_upgraded":2,"win_rate":0.0,"timestamp":1612580270,"path_taken":["M","?","?","M","M","R","E","R","T","M","R","?","?","E","R","BOSS","M","M","?","?","M"],"items_purchased_type":[],"build_version":"2020-12-22","purchased_purges":0,"victory":false,"max_hp_per_floor":[64,64,64,64,64,64,64,64,64,64,64,64,64,64,64,64,64,64,64,64,32,32,32],"card_choices":[{"not_picked":["Thinking Ahead","Secret Weapon"],"picked":"Mayhem","floor":0},{"not_picked":["BootSequence","Genetic Algorithm"],"picked":"Coolheaded","floor":1},{"not_picked":["Streamline","Stack"],"picked":"Barrage","floor":4},{"not_picked":["Sweeping Beam","Rebound"],"picked":"Ball Lightning","floor":5},{"not_picked":["Tempest","Streamline"],"picked":"Conserve Battery","floor":7},{"not_picked":["Skim","Reprogram","Rip and Tear"],"picked":"SKIP","floor":10},{"not_picked":["Gash","Streamline"],"picked":"Tempest","floor":13},{"not_picked":["Tempest","Rip and Tear"],"picked":"Sweeping Beam","floor":14},{"not_picked":["Multi-Cast","Creative AI"],"picked":"Rainbow","floor":16},{"not_picked":["Stack","Coolheaded"],"picked":"Blizzard","floor":18},{"not_picked":["Rebound","Gash"],"picked":"Compile Driver","floor":19}],"player_experience":2886325,"relics_obtained":[{"floor":7,"key":"Nunchaku"},{"floor":9,"key":"Matryoshka"},{"floor":14,"key":"Akabeko"}],"event_choices":[{"damage_healed":0,"gold_gain":0,"player_choice":"Take Wound","damage_taken":0,"relics_obtained":["Golden Idol"],"max_hp_gain":0,"max_hp_loss":0,"event_name":"Golden Idol","floor":2,"gold_loss":0,"cards_obtained":["Injury"]},{"damage_healed":0,"gold_gain":0,"player_choice":"Success","damage_taken":5,"relics_obtained":["HornCleat"],"max_hp_gain":0,"max_hp_loss":0,"event_name":"Scrap Ooze","floor":3,"gold_loss":0},{"damage_healed":0,"gold_gain":0,"player_choice":"1 cards matched","damage_taken":0,"max_hp_gain":0,"max_hp_loss":0,"event_name":"Match and Keep!","floor":12,"gold_loss":0,"cards_obtained":["Multi-Cast"]},{"damage_healed":0,"gold_gain":0,"player_choice":"Ignored","damage_taken":0,"max_hp_gain":0,"max_hp_loss":0,"event_name":"Cursed Tome","floor":20,"gold_loss":0},{"damage_healed":0,"gold_gain":0,"player_choice":"Became a Ghost","damage_taken":0,"max_hp_gain":0,"max_hp_loss":32,"event_name":"Ghosts","floor":21,"gold_loss":0,"cards_obtained":["Ghostly","Ghostly","Ghostly"]}],"is_beta":false,"boss_relics":[{"not_picked":["Ectoplasm","SacredBark"],"picked":"Cursed Key"}],"items_purged_floors":[],"is_endless":false,"potions_floor_spawned":[5,10,13,14],"killed_by":"Centurion and Healer","ascension_level":20}}