{"host":"my77oq6kb6j47rwl","time":1612653860,"event":{"mods":["BaseMod","Better Third Choice","Curses Come First","Displayed Cursed Tome","Emptier Cage","Hermit","Ironclad Rager","Minty Spire (QoL Compilation)","Quick Restart","Rare Cards Sparkle","StSLib"],"gold_per_floor":[19,31,44,44,69,113,131,131,158,171,171,20,20,33,33,129,129,149,173,198,219,219,219,260,260,260],"floor_reached":25,"language":"ENG","playtime":3077,"items_purged":[],"score":386,"play_id":"c5ce196d-30eb-4bed-98b2-120daaa6c776","local_time":"20210206182420","is_ascension_mode":true,"campfire_choices":[{"data":"Armaments","floor":8,"key":"SMITH"},{"data":"Rampage","floor":11,"key":"SMITH"},{"data":"Disarm","floor":15,"key":"SMITH"},{"data":"Disarm","floor":23,"key":"SMITH"}],"circlet_count":0,"master_deck":["AscendersBane","Twin Strike","Twin Strike","Twin Strike+1","Twin Strike","Iron Wave","Iron Wave","Iron Wave+1","Iron Wave","Disarm+1","Rampage+1","Armaments+1","Thunderclap","Flex","Cleave","Disarm+1","Searing Blow+1","Disarm+1","Combust+1","Cleave+1","Seeing Red","Shrug It Off+1","Demon Form"],"relics":["Burning Blood","Golden Idol","Boot","Whetstone","Strawberry","Astrolabe","Lantern"],"acts_visited":["Exordium","TheCity"],"potions_floor_usage":[6,6,10,21,24],"damage_taken":[{"damage":0,"enemies":"Small Slimes","floor":1,"turns":3},{"damage":4,"enemies":"Jaw Worm","floor":2,"turns":3},{"damage":0,"enemies":"Cultist","floor":3,"turns":3},{"damage":12,"enemies":"Lots of Slimes","floor":5,"turns":4},{"damage":34,"enemies":"3 Sentries","floor":6,"turns":8},{"damage":6,"enemies":"Blue Slaver","floor":7,"turns":3},{"damage":9,"enemies":"Looter","floor":10,"turns":3},{"damage":0,"enemies":"2 Fungi Beasts","floor":14,"turns":3},{"damage":1,"enemies":"Hexaghost","floor":16,"turns":10},{"damage":20,"enemies":"Spheric Guardian","floor":18,"turns":5},{"damage":18,"enemies":"Shell Parasite","floor":19,"turns":6},{"damage":7,"enemies":"Snake Plant","floor":20,"turns":6},{"damage":23,"enemies":"Centurion and Healer","floor":21,"turns":7},{"damage":36,"enemies":"Book of Stabbing","floor":24,"turns":7},{"damage":17,"enemies":"3 Cultists","floor":25,"turns":3}],"seed_played":"7005338168608581339","potions_obtained":[{"floor":1,"key":"LiquidBronze"},{"floor":2,"key":"Fire Potion"},{"floor":6,"key":"Weak Potion"},{"floor":7,"key":"Regen Potion"},{"floor":14,"key":"Explosive Potion"},{"floor":19,"key":"DuplicationPotion"}],"is_trial":false,"path_per_floor":["M","M","M","?","M","E","M","R","T","M","R","$","?","M","R","B",null,"M","M","M","M","?","R","E","M"],"character_chosen":"IRONCLAD","items_purchased":["Strawberry"],"campfire_rested":0,"item_purchase_floors":[12],"current_hp_per_floor":[56,58,64,47,41,13,13,13,13,19,19,26,26,32,32,37,66,52,40,39,22,47,47,17,0,0],"gold":260,"neow_bonus":"IRONCLAD_BERSERKER","is_daily":false,"chose_seed":false,"campfire_upgraded":4,"win_rate":0.0,"timestamp":1612653860,"path_taken":["M","M","M","?","M","E","M","R","T","M","R","$","?","M","R","BOSS","M","M","M","M","?","R","E","M"],"items_purchased_type":["Relic"],"build_version":"2020-12-22","purchased_purges":0,"victory":false,"max_hp_per_floor":[68,68,68,68,68,68,68,68,68,68,68,75,75,75,75,75,75,75,75,75,75,75,75,75,75,75],"card_choices":[{"not_picked":["Body Slam","Pummel"],"picked":"Disarm","floor":1},{"not_picked":["Perfected Strike","Uppercut"],"picked":"Rampage","floor":2},{"not_picked":["Blood for Blood","Flex"],"picked":"Armaments","floor":3},{"not_picked":["Sentinel","Headbutt"],"picked":"Thunderclap","floor":5},{"not_picked":["Warcry","Blood for Blood"],"picked":"Flex","floor":6},{"not_picked":["Bludgeon","Hemokinesis"],"picked":"Cleave","floor":7},{"not_picked":["Body Slam","Pummel","Sever Soul"],"picked":"SKIP","floor":10},{"not_picked":["Hemokinesis","Flex"],"picked":"Disarm","floor":14},{"not_picked":["Offering","Corruption"],"picked":"Impervious","floor":16},{"not_picked":["Iron Wave","Ghostly Armor","Power Through"],"picked":"SKIP","floor":18},{"not_picked":["Sever Soul","Armaments+1"],"picked":"Cleave+1","floor":19},{"not_picked":["Cleave","Thunderclap"],"picked":"Seeing Red","floor":20},{"not_picked":["Thunderclap","Dual Wield+1"],"picked":"Shrug It Off+1","floor":21},{"not_picked":["Headbutt+1","Intimidate"],"picked":"Demon Form","floor":24}],"player_experience":1081883,"relics_obtained":[{"floor":6,"key":"Boot"},{"floor":9,"key":"Whetstone"},{"floor":24,"key":"Lantern"}],"event_choices":[{"damage_healed":0,"gold_gain":0,"player_choice":"Take Damage","damage_taken":17,"relics_obtained":["Golden Idol"],"max_hp_gain":0,"max_hp_loss":0,"event_name":"Golden Idol","floor":4,"gold_loss":0},{"cards_removed":["Doubt"],"damage_healed":0,"gold_gain":0,"player_choice":"Forget","damage_taken":0,"max_hp_gain":0,"max_hp_loss":0,"event_name":"Living Wall","floor":13,"gold_loss":0},{"damage_healed":25,"gold_gain":0,"player_choice":"Heal","damage_taken":0,"max_hp_gain":0,"max_hp_loss":0,"event_name":"The Library","floor":22,"gold_loss":0}],"is_beta":false,"boss_relics":[{"not_picked":["Black Star","Runic Dome"],"picked":"Astrolabe"}],"items_purged_floors":[],"is_endless":false,"potions_floor_spawned":[1,2,6,7,14,19,20],"killed_by":"3 Cultists","ascension_level":14}}