{"host":"Jedit","time":1612577104,"event":{"mods":["BaseMod","Minty Spire (QoL Compilation)","Relic Stats","StSLib"],"gold_per_floor":[113,133,151,301,318,345,345,27,27,27,39,39,69,82,82,161,211,231,248,94,110,110,139,139,158,158,158,33,48,83,93,93,93,93],"floor_reached":33,"language":"ENG","playtime":1180,"items_purged":["Doubt","Strike_R","Strike_R"],"score":598,"play_id":"a6d76547-4861-4d6f-ba52-b17f0ef60bde","local_time":"20210206020504","is_ascension_mode":true,"campfire_choices":[{"data":"Immolate","floor":7.0,"key":"SMITH"},{"data":"Bash","floor":10.0,"key":"SMITH"},{"data":"True Grit","floor":12.0,"key":"SMITH"},{"data":"Inflame","floor":15.0,"key":"SMITH"},{"data":"Dark Embrace","floor":24.0,"key":"SMITH"},{"data":"Corruption","floor":27.0,"key":"SMITH"},{"floor":32,"key":"REST"}],"circlet_count":0,"master_deck":["AscendersBane","Strike_R","Strike_R","Strike_R","Defend_R+1","Defend_R","Defend_R","Defend_R","Bash+1","Immolate+1","Thunderclap","Dropkick","Headbutt","Sever Soul","Sentinel","Dropkick","True Grit+1","Armaments","Inflame+1","Corruption+1","Havoc","True Grit","Dark Embrace+1","Rage","Limit Break","Ghostly Armor","Seeing Red"],"relics":["Burning Blood","MealTicket","Lantern","Meat on the Bone","Pocketwatch","Tiny House","Regal Pillow","Oddly Smooth Stone","Happy Flower"],"acts_visited":["Exordium","TheCity"],"potions_floor_usage":[30],"damage_taken":[{"damage":1.0,"enemies":"Cultist","floor":1.0,"turns":3.0},{"damage":3.0,"enemies":"Small Slimes","floor":2.0,"turns":2.0},{"damage":3.0,"enemies":"2 Louse","floor":3.0,"turns":2.0},{"damage":11.0,"enemies":"Exordium Thugs","floor":5.0,"turns":4.0},{"damage":40.0,"enemies":"Lagavulin","floor":6.0,"turns":4.0},{"damage":7.0,"enemies":"Lots of Slimes","floor":11.0,"turns":2.0},{"damage":8.0,"enemies":"Gremlin Nob","floor":13.0,"turns":3.0},{"damage":0.0,"enemies":"3 Louse","floor":14.0,"turns":1.0},{"damage":32.0,"enemies":"Hexaghost","floor":16.0,"turns":7.0},{"damage":22.0,"enemies":"2 Thieves","floor":18.0,"turns":3.0},{"damage":3.0,"enemies":"3 Byrds","floor":19.0,"turns":3.0},{"damage":3.0,"enemies":"3 Cultists","floor":21.0,"turns":3.0},{"damage":43.0,"enemies":"Gremlin Leader","floor":23.0,"turns":5.0},{"damage":16.0,"enemies":"Chosen and Byrds","floor":25.0,"turns":4.0},{"damage":27.0,"enemies":"Snecko","floor":29.0,"turns":4.0},{"damage":32,"enemies":"Slavers","floor":30,"turns":5},{"damage":24,"enemies":"Snake Plant","floor":31,"turns":4},{"damage":78,"enemies":"Automaton","floor":33,"turns":6}],"seed_played":"5577834296694060982","potions_obtained":[{"floor":3.0,"key":"DistilledChaos"},{"floor":11.0,"key":"CultistPotion"},{"floor":13.0,"key":"AttackPotion"},{"floor":17.0,"key":"Dexterity Potion"},{"floor":21.0,"key":"Ancient Potion"},{"floor":31,"key":"Ancient Potion"}],"is_trial":false,"path_per_floor":["M","M","M","?","M","E","R","$","T","R","M","R","E","M","R","B",null,"M","M","$","M","?","E","R","M","T","R","$","M","E","M","R","B"],"character_chosen":"IRONCLAD","items_purchased":["Lantern","Dropkick","True Grit"],"campfire_rested":1,"item_purchase_floors":[8,8,20],"current_hp_per_floor":[73,75,75,75,70,36,36,51,51,51,50,50,48,54,54,40,71,55,58,73,76,76,51,51,53,53,53,68,47,33,27,66,0,0],"gold":93,"neow_bonus":"ONE_RANDOM_RARE_CARD","is_daily":false,"chose_seed":false,"campfire_upgraded":6,"win_rate":0.0,"timestamp":1612577104,"path_taken":["M","M","?","?","M","E","R","$","T","R","M","R","E","M","R","BOSS","M","M","$","M","?","E","R","M","T","R","?","?","E","M","R","BOSS"],"items_purchased_type":["Relic","Card","Card"],"build_version":"2020-12-18","purchased_purges":3,"victory":false,"max_hp_per_floor":[75,75,75,75,75,75,75,75,75,75,75,75,75,75,75,75,80,80,80,80,80,80,80,80,80,80,80,80,80,80,80,80,80,80],"relic_stats":{"Regal Pillow":15,"Happy Flower":[3],"counters":[18,65],"MealTicket":45,"obtain_stats":[{"Lantern":8,"Regal Pillow":22,"Tiny House":17,"Happy Flower":30,"Oddly Smooth Stone":23,"MealTicket":6,"Burning Blood":0,"Meat on the Bone":9,"Pocketwatch":13},{"Lantern":5,"Regal Pillow":12,"Tiny House":9,"Happy Flower":16,"Oddly Smooth Stone":13,"MealTicket":5,"Burning Blood":0,"Meat on the Bone":5,"Pocketwatch":7},{"Lantern":15,"Regal Pillow":37,"Tiny House":28,"Happy Flower":55,"Oddly Smooth Stone":42,"MealTicket":15,"Burning Blood":0,"Meat on the Bone":15,"Pocketwatch":20}],"Burning Blood":98,"Meat on the Bone":60,"Pocketwatch":[45]},"card_choices":[{"not_picked":["Body Slam","Iron Wave"],"picked":"Thunderclap","floor":1.0},{"not_picked":["Wild Strike","Sword Boomerang"],"picked":"Dropkick","floor":2.0},{"not_picked":["Warcry","Twin Strike"],"picked":"Headbutt","floor":3.0},{"not_picked":["Cleave","Thunderclap"],"picked":"Sever Soul","floor":5.0},{"not_picked":["Sword Boomerang","Iron Wave"],"picked":"Sentinel","floor":6.0},{"not_picked":["Anger","Warcry"],"picked":"True Grit","floor":11.0},{"not_picked":["Brutality","Iron Wave"],"picked":"Armaments","floor":13.0},{"not_picked":["Rupture","Uppercut"],"picked":"Inflame","floor":14.0},{"not_picked":["Fiend Fire","Reaper"],"picked":"Corruption","floor":16.0},{"not_picked":["Heavy Blade","Reckless Charge"],"picked":"Havoc","floor":17.0},{"not_picked":["Clothesline","Sword Boomerang+1","Armaments+1"],"picked":"SKIP","floor":18.0},{"not_picked":["Dual Wield","Rampage","Havoc"],"picked":"SKIP","floor":19.0},{"not_picked":["Double Tap","True Grit","Clash+1"],"picked":"SKIP","floor":21.0},{"not_picked":["Clash","Dropkick"],"picked":"Dark Embrace","floor":23.0},{"not_picked":["Dual Wield","Clothesline"],"picked":"Rage","floor":25.0},{"not_picked":["Cleave","Shrug It Off"],"picked":"Limit Break","floor":29.0},{"not_picked":["Sentinel","True Grit"],"picked":"Ghostly Armor","floor":30},{"not_picked":["Rampage","Twin Strike"],"picked":"Seeing Red","floor":31}],"player_experience":3474880,"relics_obtained":[{"floor":6.0,"key":"MealTicket"},{"floor":9.0,"key":"Meat on the Bone"},{"floor":13.0,"key":"Pocketwatch"},{"floor":23.0,"key":"Oddly Smooth Stone"},{"floor":30,"key":"Happy Flower"}],"event_choices":[{"damage_healed":0.0,"max_hp_gain":0.0,"max_hp_loss":0.0,"gold_gain":150.0,"event_name":"Liars Game","player_choice":"AGREE","floor":4.0,"gold_loss":0.0,"damage_taken":0.0,"cards_obtained":["Doubt"]},{"damage_healed":0.0,"max_hp_gain":0.0,"max_hp_loss":0.0,"gold_gain":0.0,"event_name":"WeMeetAgain","player_choice":"Gave Potion","floor":22.0,"gold_loss":0.0,"damage_taken":0.0,"relics_obtained":["Regal Pillow"]}],"is_beta":true,"boss_relics":[{"not_picked":["SacredBark","Velvet Choker"],"picked":"Tiny House"}],"items_purged_floors":[8,20,28],"is_endless":false,"potions_floor_spawned":[3,11,13,14,18,21,31],"killed_by":"Automaton","ascension_level":20}}