{"host":"iblpanoclcg2giwu","time":1612594464,"event":{"mods":["BaseMod","Better Third Choice","BetterRewards","Colored Map","Downfall","Gold Saver","Googly Eyes","Highlight Path","Minty Spire (QoL Compilation)","Relic Filter Mod","Remove Card Discount Mod","StSLib"],"gold_per_floor":[438,456,556,731,743,773,773,873,873,884,906,916,916,934,952,1051,1051,1051,1070,1081,1166,1201,1201,1201,1201,1236,1236,964,978,993,1005,1020,1121,1121,1021,1038,1058,1075,1095,1122,1122,881,892,892,792,792,811,796,816,816,816,816],"floor_reached":50,"language":"ENG","playtime":4933,"items_purged":[],"score":593,"play_id":"21c529b0-35e7-41a9-8404-d23354e438da","local_time":"20210205225424","is_ascension_mode":false,"campfire_choices":[{"data":"Slimebound:CorrosiveSpit","floor":1,"key":"SMITH"},{"data":"Slimebound:Split","floor":9,"key":"SMITH"},{"data":"Slimebound:SplitLeeching","floor":13,"key":"SMITH"},{"data":"Slimebound:SlimeBarrage","floor":18,"key":"SMITH"},{"floor":23,"key":"REST"},{"floor":25,"key":"REST"},{"data":"Slimebound:LivingWall","floor":35,"key":"SMITH"},{"data":"Slimebound:MinionMaster","floor":45,"key":"SMITH"}],"circlet_count":0,"master_deck":["Slimebound:Strike_Slimebound","Slimebound:Strike_Slimebound","Slimebound:Strike_Slimebound","Slimebound:Tackle","Slimebound:Defend_Slimebound","Slimebound:Defend_Slimebound","Slimebound:Defend_Slimebound","Slimebound:Defend_Slimebound","Slimebound:Split+1","Slimebound:CorrosiveSpit+1","Slimebound:SplitAcid","Doubt","Slimebound:Prepare","Slimebound:SplitLeeching+1","Slimebound:LivingWall+1","Slimebound:SplitMire","Slimebound:SlimeBarrage+1","Slimebound:RallyTheTroops","Slimebound:SplitBruiser+1","Slimebound:LivingWall+1","Slimebound:SlimeSpikes","Slimebound:SplitAcid","Slimebound:SplitLeeching","Slimebound:SplitLeeching+1","Slimebound:SplitBruiser+1","Slimebound:GrowthPunch+1","Slimebound:MinionMaster+1","CurseOfTheBell","Slimebound:PressTheAttack+1","Slimebound:SlimeSpikes+1","Slimebound:SlimeSpikes","Slimebound:LevelUp+1","Regret","downfall:Icky","Slimebound:Teamwork","expansioncontent:AwakenDeath","Slimebound:SlimeTap+1","Slimebound:Prepare+1","Slimebound:LeadByExample+1"],"relics":["Cursed Key","Omamori","Regal Pillow","Odd Mushroom","SacredBark","Red Mask","Toy Ornithopter","Molten Egg 2","ClockworkSouvenir","Calling Bell","Bag of Preparation","Sundial","Ice Cream","downfall:HeartBlessingGreen","Bird Faced Urn","Lantern","downfall:HeartBlessingBlue"],"acts_visited":["Exordium","TheCity","TheBeyond"],"potions_floor_usage":[6,6,19,20,20,22,26,32,33,38,39,43,48],"damage_taken":[{"damage":0,"enemies":"Cultist","floor":2,"turns":3},{"damage":2,"enemies":"Small Slimes","floor":5,"turns":3},{"damage":4,"enemies":"3 Sentries","floor":6,"turns":6},{"damage":1,"enemies":"2 Louse","floor":10,"turns":2},{"damage":0,"enemies":"The Mushroom Lair","floor":11,"turns":5},{"damage":0,"enemies":"2 Fungi Beasts","floor":12,"turns":4},{"damage":0,"enemies":"Blue Slaver","floor":14,"turns":3},{"damage":0,"enemies":"3 Louse","floor":15,"turns":4},{"damage":33,"enemies":"DF_ARCHETYPE_STREAMLINE","floor":16,"turns":11},{"damage":13,"enemies":"Spheric Guardian","floor":19,"turns":5},{"damage":0,"enemies":"3 Byrds","floor":20,"turns":2},{"damage":31,"enemies":"Masked Bandits","floor":22,"turns":5},{"damage":0,"enemies":"Gremlin Leader","floor":26,"turns":5},{"damage":0,"enemies":"downfall:FleeingMerchant","floor":28,"turns":4},{"damage":3,"enemies":"Snake Plant","floor":29,"turns":4},{"damage":15,"enemies":"Centurion and Healer","floor":30,"turns":5},{"damage":0,"enemies":"Shelled Parasite and Fungi","floor":31,"turns":5},{"damage":0,"enemies":"Sentry and Sphere","floor":32,"turns":6},{"damage":30,"enemies":"WA_ARCHETYPE_CALM","floor":33,"turns":13},{"damage":8,"enemies":"Orb Walker","floor":36,"turns":4},{"damage":0,"enemies":"3 Shapes","floor":37,"turns":5},{"damage":8,"enemies":"Sphere and 2 Shapes","floor":38,"turns":5},{"damage":7,"enemies":"3 Darklings","floor":39,"turns":6},{"damage":3,"enemies":"downfall:FleeingMerchant","floor":42,"turns":4},{"damage":27,"enemies":"Transient","floor":43,"turns":5},{"damage":19,"enemies":"Maw","floor":47,"turns":7},{"damage":2,"enemies":"downfall:FleeingMerchant","floor":48,"turns":4},{"damage":22,"enemies":"Jaw Worm Horde","floor":49,"turns":5},{"damage":29,"enemies":"IC_BLOCK_ARCHETYPE","floor":50,"turns":2}],"seed_played":"2087179795832188448","potions_obtained":[{"floor":2,"key":"Swift Potion"},{"floor":5,"key":"Slimebound:SlimedPotion"},{"floor":12,"key":"LiquidBronze"},{"floor":15,"key":"Swift Potion"},{"floor":16,"key":"SneckoOil"},{"floor":19,"key":"hexamod:SoulburnPotion"},{"floor":22,"key":"Energy Potion"},{"floor":30,"key":"EssenceOfSteel"},{"floor":32,"key":"Block Potion"},{"floor":33,"key":"Ancient Potion"},{"floor":36,"key":"Block Potion"},{"floor":37,"key":"SpeedPotion"},{"floor":43,"key":"DuplicationPotion"}],"is_trial":false,"path_per_floor":["R","M","?","?","M","E","T","?","R","M","?","M","R","M","M","B",null,"R","M","M","?","?","R","T","R","E","?","$","M","M","M","M","B",null,"R","M","M","M","M","?","T","$","M","?","R","?","M","$","M","B"],"character_chosen":"SLIMEBOUND","items_purchased":["Slimebound:SlimeSpikes","Slimebound:SplitAcid","ClockworkSouvenir","Lantern","Slimebound:Teamwork"],"campfire_rested":2,"item_purchase_floors":[28,28,28,42,42],"current_hp_per_floor":[65,65,65,65,63,59,59,59,59,58,58,58,58,58,58,25,65,65,52,52,40,9,43,43,65,65,54,54,51,36,36,41,16,70,70,62,62,59,57,57,57,56,36,36,46,46,31,40,24,0,0,0],"gold":816,"neow_bonus":"BOSS_RELIC","is_daily":false,"chose_seed":false,"campfire_upgraded":6,"win_rate":0.0,"timestamp":1612594464,"path_taken":["R","M","?","?","M","E","T","?","R","M","?","?","R","M","M","BOSS","R","M","M","?","?","R","T","R","E","?","$","M","M","?","M","BOSS","R","M","M","?","?","?","T","$","M","?","R","?","?","$","M","BOSS"],"items_purchased_type":["Card","Card","Relic","Relic","Card"],"build_version":"2020-12-22","purchased_purges":0,"victory":false,"max_hp_per_floor":[65,65,65,65,65,65,65,65,65,65,65,65,65,65,65,65,65,65,65,65,65,65,65,65,65,65,70,70,70,70,70,70,70,70,70,70,70,70,70,70,70,70,70,70,80,80,80,80,80,80,80,80],"card_choices":[{"not_picked":["Slimebound:DisruptingSlam","Slimebound:GoopSpray"],"picked":"Slimebound:SplitAcid","floor":2},{"not_picked":["Slimebound:ItLooksTasty","Slimebound:ProtectTheBoss"],"picked":"Slimebound:Prepare","floor":5},{"not_picked":["Slimebound:Replication","Slimebound:Chomp"],"picked":"Slimebound:SplitLeeching","floor":6},{"not_picked":["Slimebound:Schlurp","Slimebound:ItLooksTasty"],"picked":"Slimebound:LivingWall","floor":10},{"not_picked":["Slimebound:Nibble","Slimebound:OozeBath"],"picked":"Slimebound:SplitMire","floor":12},{"not_picked":["Slimebound:HauntingLick","Slimebound:Gluttony","Slimebound:TongueLash"],"picked":"SKIP","floor":14},{"not_picked":["Slimebound:HauntingLick","Slimebound:FinishingTackle"],"picked":"Slimebound:SlimeBarrage","floor":15},{"not_picked":["Slimebound:WasteNot","Slimebound:DuplicatedForm"],"picked":"Slimebound:RallyTheTroops","floor":16},{"not_picked":["Slimebound:Schlurp","Slimebound:RollThrough"],"picked":"Slimebound:SplitBruiser+1","floor":19},{"not_picked":["Slimebound:Equalize","Slimebound:HauntingLick"],"picked":"Slimebound:LivingWall+1","floor":20},{"not_picked":["Slimebound:Gluttony+1","Slimebound:RollThrough+1","Slimebound:LeechLife+1"],"picked":"SKIP","floor":26},{"not_picked":["Slimebound:Equalize+1","Slimebound:DisruptingSlam+1","Slimebound:FlameTackle+1"],"picked":"SKIP","floor":28},{"not_picked":["Slimebound:SamplingLick+1","Slimebound:SplitAcid"],"picked":"Slimebound:SplitLeeching","floor":29},{"not_picked":["Slimebound:Gluttony","Slimebound:GoopSpray"],"picked":"Slimebound:SplitLeeching+1","floor":30},{"not_picked":["Slimebound:SplitAcid+1","Slimebound:SplitLeeching"],"picked":"Slimebound:SplitBruiser+1","floor":31},{"not_picked":["Slimebound:SplitAcid","Slimebound:HauntingLick+1"],"picked":"Slimebound:GrowthPunch+1","floor":32},{"not_picked":["Slimebound:DuplicatedForm","Slimebound:RallyTheTroops+1"],"picked":"Slimebound:MinionMaster","floor":33},{"not_picked":["Slimebound:ComboTackle+1","Slimebound:BestDefense+1"],"picked":"Slimebound:PressTheAttack+1","floor":36},{"not_picked":["Slimebound:Dissolve+1","Slimebound:RollThrough+1"],"picked":"Slimebound:SlimeSpikes+1","floor":37},{"not_picked":["Slimebound:GoopSpray+1","Slimebound:SlimeBrawl+1"],"picked":"Slimebound:SlimeSpikes","floor":38},{"not_picked":["Slimebound:RejuvenatingLick+1","Slimebound:SlimeSpikes"],"picked":"Slimebound:LevelUp+1","floor":39},{"not_picked":["Slimebound:ForwardTackle+1","Slimebound:GoopTackle+1","Slimebound:Grow+1"],"picked":"SKIP","floor":42},{"not_picked":["Slimebound:Gluttony","Slimebound:PressTheAttack+1","Slimebound:SplitAcid+1"],"picked":"SKIP","floor":43},{"not_picked":["expansioncontent:LastStand","expansioncontent:InvincibleStrength"],"picked":"expansioncontent:AwakenDeath","floor":44},{"not_picked":["Slimebound:SplitMire","Slimebound:PressTheAttack+1"],"picked":"Slimebound:SlimeTap+1","floor":47},{"not_picked":["Slimebound:SplitAcid+1","Slimebound:RollThrough+1"],"picked":"Slimebound:Prepare+1","floor":48},{"not_picked":["Slimebound:Dissolve+1","Slimebound:Schlurp"],"picked":"Slimebound:LeadByExample+1","floor":49}],"player_experience":137602,"relics_obtained":[{"floor":6,"key":"Omamori"},{"floor":7,"key":"Regal Pillow"},{"floor":11,"key":"Odd Mushroom"},{"floor":22,"key":"Red Mask"},{"floor":24,"key":"Toy Ornithopter"},{"floor":26,"key":"Molten Egg 2"},{"floor":34,"key":"Bag of Preparation"},{"floor":34,"key":"Sundial"},{"floor":34,"key":"Ice Cream"},{"floor":41,"key":"Bird Faced Urn"}],"event_choices":[{"damage_healed":0,"gold_gain":0,"player_choice":"Fought Mushrooms","damage_taken":0,"max_hp_gain":0,"max_hp_loss":0,"event_name":"Mushrooms","floor":11,"gold_loss":0},{"damage_healed":0,"gold_gain":0,"player_choice":"Fought Bandits","damage_taken":0,"max_hp_gain":0,"max_hp_loss":0,"event_name":"Masked Bandits","floor":22,"gold_loss":0},{"damage_healed":0,"gold_gain":0,"player_choice":"Ignored","damage_taken":0,"max_hp_gain":0,"max_hp_loss":0,"event_name":"NoteForYourself","floor":46,"gold_loss":0}],"is_beta":false,"boss_relics":[{"not_picked":["SlaversCollar","Fusion Hammer"],"picked":"SacredBark"},{"not_picked":["Velvet Choker","Slimebound:TarBlob"],"picked":"Calling Bell"}],"items_purged_floors":[],"is_endless":false,"potions_floor_spawned":[2,5,12,15,16,19,22,30,32,33,36,37,43],"killed_by":"IC_BLOCK_ARCHETYPE","ascension_level":0}}