{"host":"kntpungskobv1jqb","time":1612589366,"event":{"mods":["BaseMod","Minty Spire (QoL Compilation)","Replay The Spire","StSLib","SuperFastMode"],"gold_per_floor":[118,268,268,268,289,320,343,368,368,125,125,141,18,38,38,134,134,147,46,0,0],"floor_reached":20,"language":"ZHS","playtime":3880,"items_purged":[],"score":398,"play_id":"808d9e48-d05d-4d67-b27e-b637d4f353eb","local_time":"20210206132926","is_ascension_mode":true,"campfire_choices":[{"data":"Defragment","floor":11,"key":"SMITH"},{"floor":15,"key":"REST"}],"circlet_count":0,"master_deck":["AscendersBane","Strike_B","Strike_B","Strike_B","Defend_B","Defend_B","Defend_B","Defend_B","Zap","Dualcast","Storm","Doubt","Rebound+1","ReplayTheSpireMod:Omega Cannon","White Noise","Leap","Defragment+1","Coolheaded","Crystallizer+1","BasicCrystalCard","Ball Lightning","Electrodynamics","Static Discharge","Loop","Coolheaded"],"relics":["Cracked Core","NeowsBlessing","Golden Idol","Darkstone Periapt","Carrot","Lee\u0027s Waffle","Black Star"],"acts_visited":["Exordium","TheCity"],"potions_floor_usage":[16,16],"damage_taken":[{"damage":0,"enemies":"Small Slimes","floor":1,"turns":1},{"damage":0,"enemies":"Cultist","floor":5,"turns":1},{"damage":0,"enemies":"3 Sentries","floor":6,"turns":1},{"damage":16,"enemies":"2 Louse","floor":7,"turns":3},{"damage":1,"enemies":"Looter","floor":8,"turns":3},{"damage":9,"enemies":"Red Slaver","floor":12,"turns":3},{"damage":16,"enemies":"Exordium Wildlife","floor":14,"turns":3},{"damage":47,"enemies":"Fading Forest","floor":16,"turns":13},{"damage":34,"enemies":"Spheric Guardian","floor":18,"turns":5},{"damage":41,"enemies":"2 Thieves","floor":20,"turns":3}],"seed_played":"7484236198280117228","potions_obtained":[{"floor":5,"key":"Flashbang"},{"floor":6,"key":"Adrenaline Potion"},{"floor":8,"key":"Fire Potion"}],"is_trial":false,"path_per_floor":["M","?","?","?","M","E","M","M","T","$","R","M","$","M","R","B",null,"M","$","M"],"character_chosen":"DEFECT","items_purchased":["Lee\u0027s Waffle","Defragment","Crystallizer+1","BasicCrystalCard","Loop","Coolheaded"],"campfire_rested":1,"item_purchase_floors":[10,10,13,13,19,19],"current_hp_per_floor":[64,64,40,40,40,40,24,23,23,78,78,69,69,53,76,29,66,32,32,0,0],"gold":0,"neow_bonus":"THREE_ENEMY_KILL","is_daily":false,"chose_seed":false,"campfire_upgraded":1,"win_rate":0.0,"timestamp":1612589366,"path_taken":["M","?","?","?","M","E","M","M","T","$","R","M","$","M","R","BOSS","M","$","M"],"items_purchased_type":["Relic","Card","Card","Card","Card","Card"],"build_version":"2020-12-22","purchased_purges":0,"victory":false,"max_hp_per_floor":[71,71,71,71,71,71,71,71,71,78,78,78,78,78,78,78,78,78,78,78,78],"card_choices":[{"not_picked":["Beam Cell","Go for the Eyes"],"picked":"Storm","floor":1},{"not_picked":["Redo","Gash"],"picked":"ReplayTheSpireMod:Omega Cannon","floor":5},{"not_picked":["Redo","Coolheaded"],"picked":"White Noise","floor":6},{"not_picked":["Turbo","Stack"],"picked":"Leap","floor":7},{"not_picked":["Sweeping Beam","Rebound","Gash"],"picked":"SKIP","floor":8},{"not_picked":["Conserve Battery","Go for the Eyes"],"picked":"Coolheaded","floor":12},{"not_picked":["Scrape","Turbo"],"picked":"Ball Lightning","floor":14},{"not_picked":["Machine Learning","Fission"],"picked":"Electrodynamics","floor":16},{"not_picked":["Scrape","Conserve Battery+1"],"picked":"Static Discharge","floor":18}],"player_experience":538014,"relics_obtained":[{"floor":6,"key":"Darkstone Periapt"},{"floor":9,"key":"Carrot"}],"event_choices":[{"damage_healed":0,"gold_gain":150,"player_choice":"AGREE","damage_taken":0,"max_hp_gain":0,"max_hp_loss":0,"event_name":"Liars Game","floor":2,"gold_loss":0,"cards_obtained":["Doubt"]},{"damage_healed":0,"gold_gain":0,"player_choice":"Take Damage","damage_taken":24,"relics_obtained":["Golden Idol"],"max_hp_gain":0,"max_hp_loss":0,"event_name":"Golden Idol","floor":3,"gold_loss":0}],"is_beta":false,"boss_relics":[{"not_picked":["Painkiller Herb","Coffee Dripper"],"picked":"Black Star"}],"items_purged_floors":[],"is_endless":false,"potions_floor_spawned":[5,6,8],"killed_by":"2 Thieves","ascension_level":20}}