{"host":"1q02rw1wpi0nrsss","time":1612645463,"event":{"mods":["AchievementEnabler","BaseMod","Better Note","Better Third Choice","Bossed Relics","Custom Start","Dark Map","DeckTracker","Disable Question Mark Monsters","Minty Spire (QoL Compilation)","Permanent Neow","Quick Restart","Rare Cards Sparkle","Relic Stats","StSLib","??????REMEMod"],"gold_per_floor":[113,130,141,89,89,89,123,123,123,123,123,154,229,241,241,339,339,357,357,209,224,240,240,22,22,49,91,103,115,158,187,199,310,322,349,361,393,416,438,450,492,504,516,540,562,608,634,294,294,294,294,294,42,74,74,74],"floor_reached":55,"language":"ENG","playtime":3757,"items_purged":["Parasite","Strike_G+1"],"score":900,"play_id":"48a48dc9-027f-4760-aa3a-992474b7de82","local_time":"20210206130423","is_ascension_mode":true,"campfire_choices":[{"data":"Deadly Poison","floor":6.0,"key":"SMITH"},{"floor":8.0,"key":"REST"},{"data":"Dagger Spray","floor":11.0,"key":"SMITH"},{"data":"Skewer","floor":15.0,"key":"SMITH"},{"data":"A Thousand Cuts","floor":23.0,"key":"SMITH"},{"data":"Footwork","floor":25.0,"key":"SMITH"},{"data":"Well Laid Plans","floor":29.0,"key":"SMITH"},{"data":"Blur","floor":32.0,"key":"SMITH"},{"data":"Adrenaline","floor":40.0,"key":"SMITH"},{"data":"Backflip","floor":42.0,"key":"SMITH"},{"floor":49,"key":"RECALL"},{"data":"Caltrops","floor":52,"key":"SMITH"}],"circlet_count":0,"master_deck":["Strike_G+1","Strike_G+1","Strike_G+1","Strike_G+1","Defend_G+1","Defend_G+1","Defend_G+1","Defend_G+1","Defend_G+1","Survivor","Neutralize+1","Bullet Time+1","Bandage Up+1","Footwork+1","Dagger Spray+1","Dodge and Roll+1","Deadly Poison+1","Skewer+1","A Thousand Cuts+1","Riddle With Holes+1","Leg Sweep+1","Well Laid Plans+1","Blur+1","Adrenaline+1","Blur+1","Backflip+1","PiercingWail+1","Caltrops+1"],"relics":["Ring of the Snake","REME_ComplimentaryCards","Sundial","Orichalcum","MealTicket","Velvet Choker","Vajra","Sling","MawBank","REME_HandOfSuture","Happy Flower","Mummified Hand","SacredBark","TungstenRod","REME_PuzzleBoxRelic","Bag of Marbles","ClockworkSouvenir","War Paint"],"acts_visited":["Exordium","TheCity","TheBeyond","TheEnding"],"potions_floor_usage":[45,55],"damage_taken":[{"damage":7.0,"enemies":"Small Slimes","floor":1.0,"turns":4.0},{"damage":3.0,"enemies":"2 Louse","floor":2.0,"turns":4.0},{"damage":0.0,"enemies":"Cultist","floor":3.0,"turns":4.0},{"damage":30.0,"enemies":"Gremlin Nob","floor":7.0,"turns":4.0},{"damage":15.0,"enemies":"3 Sentries","floor":12.0,"turns":8.0},{"damage":4.0,"enemies":"Exordium Wildlife","floor":14.0,"turns":5.0},{"damage":18.0,"enemies":"Slime Boss","floor":16.0,"turns":9.0},{"damage":4.0,"enemies":"Chosen","floor":18.0,"turns":6.0},{"damage":4.0,"enemies":"Shell Parasite","floor":21.0,"turns":4.0},{"damage":2.0,"enemies":"Centurion and Healer","floor":22.0,"turns":6.0},{"damage":0.0,"enemies":"Gremlin Leader","floor":27.0,"turns":6.0},{"damage":25.0,"enemies":"Slavers","floor":30.0,"turns":6.0},{"damage":1.0,"enemies":"3 Cultists","floor":31.0,"turns":4.0},{"damage":3.0,"enemies":"Collector","floor":33.0,"turns":10.0},{"damage":2.0,"enemies":"3 Darklings","floor":35.0,"turns":6.0},{"damage":0.0,"enemies":"3 Shapes","floor":37.0,"turns":5.0},{"damage":0.0,"enemies":"Transient","floor":38.0,"turns":5.0},{"damage":0.0,"enemies":"4 Shapes","floor":39.0,"turns":6.0},{"damage":9.0,"enemies":"Reptomancer","floor":41.0,"turns":6.0},{"damage":4.0,"enemies":"3 Darklings","floor":44.0,"turns":3.0},{"damage":10,"enemies":"Sphere and 2 Shapes","floor":45,"turns":6},{"damage":10,"enemies":"Nemesis","floor":46,"turns":7},{"damage":0,"enemies":"Writhing Mass","floor":47,"turns":7},{"damage":38,"enemies":"Donu and Deca","floor":50,"turns":13},{"damage":69,"enemies":"Shield and Spear","floor":54,"turns":8},{"damage":41,"enemies":"The Heart","floor":55,"turns":8}],"seed_played":"-3817351574000207881","potions_obtained":[{"floor":1.0,"key":"SpeedPotion"},{"floor":3.0,"key":"Poison Potion"},{"floor":14.0,"key":"Explosive Potion"},{"floor":27.0,"key":"SteroidPotion"},{"floor":38.0,"key":"DuplicationPotion"},{"floor":39.0,"key":"ColorlessPotion"},{"floor":44.0,"key":"SkillPotion"}],"is_trial":false,"path_per_floor":["M","M","M","$","?","R","E","R","T","?","R","E","?","M","R","B",null,"M","?","$","M","M","R","$","R","T","E","?","R","E","M","R","B",null,"M","?","M","M","M","R","E","R","T","M","M","E","M","$","R","B",null,"R","$","E","B"],"character_chosen":"THE_SILENT","items_purchased":["Deadly Poison","Vajra","Well Laid Plans","Sling","Bag of Marbles","Caltrops","Energy Potion","ClockworkSouvenir"],"campfire_rested":1,"item_purchase_floors":[4,20,24,24,48,48,48,53],"current_hp_per_floor":[67,67,70,70,56,56,26,47,47,47,47,36,25,25,25,11,70,66,66,70,70,70,70,70,70,70,70,70,70,49,52,52,53,70,68,68,68,70,70,70,61,61,61,61,55,49,53,67,67,33,67,67,67,37,0,0],"gold":74,"neow_bonus":"RANDOM_COLORLESS","is_daily":false,"chose_seed":false,"campfire_upgraded":10,"win_rate":0.0,"timestamp":1612645463,"path_taken":["M","M","M","$","?","R","E","R","T","?","R","E","?","M","R","BOSS","M","?","$","M","M","R","$","R","T","E","?","R","E","M","R","BOSS","M","?","M","M","M","R","E","R","T","M","M","E","M","$","R","BOSS","R","$","E","BOSS"],"items_purchased_type":["Card","Relic","Card","Relic","Relic","Card","Potion","Relic"],"build_version":"2020-12-22","purchased_purges":2,"victory":false,"max_hp_per_floor":[70,70,70,70,70,70,70,70,70,70,70,70,70,70,70,70,70,70,70,70,70,70,70,70,70,70,70,70,70,70,70,70,70,70,70,70,70,70,70,70,70,70,70,70,70,70,70,67,67,67,67,67,67,67,67,67],"relic_stats":{"Happy Flower":[33],"counters":[26,160],"Sundial":[16],"Mummified Hand":[50],"MealTicket":19,"Orichalcum":[78],"War Paint":["Bullet Time","Bandage Up"],"MawBank":264,"obtain_stats":[{"Happy Flower":28,"SacredBark":34,"Velvet Choker":17,"Vajra":20,"Orichalcum":9,"War Paint":54,"Sling":24,"MawBank":26,"ClockworkSouvenir":53,"Sundial":7,"Mummified Hand":30,"MealTicket":12,"REME_HandOfSuture":27,"Bag of Marbles":48,"REME_PuzzleBoxRelic":46,"TungstenRod":41,"Ring of the Snake":0,"REME_ComplimentaryCards":0},{"Happy Flower":11,"SacredBark":14,"Velvet Choker":7,"Vajra":8,"Orichalcum":4,"War Paint":25,"Sling":10,"MawBank":10,"ClockworkSouvenir":24,"Sundial":4,"Mummified Hand":12,"MealTicket":5,"REME_HandOfSuture":11,"Bag of Marbles":23,"REME_PuzzleBoxRelic":22,"TungstenRod":19,"Ring of the Snake":0,"REME_ComplimentaryCards":0},{"Happy Flower":60,"SacredBark":80,"Velvet Choker":38,"Vajra":44,"Orichalcum":16,"War Paint":152,"Sling":54,"MawBank":54,"ClockworkSouvenir":144,"Sundial":16,"Mummified Hand":66,"MealTicket":24,"REME_HandOfSuture":60,"Bag of Marbles":131,"REME_PuzzleBoxRelic":124,"TungstenRod":108,"Ring of the Snake":0,"REME_ComplimentaryCards":0}],"TungstenRod":35,"Ring of the Snake":[52]},"card_choices":[{"not_picked":["PanicButton","Jack Of All Trades"],"picked":"Bandage Up","floor":0.0},{"not_picked":["Flying Knee","Setup"],"picked":"Footwork","floor":1.0},{"not_picked":["Acrobatics","Bane"],"picked":"Dagger Spray","floor":2.0},{"not_picked":["Dagger Spray","Flying Knee"],"picked":"Dodge and Roll","floor":3.0},{"not_picked":["Concentrate","Flying Knee","Masterful Stab"],"picked":"SKIP","floor":7.0},{"not_picked":["Deadly Poison","Poisoned Stab","Acrobatics"],"picked":"SKIP","floor":12.0},{"not_picked":["Dagger Spray","Heel Hook"],"picked":"Skewer","floor":14.0},{"not_picked":["Bullet Time","Wraith Form v2"],"picked":"A Thousand Cuts","floor":16.0},{"not_picked":["Bane","Footwork"],"picked":"Riddle With Holes+1","floor":18.0},{"not_picked":["Slice","Sucker Punch","Footwork"],"picked":"SKIP","floor":21.0},{"not_picked":["Deflect","Flying Knee+1"],"picked":"Leg Sweep+1","floor":22.0},{"not_picked":["Masterful Stab+1","Crippling Poison","REME_ShadowStrike"],"picked":"SKIP","floor":27.0},{"not_picked":["Infinite Blades","Prepared"],"picked":"Blur","floor":30.0},{"not_picked":["Acrobatics","REME_GreenPollution","Deadly Poison"],"picked":"SKIP","floor":31.0},{"not_picked":["Night Terror","Glass Knife"],"picked":"Adrenaline","floor":33.0},{"not_picked":["Acrobatics","Blade Dance+1","Endless Agony"],"picked":"SKIP","floor":35.0},{"not_picked":["Dagger Throw+1","REME_ShadowStrike","Deadly Poison"],"picked":"SKIP","floor":37.0},{"not_picked":["Die Die Die","Crippling Poison+1"],"picked":"Backflip","floor":38.0},{"not_picked":["Finisher+1","Endless Agony+1","All Out Attack"],"picked":"SKIP","floor":39.0},{"not_picked":["Skewer","Setup","Endless Agony"],"picked":"SKIP","floor":41.0},{"not_picked":["Dagger Throw+1","Choke","Outmaneuver+1"],"picked":"SKIP","floor":44.0},{"not_picked":["Riddle With Holes+1","Poisoned Stab+1"],"picked":"PiercingWail+1","floor":45},{"not_picked":["Poisoned Stab","PiercingWail+1","Dodge and Roll"],"picked":"SKIP","floor":46},{"not_picked":["Calculated Gamble+1","Dodge and Roll","Choke"],"picked":"SKIP","floor":47},{"not_picked":["Quick Slash+1","Calculated Gamble","Outmaneuver"],"picked":"SKIP","floor":54}],"player_experience":94166,"relics_obtained":[{"floor":7.0,"key":"Sundial"},{"floor":9.0,"key":"Orichalcum"},{"floor":12.0,"key":"MealTicket"},{"floor":26.0,"key":"MawBank"},{"floor":27.0,"key":"REME_HandOfSuture"},{"floor":30.0,"key":"Mummified Hand"},{"floor":41.0,"key":"TungstenRod"},{"floor":46,"key":"REME_PuzzleBoxRelic"},{"floor":54,"key":"War Paint"}],"event_choices":[{"damage_healed":70.0,"max_hp_gain":0.0,"max_hp_loss":70.0,"gold_gain":0.0,"event_name":"betterThird:BetterShining","player_choice":"Upgrade","floor":5.0,"gold_loss":0.0,"damage_taken":14.0,"cards_upgraded":["Dodge and Roll","Strike_G"]},{"damage_healed":0.0,"max_hp_gain":0.0,"max_hp_loss":0.0,"gold_gain":0.0,"event_name":"Living Wall","player_choice":"Grow","floor":10.0,"gold_loss":0.0,"damage_taken":0.0,"cards_upgraded":["Neutralize"]},{"damage_healed":0.0,"max_hp_gain":0.0,"max_hp_loss":0.0,"gold_gain":75.0,"event_name":"betterThird:BetterGoop","player_choice":"Gold","floor":13.0,"gold_loss":0.0,"damage_taken":11.0},{"damage_healed":0.0,"max_hp_gain":0.0,"max_hp_loss":9.0,"gold_gain":0.0,"event_name":"betterThird:BetterWriting","player_choice":"Simplicity","floor":19.0,"gold_loss":0.0,"damage_taken":0.0},{"damage_healed":0.0,"max_hp_gain":0.0,"max_hp_loss":0.0,"gold_gain":0.0,"event_name":"The Mausoleum","player_choice":"Opened","floor":28.0,"gold_loss":0.0,"damage_taken":0.0,"relics_obtained":["Happy Flower"]},{"damage_healed":0.0,"max_hp_gain":0.0,"max_hp_loss":0.0,"gold_gain":0.0,"event_name":"Duplicator","player_choice":"Copied","floor":36.0,"gold_loss":0.0,"damage_taken":0.0,"cards_obtained":["Blur"]}],"is_beta":false,"boss_relics":[{"not_picked":["Calling Bell","Fusion Hammer"],"picked":"Velvet Choker"},{"not_picked":["Sozu","REME_LowDesire"],"picked":"SacredBark"}],"items_purged_floors":[48,53],"is_endless":false,"potions_floor_spawned":[1,3,14,27,38,39,44],"killed_by":"The Heart","ascension_level":4}}