{"host":"18wi9kpcl4eah7pe","time":1612595035,"event":{"mods":["BaseMod","Colored Powertips","Downfall","Minty Spire (QoL Compilation)","StSLib"],"gold_per_floor":[99,111,111,127,112,128,128,128,158,168,68,68,68,101,112,209,209,109,120,120,120,30,65,92,92,177,177,195,195,95,95,109,214,214,214,231,65,83,83,94,94,105,140,140,140,3,31,31,50,50,50,82,0,0,0,0,0,0],"floor_reached":56,"language":"ENG","playtime":2668,"items_purged":["downfall:Malfunctioning","Parasite"],"score":985,"play_id":"3e645f76-3333-4669-aab2-b0f660e21749","local_time":"20210206010355","is_ascension_mode":true,"campfire_choices":[{"floor":1,"key":"RECALL"},{"floor":11,"key":"REST"},{"floor":13,"key":"REST"},{"data":"champ:Improvising","floor":18,"key":"SMITH"},{"floor":30,"key":"REST"},{"data":"champ:DancingMaster","floor":35,"key":"SMITH"},{"floor":44,"key":"REST"},{"data":"champ:ArenaPreparation","floor":54,"key":"SMITH"}],"circlet_count":0,"master_deck":["champ:Strike","champ:Strike+1","champ:Strike","champ:Strike","champ:Defend","champ:Defend","champ:Defend","champ:Defend+1","champ:Execute","champ:Taunt","champ:StanceDance+1","champ:EnGarde","champ:TornadoPunch","champ:ArenaPreparation+1","champ:Shatter+1","champ:IronFortress","champ:Improvising+1","champ:SkillfulDodge","champ:CheapShot+1","champ:GladiatorStyle+1","champ:FlashCut+1","champ:CrownThrow+1","champ:DancingMaster+1","champ:FocusedDefense","champ:EnchantCrown","champ:ShieldSlam","champ:RapidStrikes+1","champ:StanceDance+1","champ:FanOfKnives+1","champ:GutPunch+1","champ:DefensiveShout+1","champ:FocusedBerserking","champ:CrookedStrike+1","champ:Duel+1","champ:LastStand"],"relics":["champ:ChampionCrown","MealTicket","Guardian:GemstoneGun","Molten Egg 2","downfall:HeartBlessingRed","Meat on the Bone","expansioncontent:StudyCardRelic","downfall:HeartBlessingGreen","MutagenicStrength","bronze:BronzeIdol","Nunchaku","downfall:HeartBlessingBlue","SlaversCollar","HandDrill","The Courier","Regal Pillow","Sling","Shuriken","hexamod:CandleOfCauterizing","Ornamental Fan"],"acts_visited":["Exordium","TheCity","TheBeyond","TheEnding"],"potions_floor_usage":[9,12,16,22,29,33,42,43,46,50,52,55,56],"damage_taken":[{"damage":11,"enemies":"Cultist","floor":2,"turns":4},{"damage":2,"enemies":"Jaw Worm","floor":4,"turns":4},{"damage":15,"enemies":"downfall:FleeingMerchant","floor":5,"turns":4},{"damage":17,"enemies":"Small Slimes","floor":6,"turns":4},{"damage":52,"enemies":"Gremlin Nob","floor":9,"turns":4},{"damage":31,"enemies":"Large Slime","floor":10,"turns":6},{"damage":0,"enemies":"Red Slaver","floor":12,"turns":1},{"damage":58,"enemies":"3 Sentries","floor":14,"turns":6},{"damage":19,"enemies":"Lots of Slimes","floor":15,"turns":3},{"damage":29,"enemies":"SI_SHIV_ARCHETYPE","floor":16,"turns":8},{"damage":25,"enemies":"3 Byrds","floor":19,"turns":4},{"damage":28,"enemies":"downfall:FleeingMerchant","floor":22,"turns":5},{"damage":52,"enemies":"Book of Stabbing","floor":23,"turns":5},{"damage":10,"enemies":"Snecko","floor":28,"turns":3},{"damage":0,"enemies":"downfall:FleeingMerchant","floor":29,"turns":1},{"damage":12,"enemies":"Chosen and Byrds","floor":32,"turns":2},{"damage":47,"enemies":"WA_ARCHETYPE_CALM","floor":33,"turns":8},{"damage":52,"enemies":"3 Darklings","floor":36,"turns":5},{"damage":5,"enemies":"downfall:FleeingMerchant","floor":37,"turns":4},{"damage":25,"enemies":"3 Shapes","floor":38,"turns":4},{"damage":21,"enemies":"Spire Growth","floor":40,"turns":3},{"damage":9,"enemies":"Writhing Mass","floor":42,"turns":3},{"damage":30,"enemies":"Giant Head","floor":43,"turns":4},{"damage":0,"enemies":"downfall:FleeingMerchant","floor":46,"turns":1},{"damage":10,"enemies":"Reptomancer","floor":47,"turns":3},{"damage":0,"enemies":"3 Darklings","floor":49,"turns":2},{"damage":82,"enemies":"DF_ARCHETYPE_ORBS","floor":50,"turns":7},{"damage":44,"enemies":"downfall:CharBossMerchant","floor":52,"turns":4},{"damage":73,"enemies":"downfall:NeowBoss","floor":55,"turns":10},{"damage":100,"enemies":"downfall:NeowBossFinal","floor":56,"turns":5}],"seed_played":"8592130627097842848","potions_obtained":[{"floor":3,"key":"BlessingOfTheForge"},{"floor":3,"key":"SmokeBomb"},{"floor":3,"key":"LiquidMemories"},{"floor":10,"key":"SpeedPotion"},{"floor":14,"key":"champ:UltimateStancePotion"},{"floor":19,"key":"bronze:BurnAndBuffPotion"},{"floor":23,"key":"PowerPotion"},{"floor":28,"key":"SmokeBomb"},{"floor":40,"key":"sneckomod:MuddlingPotion"},{"floor":42,"key":"Weak Potion"},{"floor":43,"key":"CultistPotion"},{"floor":47,"key":"champ:OpenerPotion"},{"floor":52,"key":"Fire Potion"}],"is_trial":false,"path_per_floor":["R","M","?","M","$","M","T","?","E","M","R","M","R","E","M","B",null,"R","M","?","?","$","E","T","?","?","T","M","$","R","?","M","B",null,"R","M","$","M","?","M","T","M","E","R","?","$","E","$","M","B",null,"E","$","R","B","B"],"character_chosen":"THE_CHAMP","items_purchased":["HandDrill","Sling","Shuriken","Fruit Juice","champ:OpenerPotion","Dexterity Potion"],"campfire_rested":4,"item_purchase_floors":[37,46,46,46,53,53],"current_hp_per_floor":[90,89,89,87,90,83,83,83,51,50,77,77,90,62,65,53,90,90,75,75,75,90,60,60,60,42,42,54,69,100,95,83,78,100,100,70,85,70,70,66,66,57,69,100,100,102,102,102,102,37,102,78,93,93,82,0,0,0],"gold":0,"neow_bonus":"RANDOM_COMMON_RELIC","is_daily":false,"chose_seed":false,"campfire_upgraded":3,"win_rate":0.0,"timestamp":1612595035,"path_taken":["R","?","?","M","$","?","T","?","E","M","R","M","R","E","M","BOSS","R","M","?","?","$","E","T","?","?","?","?","?","R","?","M","BOSS","R","M","?","M","?","M","T","M","E","R","?","$","E","?","M","BOSS","E","$","R","BOSS","BOSS"],"items_purchased_type":["Relic","Relic","Relic","Potion","Potion","Potion"],"build_version":"2020-12-22","purchased_purges":2,"victory":false,"max_hp_per_floor":[90,90,90,90,90,90,90,90,90,90,90,90,90,90,90,90,90,90,90,90,90,90,90,90,90,90,90,90,90,100,100,100,100,100,100,100,100,100,100,100,100,100,100,100,100,102,102,102,102,102,102,102,102,102,102,102,102,102],"card_choices":[{"not_picked":["champ:CrownThrow","champ:BladeFlurry"],"picked":"champ:StanceDance","floor":2},{"not_picked":["champ:Endure","champ:BladeFlurry"],"picked":"champ:EnGarde","floor":4},{"not_picked":["champ:StanceDance","champ:DefensiveShout"],"picked":"champ:TornadoPunch","floor":5},{"not_picked":["champ:ShieldSigil","champ:FalseCounter"],"picked":"champ:ArenaPreparation","floor":6},{"not_picked":["champ:DeathBlow+1","champ:EnchantSword"],"picked":"champ:Shatter+1","floor":9},{"not_picked":["champ:Haymaker+1","champ:AdrenalArmor"],"picked":"champ:IronFortress","floor":10},{"not_picked":["champ:EnragedBash+1","champ:EnGarde"],"picked":"champ:Improvising","floor":14},{"not_picked":["champ:CrownThrow+1","champ:StanceDance"],"picked":"champ:SkillfulDodge","floor":15},{"not_picked":["champ:SwordThrow+1","champ:Improvising"],"picked":"champ:CheapShot+1","floor":16},{"not_picked":["champ:CrookedStrike+1","champ:ShieldSlam"],"picked":"champ:GladiatorStyle+1","floor":19},{"not_picked":["champ:ShieldSigil","champ:PerfectedStrike+1"],"picked":"champ:FlashCut+1","floor":22},{"not_picked":["champ:BerserkersShout","champ:Lariat"],"picked":"champ:CrownThrow+1","floor":23},{"not_picked":["champ:PerfectedStrike+1","champ:FancyFootwork"],"picked":"champ:DancingMaster","floor":28},{"not_picked":["champ:ShieldSigil","champ:StanceDance"],"picked":"champ:FocusedDefense","floor":32},{"not_picked":["champ:SteelEdge+1","champ:IgnorePain"],"picked":"champ:EnchantCrown","floor":33},{"not_picked":["champ:SkillfulDodge+1","champ:AdrenalArmor+1"],"picked":"champ:ShieldSlam","floor":36},{"not_picked":["champ:SwordThrow+1","champ:BladeFlurry+1"],"picked":"champ:RapidStrikes+1","floor":37},{"not_picked":["champ:ShieldSigil+1","champ:GladiatorStyle"],"picked":"champ:StanceDance+1","floor":38},{"not_picked":["expansioncontent:HyperBeam","expansioncontent:InvincibleStrength"],"picked":"expansioncontent:YouAreMine","floor":39},{"not_picked":["champ:CalledShot","champ:Haymaker+1"],"picked":"champ:FanOfKnives+1","floor":40},{"not_picked":["champ:CrookedStrike+1","champ:CalledShot+1"],"picked":"champ:GutPunch+1","floor":42},{"not_picked":["champ:CrookedStrike+1","champ:BringItOn"],"picked":"champ:DefensiveShout+1","floor":43},{"not_picked":["champ:CrownThrow+1","champ:PreciseThrust+1"],"picked":"champ:FocusedBerserking","floor":46},{"not_picked":["champ:Shatter+1","champ:TornadoPunch+1"],"picked":"champ:CrookedStrike+1","floor":47},{"not_picked":["champ:DefensiveShout","champ:BladeFlurry+1"],"picked":"champ:Duel+1","floor":49},{"not_picked":["champ:AdrenalArmor","champ:EnragedBash+1"],"picked":"champ:LastStand","floor":52}],"player_experience":993551,"relics_obtained":[{"floor":7,"key":"Guardian:GemstoneGun"},{"floor":9,"key":"Molten Egg 2"},{"floor":14,"key":"Meat on the Bone"},{"floor":23,"key":"bronze:BronzeIdol"},{"floor":24,"key":"Nunchaku"},{"floor":41,"key":"The Courier"},{"floor":43,"key":"Regal Pillow"},{"floor":47,"key":"hexamod:CandleOfCauterizing"},{"floor":52,"key":"Ornamental Fan"}],"event_choices":[{"damage_healed":0,"gold_gain":0,"player_choice":"Got Potions","damage_taken":0,"max_hp_gain":0,"max_hp_loss":0,"event_name":"Lab","floor":3,"gold_loss":0},{"damage_healed":0,"gold_gain":0,"player_choice":"Inject Mutagens","damage_taken":0,"relics_obtained":["MutagenicStrength"],"max_hp_gain":0,"max_hp_loss":0,"event_name":"Drug Dealer","floor":20,"gold_loss":0},{"damage_healed":0,"gold_gain":0,"player_choice":"Ignored","damage_taken":0,"max_hp_gain":0,"max_hp_loss":0,"event_name":"Vampires","floor":25,"gold_loss":0},{"cards_removed":["expansioncontent:YouAreMine"],"damage_healed":0,"gold_gain":0,"player_choice":"Removed Skill","damage_taken":0,"max_hp_gain":0,"max_hp_loss":0,"event_name":"Falling","floor":45,"gold_loss":0}],"is_beta":false,"boss_relics":[{"not_picked":["Sozu","Runic Dome"],"picked":"expansioncontent:StudyCardRelic"},{"not_picked":["Astrolabe","champ:ChampionCrownUpgraded"],"picked":"SlaversCollar"}],"items_purged_floors":[22,46],"is_endless":false,"potions_floor_spawned":[6,10,12,14,19,23,28,40,42,43,47,52],"killed_by":"downfall:NeowBossFinal","ascension_level":4}}