{"host":"49qg1vqziwkpu54d","time":1612614953,"event":{"mods":["AchievementEnabler","BaseMod","Colored Map","Minty Spire (QoL Compilation)","Relic Stats"],"gold_per_floor":[114,126,139,152,152,152,177,188,188,205,205,205,218,168,168,273,273,285,285,304,316,334,334,8,8,8,20,47,59,71,117,129,243,255,286,317,340,352,23,50,50,83,129,129,6,25,44,94,94,94],"floor_reached":51,"language":"ENG","playtime":2331,"items_purged":["Decay","Strike_P"],"score":888,"play_id":"3062d345-e8b1-495e-8f35-be21db1aae4b","local_time":"20210206133553","is_ascension_mode":true,"campfire_choices":[{"data":"Eruption","floor":6.0,"key":"SMITH"},{"floor":11.0,"key":"REST"},{"data":"Blasphemy","floor":15.0,"key":"SMITH"},{"data":"Ragnarok","floor":23.0,"key":"SMITH"},{"floor":25.0,"key":"REST"},{"data":"Adaptation","floor":27.0,"key":"SMITH"},{"data":"WindmillStrike","floor":32.0,"key":"SMITH"},{"floor":41,"key":"REST"},{"data":"Establishment","floor":44,"key":"SMITH"},{"data":"Tantrum","floor":49,"key":"SMITH"}],"circlet_count":0,"master_deck":["Defend_P+1","Defend_P","Eruption+1","Vigilance","Blasphemy+1","Consecrate","Adaptation+1","FollowUp","Wireheading","FlyingSleeves","Indignation","Ragnarok+1","Establishment+1","Consecrate+1","Conclude+1","Wallop+1","FlurryOfBlows+1","FlyingSleeves","WheelKick+1","ReachHeaven","ForeignInfluence+1","WindmillStrike+1","Wish+1","Protect+1","Protect+1","CarveReality+1","Tantrum+1","FollowUp+1","Crescendo+1"],"relics":["HolyWater","Pear","Astrolabe","Matryoshka","HornCleat","The Courier","MawBank","Eternal Feather","PreservedInsect","Membership Card","War Paint","Bag of Preparation","TeardropLocket","Orichalcum","MealTicket","Nunchaku","TungstenRod"],"acts_visited":["Exordium","TheCity","TheBeyond"],"potions_floor_usage":[46,50,50],"damage_taken":[{"damage":0.0,"enemies":"Cultist","floor":1.0,"turns":3.0},{"damage":0.0,"enemies":"2 Louse","floor":2.0,"turns":2.0},{"damage":0.0,"enemies":"Jaw Worm","floor":3.0,"turns":2.0},{"damage":0.0,"enemies":"2 Fungi Beasts","floor":4.0,"turns":3.0},{"damage":44.0,"enemies":"3 Sentries","floor":7.0,"turns":8.0},{"damage":16.0,"enemies":"3 Louse","floor":8.0,"turns":3.0},{"damage":0.0,"enemies":"Gremlin Gang","floor":10.0,"turns":2.0},{"damage":3.0,"enemies":"Blue Slaver","floor":13.0,"turns":2.0},{"damage":19.0,"enemies":"The Guardian","floor":16.0,"turns":6.0},{"damage":12.0,"enemies":"Chosen","floor":18.0,"turns":3.0},{"damage":0.0,"enemies":"2 Thieves","floor":20.0,"turns":2.0},{"damage":9.0,"enemies":"Centurion and Healer","floor":21.0,"turns":3.0},{"damage":27.0,"enemies":"Snake Plant","floor":22.0,"turns":2.0},{"damage":0.0,"enemies":"Snecko","floor":28.0,"turns":3.0},{"damage":16.0,"enemies":"Slavers","floor":31.0,"turns":2.0},{"damage":12.0,"enemies":"Automaton","floor":33.0,"turns":5.0},{"damage":36,"enemies":"3 Darklings","floor":35,"turns":2},{"damage":11,"enemies":"Orb Walker","floor":36,"turns":2},{"damage":18,"enemies":"Spire Growth","floor":37,"turns":4},{"damage":0,"enemies":"Giant Head","floor":40,"turns":4},{"damage":0,"enemies":"Reptomancer","floor":42,"turns":2},{"damage":33,"enemies":"Writhing Mass","floor":46,"turns":3},{"damage":0,"enemies":"Transient","floor":47,"turns":5},{"damage":0,"enemies":"Mind Bloom Boss Battle","floor":48,"turns":2},{"damage":14,"enemies":"Awakened One","floor":50,"turns":5}],"seed_played":"-7604150412591391857","potions_obtained":[{"floor":1.0,"key":"Block Potion"},{"floor":2.0,"key":"DuplicationPotion"},{"floor":10.0,"key":"FairyPotion"},{"floor":13.0,"key":"Energy Potion"},{"floor":16.0,"key":"StancePotion"},{"floor":21.0,"key":"Dexterity Potion"},{"floor":22.0,"key":"SmokeBomb"},{"floor":35,"key":"PowerPotion"},{"floor":42,"key":"Block Potion"},{"floor":47,"key":"DistilledChaos"}],"is_trial":false,"path_per_floor":["M","M","M","M","?","R","E","M","T","M","R","?","M","?","R","B",null,"M","?","M","M","M","R","$","R","T","R","M","?","?","E","R","B",null,"M","M","M","?","$","E","R","E","T","R","$","M","M","?","R","B",null],"character_chosen":"WATCHER","items_purchased":["HornCleat","ReachHeaven","PreservedInsect","Membership Card","War Paint","Tantrum","Nunchaku"],"campfire_rested":3,"item_purchase_floors":[24,24,39,39,39,45,45],"current_hp_per_floor":[72,72,72,72,65,65,31,15,15,15,39,39,36,36,36,17,82,70,70,70,61,34,34,34,58,58,58,58,58,58,42,54,42,82,46,35,17,17,17,17,56,56,56,71,82,49,49,49,64,50],"gold":94,"neow_bonus":"THREE_RARE_CARDS","is_daily":false,"chose_seed":false,"campfire_upgraded":7,"win_rate":0.0,"timestamp":1612614953,"path_taken":["M","M","M","M","?","R","E","M","T","M","R","?","?","?","R","BOSS","M","?","M","M","M","R","$","R","T","R","M","?","?","E","R","BOSS","M","M","M","?","$","E","R","E","T","R","$","M","?","?","R","BOSS"],"items_purchased_type":["Relic","Card","Relic","Relic","Relic","Card","Relic"],"build_version":"2020-12-22","purchased_purges":2,"victory":true,"max_hp_per_floor":[72,72,72,72,72,72,82,82,82,82,82,82,82,82,82,82,82,82,82,82,82,82,82,82,82,82,82,82,82,82,82,82,82,82,82,82,82,82,82,82,82,82,82,82,82,82,82,82,82,82],"relic_stats":{"Nunchaku":[5],"counters":[25,80],"Astrolabe":["Consecrate","Conclude","Wallop"],"Eternal Feather":57,"MealTicket":11,"PreservedInsect":183,"Bag of Preparation":[10],"War Paint":["Wish","Defend_P"],"Orichalcum":[24],"MawBank":156,"obtain_stats":[{"Pear":7,"Astrolabe":17,"Eternal Feather":31,"The Courier":26,"PreservedInsect":39,"Bag of Preparation":40,"TeardropLocket":42,"War Paint":39,"Orichalcum":43,"MawBank":26,"Nunchaku":45,"Matryoshka":19,"HornCleat":24,"HolyWater":34,"MealTicket":43,"Membership Card":39,"PureWater":0,"TungstenRod":48},{"Pear":5,"Astrolabe":9,"Eternal Feather":15,"The Courier":13,"PreservedInsect":19,"Bag of Preparation":20,"TeardropLocket":21,"War Paint":19,"Orichalcum":21,"MawBank":13,"Nunchaku":21,"Matryoshka":10,"HornCleat":13,"HolyWater":16,"MealTicket":21,"Membership Card":19,"PureWater":0,"TungstenRod":24},{"Pear":18,"Astrolabe":31,"Eternal Feather":46,"The Courier":41,"PreservedInsect":59,"Bag of Preparation":63,"TeardropLocket":65,"War Paint":59,"Orichalcum":65,"MawBank":41,"Nunchaku":65,"Matryoshka":34,"HornCleat":41,"HolyWater":51,"MealTicket":65,"Membership Card":59,"PureWater":0,"TungstenRod":75}],"TungstenRod":2},"card_choices":[{"not_picked":["Omniscience","DeusExMachina"],"picked":"Blasphemy","floor":0.0},{"not_picked":["Swivel","SashWhip"],"picked":"Consecrate","floor":1.0},{"not_picked":["SashWhip","Consecrate"],"picked":"Adaptation","floor":2.0},{"not_picked":["Evaluate","ClearTheMind"],"picked":"FollowUp","floor":3.0},{"not_picked":["WaveOfTheHand","FollowUp"],"picked":"Wireheading","floor":4.0},{"not_picked":["CrushJoints","Evaluate"],"picked":"FlyingSleeves","floor":7.0},{"not_picked":["EmptyMind","MentalFortress"],"picked":"Indignation","floor":8.0},{"not_picked":["ClearTheMind","ReachHeaven"],"picked":"Ragnarok","floor":10.0},{"not_picked":["Halt","Weave","EmptyBody"],"picked":"SKIP","floor":13.0},{"not_picked":["Brilliance","Wish"],"picked":"Establishment","floor":16.0},{"not_picked":["SignatureMove","Wireheading+1","Prostrate"],"picked":"SKIP","floor":18.0},{"not_picked":["Evaluate","Prostrate"],"picked":"FlurryOfBlows+1","floor":20.0},{"not_picked":["CrushJoints","Swivel"],"picked":"FlyingSleeves","floor":21.0},{"not_picked":["LikeWater","Vengeance"],"picked":"WheelKick+1","floor":22.0},{"not_picked":["Halt","Prostrate+1"],"picked":"ForeignInfluence+1","floor":28.0},{"not_picked":["FollowUp","Perseverance+1"],"picked":"WindmillStrike","floor":31.0},{"not_picked":["Blasphemy","LessonLearned"],"picked":"Wish","floor":33.0},{"not_picked":["InnerPeace+1","SignatureMove","ClearTheMind"],"picked":"SKIP","floor":35},{"not_picked":["Vengeance","CrushJoints+1"],"picked":"Protect+1","floor":36},{"not_picked":["BowlingBash+1","ThirdEye+1"],"picked":"Protect+1","floor":37},{"not_picked":["FlurryOfBlows","Sanctity"],"picked":"CarveReality+1","floor":40},{"not_picked":["CrushJoints","DeceiveReality","Indignation+1"],"picked":"SKIP","floor":42},{"not_picked":["FlyingSleeves","Prostrate"],"picked":"FollowUp+1","floor":46},{"not_picked":["Meditate","FlurryOfBlows+1"],"picked":"Crescendo+1","floor":47}],"player_experience":881863,"relics_obtained":[{"floor":7.0,"key":"Pear"},{"floor":26.0,"key":"The Courier"},{"floor":26.0,"key":"MawBank"},{"floor":31.0,"key":"Eternal Feather"},{"floor":40,"key":"Bag of Preparation"},{"floor":42,"key":"TeardropLocket"},{"floor":43,"key":"Orichalcum"},{"floor":43,"key":"MealTicket"},{"floor":48,"key":"TungstenRod"}],"event_choices":[{"cards_removed":["Defend_P"],"damage_healed":0.0,"max_hp_gain":0.0,"max_hp_loss":0.0,"gold_gain":0.0,"event_name":"Golden Wing","player_choice":"Card Removal","floor":5.0,"gold_loss":0.0,"damage_taken":7.0},{"damage_healed":0.0,"max_hp_gain":0.0,"max_hp_loss":0.0,"gold_gain":0.0,"event_name":"The Woman in Blue","player_choice":"Bought 0 Potions","floor":12.0,"gold_loss":0.0,"damage_taken":0.0},{"cards_removed":["Decay"],"damage_healed":0.0,"max_hp_gain":0.0,"max_hp_loss":0.0,"gold_gain":0.0,"event_name":"The Cleric","player_choice":"Card Removal","floor":14.0,"gold_loss":50.0,"damage_taken":0.0},{"damage_healed":0.0,"max_hp_gain":0.0,"max_hp_loss":0.0,"gold_gain":0.0,"event_name":"The Mausoleum","player_choice":"Opened","floor":19.0,"gold_loss":0.0,"damage_taken":0.0,"relics_obtained":["Matryoshka"]},{"damage_healed":0.0,"max_hp_gain":0.0,"max_hp_loss":0.0,"gold_gain":0.0,"event_name":"Ghosts","player_choice":"Ignored","floor":29.0,"gold_loss":0.0,"damage_taken":0.0},{"cards_removed":["Strike_P"],"damage_healed":0.0,"max_hp_gain":0.0,"max_hp_loss":0.0,"gold_gain":0.0,"event_name":"Back to Basics","player_choice":"Elegance","floor":30.0,"gold_loss":0.0,"damage_taken":0.0},{"damage_healed":0,"gold_gain":0,"player_choice":"Cursed","damage_taken":0,"max_hp_gain":0,"max_hp_loss":0,"event_name":"Wheel of Change","floor":38,"gold_loss":0,"cards_obtained":["Decay"]},{"damage_healed":0,"gold_gain":0,"player_choice":"Fight","damage_taken":0,"max_hp_gain":0,"max_hp_loss":0,"event_name":"MindBloom","floor":48,"gold_loss":0}],"is_beta":false,"boss_relics":[{"not_picked":["Runic Pyramid","SlaversCollar"],"picked":"Astrolabe"},{"not_picked":["Tiny House","Coffee Dripper"],"picked":"HolyWater"}],"items_purged_floors":[39,45],"is_endless":false,"potions_floor_spawned":[1,2,10,13,16,21,22,28,35,37,42,47],"ascension_level":3}}