{"host":"2yqfi47fogfu1ic4","time":1612574392,"event":{"mods":["AchievementEnabler","BaseMod","Colored Map","Colored Powertips","Highlight Path","Minty Spire (QoL Compilation)","Permanent Neow","Relic Stats","StSLib"],"gold_per_floor":[114,128,128,138,151,151,162,1,47,77,89,121,171,7,7,86,86,105,125,125,125,141,169,169,197,197,467,173,193,247,265,265,343,343,361,375,46,61,133,161,181,212,212,238,30,44,59,86,86,86,86,86,86,15,41,41],"floor_reached":57,"language":"DEU","playtime":8605,"items_purged":["Riddle With Holes"],"score":3157,"play_id":"7012088d-205e-4111-8f39-2e9f2b65e328","local_time":"20210206021952","is_ascension_mode":true,"campfire_choices":[{"data":"Dagger Spray","floor":6,"key":"SMITH"},{"data":"Acrobatics","floor":15,"key":"SMITH"},{"data":"Catalyst","floor":32,"key":"SMITH"},{"floor":49,"key":"RECALL"},{"data":"After Image","floor":53,"key":"SMITH"}],"circlet_count":0,"master_deck":["AscendersBane","Survivor","Neutralize","Calculated Gamble","Blur","Dagger Spray+1","Acrobatics+1","Backstab","After Image+1","Distraction","Phantasmal Killer","Catalyst+1","Underhanded Strike","Skewer","Dagger Spray","Distraction","Dodge and Roll","PiercingWail","Footwork","Deadly Poison","Ghostly","Ghostly","Ghostly","Crippling Poison","Leg Sweep","Deadly Poison","Dodge and Roll","Adrenaline","Acrobatics","Bouncing Flask","Footwork","Ghostly+1","Terror+1","Setup+1","Deadly Poison+1","Noxious Fumes","Escape Plan+1"],"relics":["Busted Crown","Pantograph","Membership Card","Lantern","Smiling Mask","Toolbox","PreservedInsect","Pandora\u0027s Box","Anchor","Lizard Tail","Ornamental Fan","FossilizedHelix","Black Star","Bag of Preparation","ClockworkSouvenir","Kunai","Pear","Matryoshka","Gambling Chip","Blood Vial","Darkstone Periapt","Toxic Egg 2","Gremlin Horn","Sundial","Singing Bowl","DollysMirror","Snake Skull","Tough Bandages","InkBottle","StrikeDummy","Mercury Hourglass"],"acts_visited":["TheCity","TheBeyond","TheEnding"],"potions_floor_usage":[12,16,16,16,16,23,33,33,41,42,56],"damage_taken":[{"damage":0,"enemies":"2 Louse","floor":1,"turns":4},{"damage":0,"enemies":"Small Slimes","floor":2,"turns":5},{"damage":0,"enemies":"Jaw Worm","floor":4,"turns":4},{"damage":0,"enemies":"Looter","floor":5,"turns":5},{"damage":1,"enemies":"3 Louse","floor":7,"turns":2},{"damage":7,"enemies":"2 Fungi Beasts","floor":11,"turns":4},{"damage":5,"enemies":"3 Sentries","floor":12,"turns":6},{"damage":18,"enemies":"Hexaghost","floor":16,"turns":10},{"damage":0,"enemies":"Chosen","floor":18,"turns":2},{"damage":0,"enemies":"Spheric Guardian","floor":19,"turns":1},{"damage":2,"enemies":"Centurion and Healer","floor":22,"turns":4},{"damage":9,"enemies":"Slavers","floor":23,"turns":8},{"damage":0,"enemies":"Gremlin Leader","floor":25,"turns":4},{"damage":0,"enemies":"3 Cultists","floor":29,"turns":3},{"damage":0,"enemies":"Shelled Parasite and Fungi","floor":30,"turns":7},{"damage":0,"enemies":"Centurion and Healer","floor":31,"turns":6},{"damage":17,"enemies":"Champ","floor":33,"turns":19},{"damage":0,"enemies":"3 Shapes","floor":35,"turns":5},{"damage":0,"enemies":"3 Darklings","floor":36,"turns":5},{"damage":0,"enemies":"4 Shapes","floor":38,"turns":8},{"damage":9,"enemies":"Reptomancer","floor":40,"turns":6},{"damage":0,"enemies":"Jaw Worm Horde","floor":41,"turns":6},{"damage":0,"enemies":"Giant Head","floor":42,"turns":7},{"damage":0,"enemies":"Nemesis","floor":44,"turns":9},{"damage":0,"enemies":"Writhing Mass","floor":46,"turns":5},{"damage":0,"enemies":"Sphere and 2 Shapes","floor":47,"turns":4},{"damage":2,"enemies":"Reptomancer","floor":48,"turns":3},{"damage":0,"enemies":"Time Eater","floor":50,"turns":9},{"damage":18,"enemies":"Donu and Deca","floor":51,"turns":17},{"damage":3,"enemies":"Shield and Spear","floor":55,"turns":5},{"damage":34,"enemies":"The Heart","floor":56,"turns":9}],"seed_played":"3751435886818553442","potions_obtained":[{"floor":4,"key":"AttackPotion"},{"floor":7,"key":"BlessingOfTheForge"},{"floor":12,"key":"EntropicBrew"},{"floor":18,"key":"GhostInAJar"},{"floor":19,"key":"PowerPotion"},{"floor":25,"key":"Dexterity Potion"},{"floor":33,"key":"FairyPotion"},{"floor":40,"key":"Dexterity Potion"},{"floor":41,"key":"Strength Potion"},{"floor":42,"key":"EssenceOfSteel"},{"floor":44,"key":"Strength Potion"},{"floor":48,"key":"PowerPotion"},{"floor":55,"key":"SpeedPotion"}],"is_trial":false,"path_per_floor":["M","M","?","M","M","R","M","$","T","?","M","E","?","$","R","B",null,"M","M","?","?","M","E","?","E","T","?","$","M","M","M","R","B",null,"M","M","$","M","T","E","M","E","T","E","$","M","M","E","R","B","B",null,"R","$","E","B",null],"character_chosen":"THE_SILENT","items_purchased":["Membership Card","Toolbox","PreservedInsect","FossilizedHelix","Leg Sweep","Deadly Poison","Bag of Preparation","ClockworkSouvenir","Kunai","Acrobatics","DollysMirror","Snake Skull","Terror+1","Deadly Poison+1","Noxious Fumes"],"campfire_rested":0,"item_purchase_floors":[8,14,14,28,28,28,37,37,37,37,45,45,45,54,54],"current_hp_per_floor":[59,59,48,48,48,48,47,47,47,47,40,35,35,35,35,42,60,60,60,60,60,58,49,33,33,33,6,6,6,6,6,6,14,28,28,28,28,28,38,29,29,29,29,31,31,35,39,39,39,47,29,43,43,43,42,13],"gold":41,"neow_bonus":"BOSS_RELIC","is_daily":false,"chose_seed":false,"campfire_upgraded":4,"win_rate":0.0,"timestamp":1612574392,"path_taken":["M","M","?","M","M","R","M","$","T","?","M","E","?","$","R","BOSS","M","M","?","?","M","E","?","E","T","?","$","M","M","M","R","BOSS","M","?","$","?","?","E","M","E","T","E","$","M","M","E","R","BOSS","BOSS","R","$","E","BOSS"],"items_purchased_type":["Relic","Relic","Relic","Relic","Card","Card","Relic","Relic","Relic","Card","Relic","Relic","Card","Card","Card"],"build_version":"2020-12-22","purchased_purges":1,"victory":true,"max_hp_per_floor":[66,66,66,66,66,66,66,66,66,66,66,66,66,66,66,66,66,66,66,66,66,66,66,33,33,33,33,33,33,33,33,33,33,33,33,33,33,33,43,43,43,43,43,43,43,45,47,47,47,47,47,47,47,47,47,47],"relic_stats":{"Darkstone Periapt":0,"Gremlin Horn":[8,8],"Singing Bowl":4,"counters":[31,192],"PreservedInsect":481,"Snake Skull":[74],"Bag of Preparation":[24],"Smiling Mask":-12,"Mercury Hourglass":[27],"Blood Vial":14,"Lizard Tail":0,"Tough Bandages":[174],"Busted Crown":56,"Ornamental Fan":[76],"Sundial":[6],"Pantograph":59,"Gambling Chip":[38],"Pandora\u0027s Box":["Distraction","Phantasmal Killer","Catalyst","Underhanded Strike","Riddle With Holes","Skewer","Dagger Spray","Distraction","Dodge and Roll","PiercingWail"],"Black Star":5,"Kunai":[13],"obtain_stats":[{"Darkstone Periapt":42,"Lantern":10,"Gremlin Horn":43,"Singing Bowl":44,"Snake Skull":45,"Bag of Preparation":37,"Smiling Mask":12,"ClockworkSouvenir":37,"Blood Vial":42,"Lizard Tail":25,"Tough Bandages":48,"Matryoshka":40,"Sundial":44,"DollysMirror":45,"Pantograph":3,"Gambling Chip":40,"Toolbox":14,"Kunai":37,"Toxic Egg 2":43,"InkBottle":48,"Ring of the Snake":0,"Pear":39,"PreservedInsect":14,"Mercury Hourglass":55,"Anchor":23,"Busted Crown":0,"Ornamental Fan":26,"Pandora\u0027s Box":17,"Black Star":34,"Membership Card":8,"StrikeDummy":55,"FossilizedHelix":28},{"Darkstone Periapt":23,"Lantern":5,"Gremlin Horn":23,"Singing Bowl":24,"Snake Skull":24,"Bag of Preparation":19,"Smiling Mask":7,"ClockworkSouvenir":19,"Blood Vial":23,"Lizard Tail":13,"Tough Bandages":27,"Matryoshka":21,"Sundial":24,"DollysMirror":24,"Pantograph":2,"Gambling Chip":21,"Toolbox":7,"Kunai":19,"Toxic Egg 2":23,"InkBottle":27,"Ring of the Snake":0,"Pear":20,"PreservedInsect":7,"Mercury Hourglass":30,"Anchor":12,"Busted Crown":0,"Ornamental Fan":13,"Pandora\u0027s Box":8,"Black Star":17,"Membership Card":5,"StrikeDummy":30,"FossilizedHelix":13},{"Darkstone Periapt":131,"Lantern":20,"Gremlin Horn":131,"Singing Bowl":140,"Snake Skull":140,"Bag of Preparation":104,"Smiling Mask":30,"ClockworkSouvenir":104,"Blood Vial":131,"Lizard Tail":59,"Tough Bandages":152,"Matryoshka":118,"Sundial":140,"DollysMirror":140,"Pantograph":9,"Gambling Chip":118,"Toolbox":30,"Kunai":104,"Toxic Egg 2":131,"InkBottle":152,"Ring of the Snake":0,"Pear":112,"PreservedInsect":30,"Mercury Hourglass":183,"Anchor":55,"Busted Crown":0,"Ornamental Fan":59,"Pandora\u0027s Box":40,"Black Star":94,"Membership Card":20,"StrikeDummy":183,"FossilizedHelix":59}],"InkBottle":[19]},"card_choices":[{"not_picked":["Bane"],"picked":"SKIP","floor":1},{"not_picked":[],"picked":"Calculated Gamble","floor":2},{"not_picked":[],"picked":"Blur","floor":4},{"not_picked":[],"picked":"Dagger Spray","floor":5},{"not_picked":["Concentrate"],"picked":"SKIP","floor":7},{"not_picked":[],"picked":"Acrobatics","floor":11},{"not_picked":[],"picked":"Backstab","floor":12},{"not_picked":[],"picked":"After Image","floor":16},{"not_picked":["Sucker Punch"],"picked":"SKIP","floor":18},{"not_picked":["Blade Dance"],"picked":"SKIP","floor":19},{"not_picked":["Blade Dance"],"picked":"SKIP","floor":19},{"not_picked":["Dagger Spray"],"picked":"SKIP","floor":22},{"not_picked":[],"picked":"Deadly Poison","floor":23},{"not_picked":[],"picked":"Crippling Poison","floor":25},{"not_picked":["Escape Plan"],"picked":"SKIP","floor":29},{"not_picked":["Underhanded Strike"],"picked":"SKIP","floor":30},{"not_picked":[],"picked":"Dodge and Roll","floor":31},{"not_picked":[],"picked":"Adrenaline","floor":33},{"not_picked":["Flechettes"],"picked":"SKIP","floor":35},{"not_picked":["Slice"],"picked":"SKIP","floor":36},{"not_picked":["Cloak And Dagger"],"picked":"SKIP","floor":38},{"not_picked":["Cloak And Dagger"],"picked":"SKIP","floor":38},{"not_picked":["Concentrate"],"picked":"SKIP","floor":40},{"not_picked":["Underhanded Strike"],"picked":"SKIP","floor":41},{"not_picked":[],"picked":"Bouncing Flask","floor":42},{"not_picked":[],"picked":"Footwork","floor":44},{"not_picked":["Quick Slash"],"picked":"Singing Bowl","floor":46},{"not_picked":["Poisoned Stab"],"picked":"Singing Bowl","floor":47},{"not_picked":[],"picked":"Setup+1","floor":48},{"not_picked":[],"picked":"Escape Plan+1","floor":55}],"player_experience":1666872,"relics_obtained":[{"floor":12,"key":"Smiling Mask"},{"floor":23,"key":"Anchor"},{"floor":25,"key":"Lizard Tail"},{"floor":26,"key":"Ornamental Fan"},{"floor":39,"key":"Pear"},{"floor":40,"key":"Matryoshka"},{"floor":40,"key":"Gambling Chip"},{"floor":42,"key":"Blood Vial"},{"floor":42,"key":"Darkstone Periapt"},{"floor":43,"key":"Toxic Egg 2"},{"floor":43,"key":"Gremlin Horn"},{"floor":44,"key":"Sundial"},{"floor":44,"key":"Singing Bowl"},{"floor":48,"key":"Tough Bandages"},{"floor":48,"key":"InkBottle"},{"floor":55,"key":"StrikeDummy"},{"floor":55,"key":"Mercury Hourglass"}],"event_choices":[{"damage_healed":0,"gold_gain":0,"player_choice":"Success","damage_taken":11,"relics_obtained":["Pantograph"],"max_hp_gain":0,"max_hp_loss":0,"event_name":"Scrap Ooze","floor":3,"gold_loss":0},{"damage_healed":0,"gold_gain":30,"player_choice":"Searched \u00272\u0027 times","damage_taken":0,"relics_obtained":["Lantern"],"max_hp_gain":0,"max_hp_loss":0,"event_name":"Dead Adventurer","floor":10,"gold_loss":0},{"damage_healed":0,"gold_gain":50,"player_choice":"Gained Gold","damage_taken":0,"max_hp_gain":0,"max_hp_loss":0,"event_name":"Golden Wing","floor":13,"gold_loss":0},{"damage_healed":0,"gold_gain":0,"player_choice":"Read","damage_taken":0,"max_hp_gain":0,"max_hp_loss":0,"event_name":"The Library","floor":20,"gold_loss":0,"cards_obtained":["Footwork"]},{"damage_healed":0,"gold_gain":0,"player_choice":"Ignored","damage_taken":0,"max_hp_gain":0,"max_hp_loss":0,"event_name":"Vampires","floor":21,"gold_loss":0},{"damage_healed":0,"gold_gain":0,"player_choice":"Became a Ghost","damage_taken":0,"max_hp_gain":0,"max_hp_loss":33,"event_name":"Ghosts","floor":24,"gold_loss":0,"cards_obtained":["Ghostly","Ghostly","Ghostly"]},{"damage_healed":0,"gold_gain":270,"player_choice":"GOLD GOLD GOLD ","damage_taken":27,"max_hp_gain":0,"max_hp_loss":0,"event_name":"Knowing Skull","floor":27,"potions_obtained":[],"gold_loss":0,"cards_obtained":[]}],"is_beta":false,"boss_relics":[{"not_picked":["Coffee Dripper","Snecko Eye"],"picked":"Pandora\u0027s Box"},{"not_picked":["Sozu","Tiny House"],"picked":"Black Star"}],"items_purged_floors":[28],"is_endless":false,"potions_floor_spawned":[4,7,12,18,19,25,30,33,40,41,42,44,48,55],"ascension_level":20}}