{"host":"vyjryxuuuxkt43k4","time":1612609966,"event":{"mods":["AchievementEnabler","BaseMod","Colored Map","DeckTracker","Highlight Path","Keyboard Shortcuts","Minty Spire (QoL Compilation)","Permanent Neow","Quick Restart","Relic Stats","StSLib","SuperFastMode","everything is the same but u backflip on backflip"],"gold_per_floor":[115,115,131,144,168,168,207,282,282,282,321,33,72,87,87,185,185,206,131,155,2,2,2,27,27,51,92,135,148,148,173,173,267,267,287,287,287,310,8,8,41,41,92,141,150,177,177,11,11,11],"floor_reached":51,"language":"KOR","playtime":3431,"items_purged":["Defend_B","Strike_B","Strike_B"],"score":1384,"play_id":"60155a8c-0b85-4683-945e-c19f32e9eda5","local_time":"20210206201246","is_ascension_mode":true,"campfire_choices":[{"data":"Hyperbeam","floor":6.0,"key":"SMITH"},{"floor":15.0,"key":"REST"},{"data":"Apotheosis","floor":23.0,"key":"SMITH"},{"data":"Reboot","floor":25.0,"key":"SMITH"},{"floor":30.0,"key":"REST"},{"data":"Recycle","floor":32.0,"key":"SMITH"},{"floor":40.0,"key":"REST"},{"floor":42.0,"key":"RECALL"},{"floor":45,"key":"REST"},{"data":"Creative AI","floor":49,"key":"SMITH"}],"circlet_count":0,"master_deck":["AscendersBane","Defend_B","Defend_B","Defend_B","Zap","Dualcast+1","Chaos","Go for the Eyes","Hyperbeam+1","Genetic Algorithm","Rebound","Rainbow","Recycle+1","Apotheosis+1","Multi-Cast","Coolheaded","Reboot+1","Turbo+1","Redo","Compile Driver","Coolheaded+1","Hologram+1","Machine Learning","Self Repair","Panacea","Finesse","Finesse","Madness","Madness","Capacitor","Purity","Darkness+1","Double Energy+1","Creative AI+1","Barrage"],"relics":["Cracked Core","Golden Idol","WingedGreaves","Gambling Chip","Matryoshka","FossilizedHelix","SlaversCollar","HornCleat","Tiny Chest","Cables","Red Mask","Nuclear Battery","Blood Vial","Dream Catcher","Pen Nib","CeramicFish","Bottled Tornado","Lee\u0027s Waffle"],"acts_visited":["Exordium","TheCity","TheBeyond"],"potions_floor_usage":[],"damage_taken":[{"damage":16.0,"enemies":"Small Slimes","floor":1.0,"turns":4.0},{"damage":0.0,"enemies":"Jaw Worm","floor":3.0,"turns":4.0},{"damage":4.0,"enemies":"2 Louse","floor":4.0,"turns":3.0},{"damage":1.0,"enemies":"Large Slime","floor":5.0,"turns":5.0},{"damage":0.0,"enemies":"3 Sentries","floor":7.0,"turns":2.0},{"damage":9.0,"enemies":"Gremlin Nob","floor":11.0,"turns":3.0},{"damage":10.0,"enemies":"Lagavulin","floor":13.0,"turns":4.0},{"damage":0.0,"enemies":"Lots of Slimes","floor":14.0,"turns":1.0},{"damage":30.0,"enemies":"Hexaghost","floor":16.0,"turns":10.0},{"damage":17.0,"enemies":"2 Thieves","floor":18.0,"turns":4.0},{"damage":0.0,"enemies":"Chosen","floor":20.0,"turns":5.0},{"damage":0.0,"enemies":"Snake Plant","floor":24.0,"turns":4.0},{"damage":0.0,"enemies":"Gremlin Leader","floor":27.0,"turns":6.0},{"damage":0.0,"enemies":"Masked Bandits","floor":28.0,"turns":2.0},{"damage":1.0,"enemies":"Centurion and Healer","floor":29.0,"turns":5.0},{"damage":0.0,"enemies":"Shelled Parasite and Fungi","floor":31.0,"turns":5.0},{"damage":24.0,"enemies":"Automaton","floor":33.0,"turns":11.0},{"damage":0.0,"enemies":"3 Shapes","floor":35.0,"turns":3.0},{"damage":5.0,"enemies":"3 Darklings","floor":38.0,"turns":7.0},{"damage":5.0,"enemies":"Nemesis","floor":41.0,"turns":5.0},{"damage":54,"enemies":"Reptomancer","floor":44,"turns":7},{"damage":6,"enemies":"Transient","floor":46,"turns":5},{"damage":44,"enemies":"Donu and Deca","floor":50,"turns":9}],"seed_played":"8051075878798880884","potions_obtained":[{"floor":1.0,"key":"GamblersBrew"},{"floor":7.0,"key":"EssenceOfSteel"},{"floor":14.0,"key":"PotionOfCapacity"},{"floor":16.0,"key":"GamblersBrew"},{"floor":18.0,"key":"SneckoOil"},{"floor":28.0,"key":"Fire Potion"},{"floor":33.0,"key":"DuplicationPotion"},{"floor":38.0,"key":"SkillPotion"}],"is_trial":false,"path_per_floor":["M","?","M","M","M","R","E","?","T","?","E","$","E","M","R","B",null,"M","?","M","$","?","R","M","R","T","E","?","M","R","M","R","B",null,"M","?","?","M","$","R","E","R","T","E","R","M","T","$","R","B",null],"character_chosen":"DEFECT","items_purchased":["Apotheosis","Compile Driver","Capacitor","Purity","Lee\u0027s Waffle"],"campfire_rested":4,"item_purchase_floors":[12,21,39,39,48],"current_hp_per_floor":[48,48,48,44,43,43,43,32,32,32,23,23,13,13,32,2,49,32,32,32,32,32,32,32,32,32,32,32,31,50,50,50,26,55,55,45,33,38,38,57,62,62,62,17,36,42,42,71,71,27],"gold":11,"neow_bonus":"TRANSFORM_CARD","is_daily":false,"chose_seed":false,"campfire_upgraded":5,"win_rate":0.0,"timestamp":1612609966,"path_taken":["M","?","M","M","M","R","E","?","T","?","E","$","E","M","R","BOSS","M","?","M","$","?","R","M","R","T","E","?","M","R","M","R","BOSS","M","?","?","M","$","R","E","R","T","E","R","M","?","?","R","BOSS"],"items_purchased_type":["Card","Card","Card","Card","Relic"],"build_version":"2020-12-22","purchased_purges":3,"victory":true,"max_hp_per_floor":[71,64,64,64,64,64,64,64,64,64,64,64,64,64,64,64,64,64,64,64,64,64,64,64,64,64,64,64,64,64,64,64,64,64,64,64,64,64,64,64,64,64,64,64,64,64,64,71,71,71],"relic_stats":{"Blood Vial":4,"Dream Catcher":1,"Lee\u0027s Waffle":29,"counters":[23,114],"Golden Idol":162,"Gambling Chip":[60],"CeramicFish":27,"Tiny Chest":1,"Pen Nib":[3],"obtain_stats":[{"Lee\u0027s Waffle":48,"Golden Idol":2,"CeramicFish":44,"Pen Nib":43,"Bottled Tornado":47,"Cables":27,"Nuclear Battery":34,"Blood Vial":41,"SlaversCollar":17,"Dream Catcher":43,"Matryoshka":11,"HornCleat":26,"Gambling Chip":9,"Tiny Chest":26,"WingedGreaves":7,"Red Mask":28,"Cracked Core":0,"FossilizedHelix":13},{"Lee\u0027s Waffle":22,"Golden Idol":1,"CeramicFish":21,"Pen Nib":20,"Bottled Tornado":22,"Cables":13,"Nuclear Battery":17,"Blood Vial":20,"SlaversCollar":9,"Dream Catcher":20,"Matryoshka":6,"HornCleat":12,"Gambling Chip":5,"Tiny Chest":12,"WingedGreaves":5,"Red Mask":14,"Cracked Core":0,"FossilizedHelix":7},{"Lee\u0027s Waffle":105,"Golden Idol":4,"CeramicFish":100,"Pen Nib":93,"Bottled Tornado":105,"Cables":55,"Nuclear Battery":78,"Blood Vial":93,"SlaversCollar":36,"Dream Catcher":93,"Matryoshka":21,"HornCleat":49,"Gambling Chip":18,"Tiny Chest":49,"WingedGreaves":18,"Red Mask":57,"Cracked Core":0,"FossilizedHelix":25}],"Cables":[52,20,16,13,3]},"card_choices":[{"not_picked":["Redo","Beam Cell"],"picked":"Go for the Eyes","floor":1.0},{"not_picked":["Stack","Cold Snap"],"picked":"Hyperbeam","floor":3.0},{"not_picked":["Stack","Scrape"],"picked":"Genetic Algorithm","floor":4.0},{"not_picked":["Go for the Eyes","Aggregate"],"picked":"Rebound","floor":5.0},{"not_picked":["Heatsinks","Sunder"],"picked":"Rainbow","floor":7.0},{"not_picked":["Force Field","Creative AI"],"picked":"Recycle","floor":11.0},{"not_picked":["Sweeping Beam","Steam Power"],"picked":"Multi-Cast","floor":13.0},{"not_picked":["Hologram","Rebound"],"picked":"Coolheaded","floor":14.0},{"not_picked":["Creative AI","Fission"],"picked":"Reboot","floor":16.0},{"not_picked":["Sweeping Beam","Redo"],"picked":"Turbo+1","floor":18.0},{"not_picked":["Coolheaded","Genetic Algorithm+1"],"picked":"Redo","floor":20.0},{"not_picked":["Storm","Cold Snap","Leap"],"picked":"SKIP","floor":24.0},{"not_picked":["Hyperbeam","Beam Cell"],"picked":"Coolheaded+1","floor":27.0},{"not_picked":["Redo","Chill"],"picked":"Hologram+1","floor":28.0},{"not_picked":["Auto Shields","Hologram","Turbo"],"picked":"SKIP","floor":29.0},{"not_picked":["White Noise","Compile Driver","Steam"],"picked":"SKIP","floor":31.0},{"not_picked":["Hyperbeam","Electrodynamics"],"picked":"Machine Learning","floor":33.0},{"not_picked":["Stack","Darkness"],"picked":"Self Repair","floor":35.0},{"not_picked":["Forethought","Swift Strike"],"picked":"Panacea","floor":36.0},{"not_picked":["Secret Weapon","PanicButton"],"picked":"Finesse","floor":36.0},{"not_picked":["Sadistic Nature","Blind"],"picked":"Finesse","floor":36.0},{"not_picked":["Beam Cell","Gash+1","Go for the Eyes+1"],"picked":"SKIP","floor":38.0},{"not_picked":["Turbo","Steam+1"],"picked":"Darkness+1","floor":41.0},{"not_picked":["Lockon","Coolheaded"],"picked":"Double Energy+1","floor":44},{"not_picked":["Gash","Streamline"],"picked":"Creative AI","floor":45},{"not_picked":["Streamline","Rebound"],"picked":"Barrage","floor":46}],"player_experience":794189,"relics_obtained":[{"floor":7.0,"key":"WingedGreaves"},{"floor":9.0,"key":"Gambling Chip"},{"floor":11.0,"key":"Matryoshka"},{"floor":13.0,"key":"FossilizedHelix"},{"floor":26.0,"key":"HornCleat"},{"floor":26.0,"key":"Tiny Chest"},{"floor":27.0,"key":"Cables"},{"floor":28.0,"key":"Red Mask"},{"floor":41.0,"key":"Blood Vial"},{"floor":43.0,"key":"Dream Catcher"},{"floor":43.0,"key":"Pen Nib"},{"floor":44,"key":"CeramicFish"},{"floor":47,"key":"Bottled Tornado"}],"event_choices":[{"damage_healed":0.0,"max_hp_gain":0.0,"max_hp_loss":7.0,"gold_gain":0.0,"event_name":"Golden Idol","player_choice":"Lose Max HP","floor":2.0,"gold_loss":0.0,"damage_taken":0.0,"relics_obtained":["Golden Idol"]},{"damage_healed":0.0,"max_hp_gain":0.0,"max_hp_loss":0.0,"gold_gain":75.0,"event_name":"World of Goop","player_choice":"Gather Gold","floor":8.0,"gold_loss":0.0,"damage_taken":11.0},{"damage_healed":0.0,"max_hp_gain":0.0,"max_hp_loss":0.0,"gold_gain":0.0,"event_name":"Living Wall","player_choice":"Grow","floor":10.0,"gold_loss":0.0,"damage_taken":0.0,"cards_upgraded":["Dualcast"]},{"cards_removed":["Strike_B"],"damage_healed":0.0,"max_hp_gain":0.0,"max_hp_loss":0.0,"gold_gain":0.0,"event_name":"Beggar","player_choice":"Gave Gold","floor":19.0,"gold_loss":75.0,"damage_taken":0.0},{"damage_healed":0.0,"max_hp_gain":0.0,"max_hp_loss":0.0,"gold_gain":0.0,"event_name":"Masked Bandits","player_choice":"Fought Bandits","floor":28.0,"gold_loss":0.0,"damage_taken":0.0},{"damage_healed":0.0,"max_hp_gain":0.0,"max_hp_loss":0.0,"gold_gain":0.0,"event_name":"SensoryStone","player_choice":"Memory 3","floor":36.0,"gold_loss":0.0,"damage_taken":10.0},{"damage_healed":0.0,"max_hp_gain":0.0,"max_hp_loss":0.0,"gold_gain":0.0,"event_name":"Winding Halls","player_choice":"Embrace Madness","floor":37.0,"gold_loss":0.0,"damage_taken":12.0,"cards_obtained":["Madness","Madness"]}],"is_beta":false,"boss_relics":[{"not_picked":["Coffee Dripper","Tiny House"],"picked":"SlaversCollar"},{"not_picked":["FrozenCore","Black Star"],"picked":"Nuclear Battery"}],"items_purged_floors":[12,21,39],"is_endless":false,"potions_floor_spawned":[1,7,14,16,18,28,33,38],"ascension_level":16}}