{"host":"v0mw6c8s9jqyt2m0","time":1612611073,"event":{"mods":["Astrologer","BaseMod","Hermit","Marisa????????","Minty Spire (QoL Compilation)","StSLib","The Bug Knight","The Construct","The Cursed","The Disciple","The Gatherer","The Hierophant","The Mystic","The Necromancer","The Runesmith","The Servant 0.9.4","TheBandit"],"gold_per_floor":[110,110,134,149,173,214,238,238,286,286,286],"floor_reached":10,"language":"ENG","playtime":893,"items_purged":[],"score":95,"play_id":"61e03a59-b1a5-44c0-af5c-1d9419755788","local_time":"20210206123113","is_ascension_mode":false,"campfire_choices":[{"data":"construct:Zapper","floor":8,"key":"SMITH"}],"circlet_count":0,"master_deck":["construct:Strike_Gold","construct:Strike_Gold","construct:Strike_Gold","construct:Strike_Gold","construct:Strike_Gold","construct:Defend_Gold","construct:Defend_Gold","construct:Defend_Gold","construct:Defend_Gold","construct:Defend_Gold","construct:AttackMode","construct:DefenseMode","construct:FlakBarrage","Injury","construct:Zapper+1","construct:MetalShell","construct:SuppressiveFire"],"relics":["construct:Cogwheel","Golden Idol","Strawberry","Tiny Chest"],"acts_visited":["Exordium"],"potions_floor_usage":[5,6,6],"damage_taken":[{"damage":12,"enemies":"Cultist","floor":1,"turns":5},{"damage":2,"enemies":"Small Slimes","floor":3,"turns":5},{"damage":0,"enemies":"2 Louse","floor":4,"turns":3},{"damage":3,"enemies":"Lots of Slimes","floor":5,"turns":3},{"damage":34,"enemies":"Gremlin Nob","floor":6,"turns":5},{"damage":8,"enemies":"3 Louse","floor":7,"turns":4},{"damage":58,"enemies":"Lagavulin","floor":10,"turns":11}],"seed_played":"4337639012235224211","potions_obtained":[{"floor":1,"key":"Fruit Juice"},{"floor":3,"key":"AttackPotion"},{"floor":4,"key":"Explosive Potion"}],"is_trial":false,"path_per_floor":["M","?","M","M","M","E","M","R","T","E"],"character_chosen":"THE_CONSTRUCT_MOD","items_purchased":[],"campfire_rested":0,"item_purchase_floors":[],"current_hp_per_floor":[81,81,79,79,76,54,46,46,46,0,0],"gold":286,"neow_bonus":"TEN_PERCENT_HP_BONUS","is_daily":false,"chose_seed":false,"campfire_upgraded":1,"win_rate":0.0,"timestamp":1612611073,"path_taken":["M","?","M","M","M","E","M","R","T","E"],"items_purchased_type":[],"build_version":"2020-12-22","purchased_purges":0,"victory":false,"max_hp_per_floor":[93,93,93,93,93,105,105,105,105,105,105],"card_choices":[{"not_picked":["construct:GuardCore","construct:Boost"],"picked":"construct:FlakBarrage","floor":1},{"not_picked":["construct:Boost","construct:FierceBash"],"picked":"construct:Zapper","floor":3},{"not_picked":["construct:SuppressiveFire","construct:SaveState"],"picked":"construct:MetalShell","floor":4},{"not_picked":["construct:SaveState","construct:SweepLaser","construct:ClusterMines"],"picked":"SKIP","floor":5},{"not_picked":["construct:FierceBash","construct:ForceCore"],"picked":"construct:SuppressiveFire","floor":6},{"not_picked":["construct:Boost","construct:FlameCore","construct:Autoturret"],"picked":"SKIP","floor":7}],"player_experience":166439,"relics_obtained":[{"floor":6,"key":"Strawberry"},{"floor":9,"key":"Tiny Chest"}],"event_choices":[{"damage_healed":0,"gold_gain":0,"player_choice":"Take Wound","damage_taken":0,"relics_obtained":["Golden Idol"],"max_hp_gain":0,"max_hp_loss":0,"event_name":"Golden Idol","floor":2,"gold_loss":0,"cards_obtained":["Injury"]}],"is_beta":false,"boss_relics":[],"items_purged_floors":[],"is_endless":false,"potions_floor_spawned":[1,3,4],"killed_by":"Lagavulin","ascension_level":0}}