{"host":"FirstDane","time":1612587559,"event":{"mods":["BaseMod","Bestiary","Highlight Path","Minty Spire (QoL Compilation)","Relic Stats","Slay the Relics Exporter","StSLib"],"gold_per_floor":[112,127,137,152,152,152,191,191,191,234,234,250,268,307,307,307,307],"floor_reached":16,"language":"ENG","playtime":1095,"items_purged":[],"score":244,"play_id":"73b98b46-ed15-42ca-b142-959a06345444","local_time":"20210205225919","is_ascension_mode":true,"campfire_choices":[{"data":"Dagger Spray","floor":6,"key":"SMITH"},{"data":"Footwork","floor":15,"key":"SMITH"}],"circlet_count":0,"master_deck":["AscendersBane","Strike_G","Strike_G","Strike_G","Strike_G","Strike_G","Defend_G","Defend_G","Defend_G","Defend_G","Defend_G","Survivor","Neutralize","Deadly Poison","Bane","Dagger Spray+1","Leg Sweep","Crippling Poison","Footwork+1","Eviscerate"],"relics":["Ring of the Snake","Lizard Tail","Golden Idol","Blue Candle","Bronze Scales","Happy Flower","Ancient Tea Set"],"acts_visited":["Exordium"],"potions_floor_usage":[10,14,16],"damage_taken":[{"damage":9,"enemies":"Jaw Worm","floor":1,"turns":7},{"damage":1,"enemies":"2 Louse","floor":2,"turns":3},{"damage":1,"enemies":"Small Slimes","floor":3,"turns":6},{"damage":8,"enemies":"Exordium Wildlife","floor":4,"turns":6},{"damage":32,"enemies":"3 Sentries","floor":7,"turns":9},{"damage":8,"enemies":"Gremlin Nob","floor":10,"turns":3},{"damage":6,"enemies":"2 Fungi Beasts","floor":12,"turns":3},{"damage":0,"enemies":"Looter","floor":13,"turns":3},{"damage":20,"enemies":"3 Sentries","floor":14,"turns":6},{"damage":34,"enemies":"Slime Boss","floor":16,"turns":7}],"seed_played":"-9140132714887439211","potions_obtained":[{"floor":3,"key":"SpeedPotion"},{"floor":7,"key":"FearPotion"},{"floor":12,"key":"SkillPotion"}],"is_trial":false,"path_per_floor":["M","M","M","M","?","R","E","?","T","E","T","M","M","E","R","B"],"character_chosen":"THE_SILENT","items_purchased":[],"campfire_rested":0,"item_purchase_floors":[],"current_hp_per_floor":[50,49,48,40,40,40,8,26,26,18,18,12,12,27,27,0,0],"gold":307,"neow_bonus":"ONE_RARE_RELIC","is_daily":false,"chose_seed":false,"campfire_upgraded":2,"win_rate":0.0,"timestamp":1612587559,"path_taken":["M","M","M","M","?","R","E","?","T","E","?","M","M","E","R","BOSS"],"items_purchased_type":[],"build_version":"2020-12-18","purchased_purges":0,"victory":false,"max_hp_per_floor":[60,60,60,60,54,54,54,54,54,54,54,54,54,54,54,54,54],"relic_stats":{"Lizard Tail":27,"Happy Flower":[6],"counters":[10,53],"Golden Idol":32,"Blue Candle":[0],"Bronze Scales":[36],"obtain_stats":[{"Lizard Tail":0,"Happy Flower":11,"Golden Idol":5,"Blue Candle":7,"Bronze Scales":10,"Ancient Tea Set":14,"Ring of the Snake":0},{"Lizard Tail":0,"Happy Flower":6,"Golden Idol":4,"Blue Candle":5,"Bronze Scales":6,"Ancient Tea Set":9,"Ring of the Snake":0},{"Lizard Tail":0,"Happy Flower":34,"Golden Idol":22,"Blue Candle":31,"Bronze Scales":34,"Ancient Tea Set":46,"Ring of the Snake":0}],"Ring of the Snake":[20]},"card_choices":[{"not_picked":["Acrobatics","Dagger Throw"],"picked":"Deadly Poison","floor":1},{"not_picked":["Underhanded Strike","Heel Hook"],"picked":"Bane","floor":2},{"not_picked":["Backflip","Blade Dance"],"picked":"Dagger Spray","floor":3},{"not_picked":["Bane","Cloak And Dagger"],"picked":"Leg Sweep","floor":4},{"not_picked":["Flechettes","Dagger Spray","Eviscerate"],"picked":"SKIP","floor":7},{"not_picked":["A Thousand Cuts","Cloak And Dagger"],"picked":"Crippling Poison","floor":10},{"not_picked":["Riddle With Holes","Finisher","Outmaneuver"],"picked":"SKIP","floor":12},{"not_picked":["Eviscerate","Riddle With Holes"],"picked":"Footwork","floor":13},{"not_picked":["Dodge and Roll","Riddle With Holes"],"picked":"Eviscerate","floor":14}],"player_experience":4047413,"relics_obtained":[{"floor":7,"key":"Blue Candle"},{"floor":10,"key":"Bronze Scales"},{"floor":11,"key":"Happy Flower"},{"floor":14,"key":"Ancient Tea Set"}],"event_choices":[{"damage_healed":0,"gold_gain":0,"player_choice":"Lose Max HP","damage_taken":0,"relics_obtained":["Golden Idol"],"max_hp_gain":0,"max_hp_loss":6,"event_name":"Golden Idol","floor":5,"gold_loss":0},{"damage_healed":18,"gold_gain":0,"player_choice":"Banana","damage_taken":0,"max_hp_gain":0,"max_hp_loss":0,"event_name":"Big Fish","floor":8,"gold_loss":0}],"is_beta":true,"boss_relics":[],"items_purged_floors":[],"is_endless":false,"potions_floor_spawned":[3,7,12],"killed_by":"Slime Boss","ascension_level":20}}