{"host":"njo8qgvy2a57fcny","time":1612594922,"event":{"mods":["Aspiration","BaseMod","BetterRewards","CCEM2","Colored Map","Colored Powertips","Conspire","Custom Start","Downfall","Energized Spire","GifTheSpireLib","Halation","Hermit","Hubris","Infinite Spire","Jedi Mod","Jorbs\u0027s Wanderer Trilogy","Mimic Mod","Minty Spire (QoL Compilation)","Quick Restart","Random Character Button","Random Character Mod","Rare Cards Sparkle","Relic Sorter","Reliquary","Replay The Spire","Shop Mod","StSLib","Stuff the Spire","The Animator","The Jungle","The Runesmith","The Servant 0.9.4","Unceasing Turn Reminder","thorton"],"gold_per_floor":[99,118,130,230,330,388,415,440,440,440,440,440],"floor_reached":10,"language":"ENG","playtime":753,"items_purged":[],"score":92,"play_id":"8ea4d0ac-e0a3-4f89-8964-f4cadaaac6ec","local_time":"20210206180202","is_ascension_mode":true,"campfire_choices":[{"data":"bronze:Replicate","floor":1,"key":"SMITH"}],"circlet_count":0,"master_deck":["bronze:Strike","bronze:Defend","bronze:Defend","bronze:Defend","bronze:Defend","bronze:Replicate+1","bronze:Goto","bronze:FineTuning","downfall:Haunted","downfall:Haunted","ReplayTheSpireMod:Faulty Equipment","bronze:Format","ReplayTheSpireMod:IOU","bronze:Verify+1","bronze:Shell+1","bronze:Repulsor+1","bronze:CloningBeam"],"relics":["bronze:BronzeCore","Darkstone Periapt","Replay:Bottled Eggs","Bronze Scales","StuffTheSpire:EmeraldSignet"],"acts_visited":["Exordium"],"potions_floor_usage":[5,8],"damage_taken":[{"damage":1,"enemies":"Cultist","floor":2,"turns":4},{"damage":1,"enemies":"Jaw Worm","floor":3,"turns":4},{"damage":0,"enemies":"downfall:Heads","floor":5,"turns":5},{"damage":45,"enemies":"Gremlin Nob","floor":6,"turns":6},{"damage":40,"enemies":"3 Sentries","floor":8,"turns":7},{"damage":13,"enemies":"Gremlin Nob","floor":10,"turns":3}],"seed_played":"-2466668228378342033","potions_obtained":[{"floor":2,"key":"Explosive Potion"},{"floor":6,"key":"PowerPotion"}],"is_trial":false,"path_per_floor":["R","M","M","?","?","?","T","E","?","E"],"character_chosen":"THE_AUTOMATON","items_purchased":[],"campfire_rested":0,"item_purchase_floors":[],"current_hp_per_floor":[63,62,61,96,96,51,51,11,11,0,0,0],"gold":440,"neow_bonus":"REMOVE_TWO","is_daily":false,"chose_seed":false,"campfire_upgraded":1,"win_rate":0.0,"timestamp":1612594922,"path_taken":["R","M","M","?","?","?","T","E","?","E"],"items_purchased_type":[],"build_version":"2020-12-22","purchased_purges":0,"victory":false,"max_hp_per_floor":[63,63,63,98,98,98,98,98,98,98,98,98],"card_choices":[{"not_picked":["bronze:Branch","bronze:Allocate","bronze:Overload"],"picked":"SKIP","floor":2},{"not_picked":["bronze:NullPointer","bronze:Turbo"],"picked":"bronze:FineTuning","floor":3},{"not_picked":["bronze:Overload","bronze:Turbo"],"picked":"bronze:Verify","floor":5},{"not_picked":["bronze:ChosenStrike","bronze:MaxOutput"],"picked":"bronze:Repulsor","floor":6},{"not_picked":["bronze:DarkDash","bronze:BronzeOrb"],"picked":"bronze:CloningBeam","floor":8}],"player_experience":787114,"relics_obtained":[{"floor":6,"key":"Replay:Bottled Eggs"},{"floor":7,"key":"Bronze Scales"},{"floor":8,"key":"StuffTheSpire:EmeraldSignet"}],"event_choices":[],"is_beta":false,"boss_relics":[],"items_purged_floors":[],"is_endless":false,"potions_floor_spawned":[2,6],"killed_by":"Gremlin Nob","ascension_level":1}}