{"host":"v54ek091sdz7ha6h","time":1612576666,"event":{"mods":["BaseMod","Better Vampires","Colored Map","Colored Powertips","DeckTracker","Highlight Path","KOR Keyword Fix","Minty Spire (QoL Compilation)","Rare Cards Sparkle","Relic Stats","StSLib","SuperFastMode","everything is the same but u backflip on backflip"],"gold_per_floor":[111,111,81,96,112,139,139,64,64,64,96,96,112,112,112,187,187,204,179,0,17,17,17,47,66,66,66,92,92,53,83,83,83,83],"floor_reached":33,"language":"KOR","playtime":994,"items_purged":["Strike_R","Strike_R"],"score":722,"play_id":"5bdcb9a2-7dcb-48f6-9ebc-b58fa0b1b653","local_time":"20210206105746","is_ascension_mode":true,"campfire_choices":[{"data":"Juggernaut","floor":7.0,"key":"SMITH"},{"data":"Iron Wave","floor":10.0,"key":"SMITH"},{"data":"Feel No Pain","floor":15.0,"key":"SMITH"},{"data":"True Grit","floor":23.0,"key":"SMITH"},{"data":"Warcry","floor":27.0,"key":"SMITH"},{"data":"Iron Wave","floor":32.0,"key":"SMITH"}],"circlet_count":0,"master_deck":["AscendersBane","Defend_R","Defend_R","Defend_R","Juggernaut+1","Impervious","Iron Wave+1","Ghostly Armor","Feel No Pain+1","Entrench+1","Warcry+1","Offering","True Grit+1","Shrug It Off+1","Immolate","Entrench","Iron Wave+1"],"relics":["Burning Blood","Bottled Tornado","Question Card","Ancient Tea Set","Runic Pyramid","Centennial Puzzle","Pocketwatch","Oddly Smooth Stone","Nunchaku"],"acts_visited":["Exordium","TheCity"],"potions_floor_usage":[],"damage_taken":[{"damage":11.0,"enemies":"Jaw Worm","floor":1.0,"turns":7.0},{"damage":3.0,"enemies":"2 Louse","floor":4.0,"turns":3.0},{"damage":0.0,"enemies":"Cultist","floor":5.0,"turns":4.0},{"damage":35.0,"enemies":"3 Sentries","floor":6.0,"turns":10.0},{"damage":8.0,"enemies":"Lagavulin","floor":11.0,"turns":6.0},{"damage":20.0,"enemies":"Large Slime","floor":13.0,"turns":6.0},{"damage":14.0,"enemies":"Hexaghost","floor":16.0,"turns":9.0},{"damage":6.0,"enemies":"3 Byrds","floor":18.0,"turns":5.0},{"damage":6.0,"enemies":"2 Thieves","floor":19.0,"turns":4.0},{"damage":10.0,"enemies":"3 Cultists","floor":21.0,"turns":6.0},{"damage":6.0,"enemies":"Book of Stabbing","floor":24.0,"turns":6.0},{"damage":2.0,"enemies":"Centurion and Healer","floor":25.0,"turns":8.0},{"damage":6.0,"enemies":"Gremlin Leader","floor":28.0,"turns":6.0},{"damage":11.0,"enemies":"Slavers","floor":31.0,"turns":6.0},{"damage":50,"enemies":"Collector","floor":33,"turns":13}],"seed_played":"1151666676147825873","potions_obtained":[{"floor":3.0,"key":"SteroidPotion"},{"floor":3.0,"key":"Explosive Potion"},{"floor":13.0,"key":"CultistPotion"},{"floor":16.0,"key":"Block Potion"},{"floor":24.0,"key":"Fruit Juice"},{"floor":31.0,"key":"SteroidPotion"}],"is_trial":false,"path_per_floor":["M","?","?","M","M","E","R","$","T","R","E","?","M","?","R","B",null,"M","M","$","M","?","R","E","M","T","R","E","?","$","E","R","B"],"character_chosen":"IRONCLAD","items_purchased":["EssenceOfSteel","Entrench"],"campfire_rested":0,"item_purchase_floors":[20,30],"current_hp_per_floor":[63,56,56,59,65,36,36,36,36,36,34,34,20,20,20,12,54,54,54,54,50,50,50,50,54,54,54,54,54,54,49,49,0,0],"gold":83,"neow_bonus":"TRANSFORM_TWO_CARDS","is_daily":false,"chose_seed":false,"campfire_upgraded":6,"win_rate":0.0,"timestamp":1612576666,"path_taken":["M","?","?","M","?","E","R","$","T","R","E","?","?","?","R","BOSS","M","M","$","?","?","R","E","M","T","R","E","?","$","E","R","BOSS"],"items_purchased_type":["Potion","Card"],"build_version":"2020-12-22","purchased_purges":2,"victory":false,"max_hp_per_floor":[68,68,68,68,68,68,68,68,68,68,68,68,68,68,68,68,68,68,68,68,68,68,68,68,68,68,68,68,68,68,68,68,68,68],"relic_stats":{"Centennial Puzzle":[11],"Nunchaku":[0],"counters":[15,99],"Question Card":10,"obtain_stats":[{"Centennial Puzzle":24,"Nunchaku":31,"Oddly Smooth Stone":28,"Bottled Tornado":6,"Question Card":9,"Ancient Tea Set":11,"Burning Blood":0,"Runic Pyramid":17,"Pocketwatch":26},{"Centennial Puzzle":11,"Nunchaku":14,"Oddly Smooth Stone":13,"Bottled Tornado":4,"Question Card":4,"Ancient Tea Set":5,"Burning Blood":0,"Runic Pyramid":7,"Pocketwatch":12},{"Centennial Puzzle":66,"Nunchaku":86,"Oddly Smooth Stone":80,"Bottled Tornado":24,"Question Card":24,"Ancient Tea Set":30,"Burning Blood":0,"Runic Pyramid":45,"Pocketwatch":74}],"Burning Blood":84,"Pocketwatch":[4]},"card_choices":[{"not_picked":["Sword Boomerang","Perfected Strike"],"picked":"Iron Wave","floor":1.0},{"not_picked":["Carnage","Cleave","Wild Strike"],"picked":"SKIP","floor":4.0},{"not_picked":["Havoc","Thunderclap"],"picked":"Ghostly Armor","floor":5.0},{"not_picked":["Cleave","Dark Embrace"],"picked":"Feel No Pain","floor":6.0},{"not_picked":["Spot Weakness","Sword Boomerang","Perfected Strike"],"picked":"Entrench","floor":11.0},{"not_picked":["Warcry","Flex","Headbutt","Searing Blow"],"picked":"SKIP","floor":13.0},{"not_picked":["Flex","Headbutt","Searing Blow"],"picked":"Warcry","floor":13.0},{"not_picked":["Juggernaut","Reaper","Berserk"],"picked":"Offering","floor":16.0},{"not_picked":["Rupture+1","Heavy Blade","Dark Embrace","Anger"],"picked":"SKIP","floor":18.0},{"not_picked":["Searing Blow","Armaments","Perfected Strike+1","Havoc"],"picked":"SKIP","floor":19.0},{"not_picked":["Cleave","Rampage","Brutality"],"picked":"True Grit","floor":21.0},{"not_picked":["Wild Strike+1","Sentinel","Ghostly Armor+1"],"picked":"Shrug It Off+1","floor":24.0},{"not_picked":["Flex","Headbutt","Searing Blow","Combust"],"picked":"SKIP","floor":25.0},{"not_picked":["Searing Blow+1","Reaper","Fiend Fire","Perfected Strike"],"picked":"SKIP","floor":28.0},{"not_picked":["Havoc","Fiend Fire","Dark Embrace"],"picked":"Iron Wave","floor":31.0}],"player_experience":1473956,"relics_obtained":[{"floor":6.0,"key":"Bottled Tornado"},{"floor":9.0,"key":"Question Card"},{"floor":11.0,"key":"Ancient Tea Set"},{"floor":24.0,"key":"Centennial Puzzle"},{"floor":26.0,"key":"Pocketwatch"},{"floor":28.0,"key":"Oddly Smooth Stone"},{"floor":31.0,"key":"Nunchaku"}],"event_choices":[{"cards_removed":["Strike_R"],"damage_healed":0.0,"max_hp_gain":0.0,"max_hp_loss":0.0,"gold_gain":0.0,"event_name":"Golden Wing","player_choice":"Card Removal","floor":2.0,"gold_loss":0.0,"damage_taken":7.0},{"damage_healed":0.0,"max_hp_gain":0.0,"max_hp_loss":0.0,"gold_gain":0.0,"event_name":"The Woman in Blue","player_choice":"Bought 2 Potions","floor":3.0,"gold_loss":0.0,"damage_taken":0.0},{"cards_removed":["Strike_R"],"damage_healed":0.0,"max_hp_gain":0.0,"max_hp_loss":0.0,"gold_gain":0.0,"event_name":"Purifier","player_choice":"Purged","floor":12.0,"gold_loss":0.0,"damage_taken":0.0},{"damage_healed":0.0,"max_hp_gain":0.0,"max_hp_loss":0.0,"gold_gain":0.0,"event_name":"Accursed Blacksmith","player_choice":"Forge","floor":14.0,"gold_loss":0.0,"damage_taken":0.0,"cards_upgraded":["Entrench"]},{"damage_healed":0.0,"max_hp_gain":0.0,"max_hp_loss":0.0,"gold_gain":0.0,"event_name":"Ghosts","player_choice":"Ignored","floor":22.0,"gold_loss":0.0,"damage_taken":0.0},{"damage_healed":0.0,"max_hp_gain":0.0,"max_hp_loss":0.0,"gold_gain":0.0,"cards_transformed":["Bash"],"event_name":"Transmorgrifier","player_choice":"Transformed","floor":29.0,"gold_loss":0.0,"damage_taken":0.0,"cards_obtained":["Immolate"]}],"is_beta":false,"boss_relics":[{"not_picked":["Pandora\u0027s Box","Black Star"],"picked":"Runic Pyramid"}],"items_purged_floors":[8,20],"is_endless":false,"potions_floor_spawned":[13,16,24,28,31],"killed_by":"Collector","ascension_level":20}}