{"host":"rb2p2z6v6vieend5","time":1612636699,"event":{"mods":["BaseMod","Block Reminder","Colored Map","DeckTracker","Highlight Path","Minty Spire (QoL Compilation)","Random Character Button","Relic Stats"],"gold_per_floor":[117,133,18,18,31,60,60,60,60],"floor_reached":8,"language":"ENG","playtime":371,"items_purged":["Strike_R"],"score":95,"play_id":"267da0c9-8b00-4522-8ae6-478044559062","local_time":"20210206193819","is_ascension_mode":true,"campfire_choices":[{"data":"Searing Blow","floor":7,"key":"SMITH"}],"circlet_count":0,"master_deck":["AscendersBane","Strike_R","Strike_R","Strike_R","Strike_R","Defend_R+1","Defend_R","Defend_R","Defend_R","Bash","Second Wind","Searing Blow+1","Clash+1","Metallicize","Shockwave"],"relics":["Burning Blood","Ginger"],"acts_visited":["Exordium"],"potions_floor_usage":[],"damage_taken":[{"damage":2,"enemies":"2 Louse","floor":1,"turns":5},{"damage":2,"enemies":"Jaw Worm","floor":2,"turns":3},{"damage":5,"enemies":"Small Slimes","floor":5,"turns":4},{"damage":20,"enemies":"Gremlin Nob","floor":6,"turns":4},{"damage":50,"enemies":"3 Sentries","floor":8,"turns":9}],"seed_played":"8411728421414676397","potions_obtained":[{"floor":2,"key":"Dexterity Potion"}],"is_trial":false,"path_per_floor":["M","M","$","?","M","E","R","E"],"character_chosen":"IRONCLAD","items_purchased":["Metallicize"],"campfire_rested":0,"item_purchase_floors":[3],"current_hp_per_floor":[72,75,75,60,61,47,47,0,0],"gold":60,"neow_bonus":"THREE_CARDS","is_daily":false,"chose_seed":false,"campfire_upgraded":1,"win_rate":0.0,"timestamp":1612636699,"path_taken":["M","M","$","?","M","E","R","E"],"items_purchased_type":["Card"],"build_version":"2020-12-22","purchased_purges":1,"victory":false,"max_hp_per_floor":[75,75,75,75,75,75,75,75,75],"relic_stats":{"counters":[5,25],"Ginger":[0],"obtain_stats":[{"Ginger":6,"Burning Blood":0},{"Ginger":4,"Burning Blood":0},{"Ginger":16,"Burning Blood":0}],"Burning Blood":23},"card_choices":[{"not_picked":["Hemokinesis","Headbutt"],"picked":"Second Wind","floor":0},{"not_picked":["Thunderclap","Pommel Strike"],"picked":"Searing Blow","floor":1},{"not_picked":["Headbutt","Wild Strike"],"picked":"Clash","floor":2},{"not_picked":["Body Slam","Pummel","Heavy Blade"],"picked":"SKIP","floor":5},{"not_picked":["Rage","Clothesline"],"picked":"Shockwave","floor":6}],"player_experience":696354,"relics_obtained":[{"floor":6,"key":"Ginger"}],"event_choices":[{"damage_healed":0,"gold_gain":0,"player_choice":"Entered Light","damage_taken":15,"max_hp_gain":0,"max_hp_loss":0,"event_name":"Shining Light","floor":4,"gold_loss":0,"cards_upgraded":["Defend_R","Clash"]}],"is_beta":false,"boss_relics":[],"items_purged_floors":[3],"is_endless":false,"potions_floor_spawned":[2],"killed_by":"3 Sentries","ascension_level":14}}