{"host":"rtw1tnr74gozsrw1","time":1612637705,"event":{"mods":["BaseMod","Colored Map","Colored Powertips","Highlight Path","Infinite Spire","Minty Spire (QoL Compilation)","StSLib","The Jungle"],"gold_per_floor":[116,126,6,6,17,17,17,17,17,35,35,66,15,45,45,141,141,141],"floor_reached":17,"language":"ENG","playtime":433,"items_purged":[],"score":171,"play_id":"ec8da0f2-5203-429c-be6f-f342b1f42365","local_time":"20210206195505","is_ascension_mode":true,"campfire_choices":[{"data":"Footwork","floor":6,"key":"SMITH"},{"data":"Leg Sweep","floor":8,"key":"SMITH"},{"data":"Poisoned Stab","floor":11,"key":"SMITH"},{"data":"After Image","floor":15,"key":"SMITH"}],"circlet_count":0,"master_deck":["Survivor","Neutralize","Poisoned Stab+1","Footwork+1","Leg Sweep+1","Poisoned Stab","After Image+1","After Image","Die Die Die","Leg Sweep","infinitespire:Neurotoxin","Envenom","Backflip","Endless Agony","Accuracy","Blade Dance","Bane","Heel Hook"],"relics":["Ring of the Snake","NeowsBlessing","Kunai","Blood Vial","infinitespire:Golems Mask","Pandora\u0027s Box"],"acts_visited":["Exordium","TheCity"],"potions_floor_usage":[],"damage_taken":[{"damage":0,"enemies":"Cultist","floor":1,"turns":1},{"damage":0,"enemies":"Small Slimes","floor":2,"turns":1},{"damage":0,"enemies":"2 Louse","floor":5,"turns":1},{"damage":0,"enemies":"Red Slaver","floor":10,"turns":5},{"damage":14,"enemies":"Gremlin Nob","floor":12,"turns":7},{"damage":5,"enemies":"Lagavulin","floor":14,"turns":8},{"damage":17,"enemies":"The Guardian","floor":16,"turns":13}],"seed_played":"7153926309102236237","potions_obtained":[{"floor":10,"key":"GamblersBrew"},{"floor":12,"key":"GamblersBrew"},{"floor":14,"key":"SmokeBomb"},{"floor":16,"key":"DistilledChaos"}],"is_trial":false,"path_per_floor":["M","M","$","?","M","R","?","R","T","M","R","E","$","E","R","B",null],"character_chosen":"THE_SILENT","items_purchased":["Footwork","Leg Sweep","Poisoned Stab"],"campfire_rested":0,"item_purchase_floors":[3,3,13],"current_hp_per_floor":[70,70,70,70,70,70,70,70,70,70,70,56,56,53,53,38,70,70],"gold":141,"neow_bonus":"THREE_ENEMY_KILL","is_daily":false,"chose_seed":false,"campfire_upgraded":4,"win_rate":0.0,"timestamp":1612637705,"path_taken":["M","?","$","?","M","R","?","R","T","?","R","E","$","E","R","BOSS"],"items_purchased_type":["Card","Card","Card"],"build_version":"2020-12-22","purchased_purges":0,"victory":false,"max_hp_per_floor":[70,70,70,70,70,70,70,70,70,70,70,70,70,70,70,70,70,70],"card_choices":[{"not_picked":["Accuracy","Finisher"],"picked":"Poisoned Stab","floor":1},{"not_picked":["Predator","Underhanded Strike","Caltrops"],"picked":"SKIP","floor":2},{"not_picked":["Sucker Punch","Well Laid Plans","Calculated Gamble"],"picked":"SKIP","floor":5},{"not_picked":["Prepared","Dagger Throw","Accuracy"],"picked":"SKIP","floor":10},{"not_picked":["Dodge and Roll","Malaise","All Out Attack"],"picked":"SKIP","floor":12},{"not_picked":["Distraction","Sucker Punch"],"picked":"After Image","floor":14},{"not_picked":["Tools of the Trade","Storm of Steel"],"picked":"After Image","floor":16}],"player_experience":120287,"relics_obtained":[{"floor":9,"key":"Kunai"},{"floor":12,"key":"Blood Vial"},{"floor":14,"key":"infinitespire:Golems Mask"}],"event_choices":[{"damage_healed":0,"gold_gain":0,"player_choice":"Ignored","damage_taken":0,"max_hp_gain":0,"max_hp_loss":0,"event_name":"Golden Idol","floor":4,"gold_loss":0},{"damage_healed":0,"gold_gain":0,"player_choice":"Ignored","damage_taken":0,"max_hp_gain":0,"max_hp_loss":0,"event_name":"WeMeetAgain","floor":7,"gold_loss":0}],"is_beta":false,"boss_relics":[{"not_picked":["Snecko Eye","WristBlade"],"picked":"Pandora\u0027s Box"}],"items_purged_floors":[],"is_endless":false,"potions_floor_spawned":[10,12,14,16],"ascension_level":1}}