{"host":"p0hktren06injwdf","time":1612605531,"event":{"mods":["AchievementEnabler","BaseMod","Colored Map","DeckTracker","Minty Spire (QoL Compilation)","Permanent Neow","StSLib","SuperFastMode"],"gold_per_floor":[209,221,221,238,250,250,250,291,340,305,338,354,394,394,394,487,487,512,527,550,550,475,475,509,509,509,547,547,547],"floor_reached":28,"language":"KOR","playtime":551,"items_purged":[],"score":602,"play_id":"0e66398f-506c-4a27-8eb6-1958ff8e20f6","local_time":"20210206185851","is_ascension_mode":true,"campfire_choices":[{"data":"Anger","floor":6.0,"key":"SMITH"},{"floor":15.0,"key":"REST"},{"floor":23.0,"key":"REST"},{"data":"Offering","floor":25.0,"key":"SMITH"}],"circlet_count":0,"master_deck":["AscendersBane","Bash","Armaments+1","Twin Strike+1","Disarm","Anger+1","Fire Breathing+1","Berserk+1","Thunderclap","Offering+1","Combust+1","Immolate","Whirlwind","Berserk+1","Corruption+1","Ghostly Armor","Juggernaut+1","Pommel Strike","Shrug It Off","Shrug It Off","Wild Strike","Rupture+1","Barricade+1"],"relics":["Burning Blood","Golden Idol","Frozen Egg 2","PreservedInsect","Dream Catcher","Nunchaku","Pandora\u0027s Box","Ancient Tea Set","The Courier","FossilizedHelix"],"acts_visited":["Exordium","TheCity"],"potions_floor_usage":[],"damage_taken":[{"damage":3.0,"enemies":"2 Louse","floor":1.0,"turns":4.0},{"damage":4.0,"enemies":"Jaw Worm","floor":2.0,"turns":4.0},{"damage":6.0,"enemies":"Cultist","floor":4.0,"turns":3.0},{"damage":26.0,"enemies":"Large Slime","floor":5.0,"turns":7.0},{"damage":33.0,"enemies":"Lagavulin","floor":8.0,"turns":8.0},{"damage":19.0,"enemies":"Gremlin Nob","floor":11.0,"turns":4.0},{"damage":10.0,"enemies":"Looter","floor":12.0,"turns":4.0},{"damage":15.0,"enemies":"3 Sentries","floor":13.0,"turns":4.0},{"damage":18.0,"enemies":"Slime Boss","floor":16.0,"turns":7.0},{"damage":7.0,"enemies":"3 Byrds","floor":18.0,"turns":3.0},{"damage":8.0,"enemies":"Chosen","floor":19.0,"turns":3.0},{"damage":44.0,"enemies":"3 Cultists","floor":20.0,"turns":4.0},{"damage":6.0,"enemies":"Gremlin Leader","floor":24.0,"turns":3.0},{"damage":19.0,"enemies":"Book of Stabbing","floor":27.0,"turns":5.0},{"damage":32,"enemies":"Snake Plant","floor":28,"turns":2}],"seed_played":"5843136501397906114","potions_obtained":[{"floor":1.0,"key":"Regen Potion"},{"floor":4.0,"key":"Block Potion"},{"floor":12.0,"key":"LiquidMemories"},{"floor":16.0,"key":"FearPotion"},{"floor":20.0,"key":"ColorlessPotion"}],"is_trial":false,"path_per_floor":["M","M","?","M","M","R","?","E","T","?","E","M","E","?","R","B",null,"M","M","M","?","?","R","E","R","T","E","M"],"character_chosen":"IRONCLAD","items_purchased":[],"campfire_rested":2,"item_purchase_floors":[],"current_hp_per_floor":[71,73,73,73,53,53,53,41,41,58,45,41,32,32,52,40,61,60,58,20,20,20,40,40,40,40,27,0,0],"gold":547,"neow_bonus":"HUNDRED_GOLD","is_daily":false,"chose_seed":false,"campfire_upgraded":2,"win_rate":0.0,"timestamp":1612605531,"path_taken":["M","M","?","M","M","R","?","E","T","?","E","M","E","?","R","BOSS","M","?","M","?","?","R","E","R","T","E","M"],"items_purchased_type":[],"build_version":"2020-12-22","purchased_purges":0,"victory":false,"max_hp_per_floor":[75,75,75,75,75,75,68,68,68,68,68,68,68,68,68,68,68,68,68,68,68,68,68,68,68,68,68,68,68],"card_choices":[{"not_picked":["Rupture","Pommel Strike"],"picked":"Armaments","floor":1.0},{"not_picked":["Shrug It Off","Sword Boomerang"],"picked":"Twin Strike","floor":2.0},{"not_picked":["Armaments","Dual Wield"],"picked":"Disarm","floor":4.0},{"not_picked":["Thunderclap","Body Slam"],"picked":"Anger","floor":5.0},{"not_picked":["Inflame+1","Rage"],"picked":"Fire Breathing+1","floor":8.0},{"not_picked":["Sword Boomerang","Ghostly Armor","Blood for Blood"],"picked":"SKIP","floor":11.0},{"not_picked":["Clothesline","Clash"],"picked":"Berserk+1","floor":12.0},{"not_picked":["Clothesline","Flex","Rage"],"picked":"SKIP","floor":13.0},{"not_picked":["Heavy Blade","Searing Blow"],"picked":"Thunderclap","floor":15.0},{"not_picked":["Impervious","Corruption+1"],"picked":"Offering","floor":16.0},{"not_picked":["Flex","Perfected Strike"],"picked":"Pommel Strike","floor":18.0},{"not_picked":["Armaments","Twin Strike"],"picked":"Shrug It Off","floor":19.0},{"not_picked":["Immolate","Warcry"],"picked":"Shrug It Off","floor":20.0},{"not_picked":["Headbutt","Anger"],"picked":"Wild Strike","floor":23.0},{"not_picked":["Wild Strike","Shrug It Off"],"picked":"Rupture+1","floor":24.0},{"not_picked":["Uppercut","Cleave"],"picked":"Barricade+1","floor":27.0}],"player_experience":1014615,"relics_obtained":[{"floor":8.0,"key":"Frozen Egg 2"},{"floor":9.0,"key":"PreservedInsect"},{"floor":11.0,"key":"Dream Catcher"},{"floor":13.0,"key":"Nunchaku"},{"floor":24.0,"key":"Ancient Tea Set"},{"floor":26.0,"key":"The Courier"},{"floor":27.0,"key":"FossilizedHelix"}],"event_choices":[{"damage_healed":0.0,"max_hp_gain":0.0,"max_hp_loss":0.0,"gold_gain":0.0,"event_name":"Living Wall","player_choice":"Grow","floor":3.0,"gold_loss":0.0,"damage_taken":0.0,"cards_upgraded":["Armaments"]},{"damage_healed":0.0,"max_hp_gain":0.0,"max_hp_loss":7.0,"gold_gain":0.0,"event_name":"Golden Idol","player_choice":"Lose Max HP","floor":7.0,"gold_loss":0.0,"damage_taken":0.0,"relics_obtained":["Golden Idol"]},{"damage_healed":17.0,"max_hp_gain":0.0,"max_hp_loss":0.0,"gold_gain":0.0,"event_name":"The Cleric","player_choice":"Healed","floor":10.0,"gold_loss":35.0,"damage_taken":0.0},{"damage_healed":0.0,"max_hp_gain":0.0,"max_hp_loss":0.0,"gold_gain":0.0,"event_name":"Accursed Blacksmith","player_choice":"Forge","floor":14.0,"gold_loss":0.0,"damage_taken":0.0,"cards_upgraded":["Twin Strike"]},{"cards_removed":["Clash"],"damage_healed":0.0,"max_hp_gain":0.0,"max_hp_loss":0.0,"gold_gain":0.0,"event_name":"Back to Basics","player_choice":"Elegance","floor":21.0,"gold_loss":0.0,"damage_taken":0.0},{"cards_removed":["Clash"],"damage_healed":0.0,"max_hp_gain":0.0,"max_hp_loss":0.0,"gold_gain":0.0,"event_name":"Beggar","player_choice":"Gave Gold","floor":22.0,"gold_loss":75.0,"damage_taken":0.0}],"is_beta":false,"boss_relics":[{"not_picked":["Runic Dome","Velvet Choker"],"picked":"Pandora\u0027s Box"}],"items_purged_floors":[],"is_endless":false,"potions_floor_spawned":[1,4,5,12,16,20,24],"killed_by":"Snake Plant","ascension_level":20}}