{"host":"njo8qgvy2a57fcny","time":1612592019,"event":{"mods":["Aspiration","BaseMod","BetterRewards","CCEM2","Colored Map","Colored Powertips","Conspire","Custom Start","Downfall","Energized Spire","GifTheSpireLib","Halation","Hermit","Hubris","Infinite Spire","Jedi Mod","Jorbs\u0027s Wanderer Trilogy","Mimic Mod","Minty Spire (QoL Compilation)","Quick Restart","Random Character Button","Random Character Mod","Rare Cards Sparkle","Relic Sorter","Reliquary","Replay The Spire","Shop Mod","StSLib","Stuff the Spire","The Animator","The Jungle","The Runesmith","The Servant 0.9.4","Unceasing Turn Reminder","thorton"],"gold_per_floor":[99,99,99,99,549,549,630,665,565,169,169,169,52,87,107,210,210,210,210,210,210],"floor_reached":19,"language":"ENG","playtime":760,"items_purged":["Normality"],"score":202,"play_id":"6a0a703b-81d7-4949-949b-dc2b7eb0dd30","local_time":"20210206171339","is_ascension_mode":true,"campfire_choices":[{"data":"bronze:Goto","floor":1,"key":"SMITH"},{"data":"bronze:Invalidate","floor":9,"key":"SMITH"},{"data":"bronze:ChildClass","floor":12,"key":"SMITH"},{"floor":18,"key":"DIG"}],"circlet_count":0,"master_deck":["bronze:Strike","bronze:Strike","bronze:Strike","bronze:Strike","bronze:Defend","bronze:Defend","bronze:Defend","bronze:Defend","bronze:Replicate+1","bronze:Goto+1","downfall:Icky","downfall:Icky","downfall:Icky","bronze:ChildClass+1","bronze:Invalidate+1","bronze:Iterate","bronze:ItsAFeature","bronze:Allocate","bronze:ItsAFeature","bronze:Overheat","bronze:OilSpill","bronze:Deprecate","bronze:Mutator"],"relics":["bronze:BronzeCore","downfall:HeartsMalice","halation:EternalFortune","ReplayTheSpireMod:Ring of Exchange","Ring of Searing","Pen Nib","downfall:HeartBlessingBlue","StuffTheSpire:RubySignet","Unceasing Top","conspire:SeveredTorchhead","aspiration:FrozenJewel"],"acts_visited":["Exordium","TheCity"],"potions_floor_usage":[15],"damage_taken":[{"damage":0,"enemies":"Small Slimes","floor":6,"turns":1},{"damage":0,"enemies":"Lagavulin","floor":8,"turns":1},{"damage":0,"enemies":"downfall:FleeingMerchant","floor":10,"turns":1},{"damage":20,"enemies":"downfall:FleeingMerchant","floor":13,"turns":4},{"damage":34,"enemies":"Gremlin Nob","floor":14,"turns":4},{"damage":0,"enemies":"Jaw Worm","floor":15,"turns":2},{"damage":33,"enemies":"IC_STATUS_ARCHETYPE","floor":16,"turns":7},{"damage":0,"enemies":"Spheric Guardian","floor":19,"turns":1}],"seed_played":"-6044431531403036347","potions_obtained":[{"floor":8,"key":"Block Potion"},{"floor":16,"key":"bronze:BuildAFunctionPotion"}],"is_trial":false,"path_per_floor":["R","?","?","?","?","M","T","E","R","$","?","R","$","E","M","B",null,"R_BF","M"],"character_chosen":"THE_AUTOMATON","items_purchased":["StuffTheSpire:RubySignet","bronze:ItsAFeature","bronze:ItsAFeature","bronze:Overheat"],"campfire_rested":0,"item_purchase_floors":[10,10,13,13],"current_hp_per_floor":[70,70,73,73,73,73,73,73,83,83,83,83,65,31,31,4,83,83,83,83,83],"gold":210,"neow_bonus":"THREE_ENEMY_KILL","is_daily":false,"chose_seed":false,"campfire_upgraded":3,"win_rate":0.0,"timestamp":1612592019,"path_taken":["R","?","?","?","?","?","T","E","R","$","?","R","$","E","M","BOSS","R_BF","M"],"items_purchased_type":["Relic","Card","Card","Card"],"build_version":"2020-12-22","purchased_purges":1,"victory":false,"max_hp_per_floor":[70,70,73,73,73,73,73,73,83,83,83,83,83,83,83,83,83,83,83,83,83],"card_choices":[{"not_picked":["bronze:Overload","bronze:DelayedSlice"],"picked":"bronze:ChildClass","floor":6},{"not_picked":["bronze:MaxOutput","bronze:FineTuning"],"picked":"bronze:Invalidate","floor":8},{"not_picked":["bronze:BuggyMess","bronze:BitShift"],"picked":"bronze:Iterate","floor":10},{"not_picked":["bronze:GetLatest","bronze:ForLoop"],"picked":"bronze:Allocate","floor":13},{"not_picked":["bronze:FindAndReplace","bronze:DelayedGuard"],"picked":"bronze:OilSpill","floor":14},{"not_picked":["bronze:DigitalCarnage","bronze:DelayedGuard"],"picked":"bronze:Deprecate","floor":15},{"not_picked":["bronze:FindAndReplace","bronze:Virus"],"picked":"bronze:Mutator","floor":16}],"player_experience":787114,"relics_obtained":[{"floor":4,"key":"ReplayTheSpireMod:Ring of Exchange"},{"floor":4,"key":"Ring of Searing"},{"floor":8,"key":"Pen Nib"},{"floor":14,"key":"Unceasing Top"},{"floor":18,"key":"aspiration:FrozenJewel"}],"event_choices":[],"is_beta":false,"boss_relics":[{"not_picked":["Frozen Eye","Lee\u0027s Waffle"],"picked":"conspire:SeveredTorchhead"}],"items_purged_floors":[10],"is_endless":false,"potions_floor_spawned":[8,16],"killed_by":"Spheric Guardian","ascension_level":1}}