{"host":"2l3i55whvwk76mom","time":1612584920,"event":{"mods":["BaseMod","Googly Eyes","Hermit","Hubris","Minty Spire (QoL Compilation)","Replay The Spire","StSLib","The Cursed","The Disciple","The Hierophant","The Jungle","The Necromancer"],"gold_per_floor":[119,119,132,149,174,174,162,162,162,112,140,93,93,108,108,199,199,202,130,205,57,69,52,50,50],"floor_reached":24,"language":"ENG","playtime":1733,"items_purged":[],"score":185,"play_id":"f42d3f7b-13f3-4647-992c-b956740ae702","local_time":"20210205201520","is_ascension_mode":false,"campfire_choices":[{"data":"hierophant:AuricForm","floor":6,"key":"SMITH"},{"data":"hierophant:Endure","floor":8,"key":"SMITH"},{"floor":13,"key":"REST"},{"floor":15,"key":"REST"}],"circlet_count":0,"master_deck":["hierophant:Strike_Hierophant","hierophant:Strike_Hierophant","hierophant:Strike_Hierophant","hierophant:Strike_Hierophant","hierophant:Punish","hierophant:Defend_Hierophant+1","hierophant:Defend_Hierophant+1","hierophant:Defend_Hierophant+1","hierophant:Defend_Hierophant+1","hierophant:ChurchCoffers","hierophant:Endure+1","hierophant:FieryStrike","hierophant:Doubloon","hierophant:Refuge","hierophant:AuricForm+1","hierophant:FaithHealing","hierophant:Doubloon","hierophant:CoinFling","hierophant:DisplayOfPower","hierophant:HolyVerse","hierophant:Smite","hierophant:Batter","CurseOfTheBell","hierophant:Bribe","hierophant:HolyVerse","hierophant:AuricForm","hierophant:Doubloon","hierophant:CoinFling","hierophant:Sermon"],"relics":["hierophant:PropheticMaskRelic","NeowsBlessing","Replay:Bottled Eggs","Bronze Scales","Replay:Ringing Soul","Calling Bell","Lantern","Replay:Bottled Snecko","hubris:MedicalManual"],"acts_visited":["Exordium","TheCity"],"potions_floor_usage":[5,10,16,19,23],"damage_taken":[{"damage":0,"enemies":"2 Louse","floor":1,"turns":1},{"damage":0,"enemies":"Cultist","floor":3,"turns":1},{"damage":0,"enemies":"Jaw Worm","floor":4,"turns":1},{"damage":12,"enemies":"Exordium Thugs","floor":5,"turns":5},{"damage":10,"enemies":"2 Fungi Beasts","floor":7,"turns":3},{"damage":16,"enemies":"Lagavulin","floor":10,"turns":8},{"damage":10,"enemies":"Lots of Slimes","floor":11,"turns":3},{"damage":4,"enemies":"3 Sentries","floor":14,"turns":5},{"damage":7,"enemies":"Slime Boss","floor":16,"turns":6},{"damage":10,"enemies":"Shell Parasite","floor":18,"turns":3},{"damage":8,"enemies":"2 Thieves","floor":19,"turns":4},{"damage":26,"enemies":"Snecko","floor":22,"turns":6},{"damage":21,"enemies":"Centurion and Healer","floor":23,"turns":8},{"damage":28,"enemies":"Snake Plant","floor":24,"turns":2}],"seed_played":"-5614647002145071345","potions_obtained":[{"floor":1,"key":"Swift Potion"},{"floor":4,"key":"Adrenaline Potion"},{"floor":14,"key":"DistilledChaos"},{"floor":16,"key":"Elixir"},{"floor":18,"key":"SneckoOil"}],"is_trial":false,"path_per_floor":["M","?","M","M","M","R","M","R","T","E","M","$","R","E","R","B",null,"M","M","?","$","M","M","M"],"character_chosen":"HIEROPHANT","items_purchased":["hierophant:HolyVerse","hierophant:AuricForm"],"campfire_rested":2,"item_purchase_floors":[12,21],"current_hp_per_floor":[75,75,75,75,63,63,53,53,53,37,27,27,49,48,71,67,84,77,72,63,66,43,25,0,0],"gold":50,"neow_bonus":"THREE_ENEMY_KILL","is_daily":false,"chose_seed":false,"campfire_upgraded":2,"win_rate":0.0,"timestamp":1612584920,"path_taken":["M","?","M","M","M","R","M","R","T","E","?","$","R","E","R","BOSS","M","M","?","$","?","M","M"],"items_purchased_type":["Card","Card"],"build_version":"2020-12-22","purchased_purges":0,"victory":false,"max_hp_per_floor":[75,75,75,75,75,75,75,75,75,75,75,75,75,78,78,81,84,87,90,90,93,96,99,99,99],"card_choices":[{"not_picked":["hierophant:CoinFling","hierophant:RepressedViolence"],"picked":"hierophant:Endure","floor":1},{"not_picked":["hierophant:Racketeering","hierophant:SealAway"],"picked":"hierophant:FieryStrike","floor":3},{"not_picked":["hierophant:SealAway","hierophant:OrnateJavelin"],"picked":"hierophant:Refuge","floor":4},{"not_picked":["hierophant:FlamingChariot","hierophant:ThreeLashes"],"picked":"hierophant:AuricForm","floor":5},{"not_picked":["hierophant:MorningPrayer","hierophant:OrnateJavelin"],"picked":"hierophant:FaithHealing","floor":7},{"not_picked":["hierophant:FlamingChariot","hierophant:MirrorShield"],"picked":"hierophant:CoinFling","floor":10},{"not_picked":["hierophant:FlamingChariot","hierophant:RepressedViolence"],"picked":"hierophant:DisplayOfPower","floor":11},{"not_picked":["hierophant:FaithHealing","hierophant:Doubloon"],"picked":"hierophant:Smite","floor":14},{"not_picked":["hierophant:Generosity","hierophant:Levitation"],"picked":"hierophant:Batter","floor":16},{"not_picked":["hierophant:Zeal","hierophant:Exaltation+1"],"picked":"hierophant:Bribe","floor":18},{"not_picked":["hierophant:Prophecy","hierophant:MorningPrayer"],"picked":"hierophant:HolyVerse","floor":19},{"not_picked":["hierophant:Purify","hierophant:Racketeering"],"picked":"hierophant:CoinFling","floor":22},{"not_picked":["hierophant:Purify","hierophant:PassingBell"],"picked":"hierophant:Sermon","floor":23}],"player_experience":355249,"relics_obtained":[{"floor":9,"key":"Replay:Bottled Eggs"},{"floor":10,"key":"Bronze Scales"},{"floor":14,"key":"Replay:Ringing Soul"},{"floor":17,"key":"Lantern"},{"floor":17,"key":"Replay:Bottled Snecko"},{"floor":17,"key":"hubris:MedicalManual"}],"event_choices":[{"cards_removed":["Strike_R"],"damage_healed":0,"gold_gain":0,"player_choice":"Offered Basic","damage_taken":0,"max_hp_gain":0,"max_hp_loss":0,"event_name":"Bonfire Elementals","floor":2,"gold_loss":0},{"damage_healed":0,"gold_gain":75,"player_choice":"Touch","damage_taken":9,"max_hp_gain":0,"max_hp_loss":0,"event_name":"FaceTrader","floor":20,"gold_loss":0}],"is_beta":false,"boss_relics":[{"not_picked":["Astrolabe","Pandora\u0027s Box"],"picked":"Calling Bell"}],"items_purged_floors":[],"is_endless":false,"potions_floor_spawned":[1,4,14,16,18],"killed_by":"Snake Plant","ascension_level":0}}