{"host":"rantoq7h0pygex6x","time":1612585844,"event":{"mods":["AchievementEnabler","BaseMod","BetterRewards","Minty Spire (QoL Compilation)"],"gold_per_floor":[117,137,137,187,197,197,231,249,249,249,263,132,147,67,67,139,139,149,161,161,175,27,27,27,27],"floor_reached":24,"language":"ENG","playtime":719,"items_purged":["Strike_B"],"score":596,"play_id":"e13d628b-15c8-4e7b-83c9-4d5d52022383","local_time":"20210206123044","is_ascension_mode":true,"campfire_choices":[{"data":"Consume","floor":6,"key":"SMITH"},{"floor":15,"key":"REST"},{"floor":23,"key":"REST"}],"circlet_count":0,"master_deck":["AscendersBane","Strike_B","Strike_B","Defend_B","Defend_B","Defend_B","Zap","Dualcast","Conserve Battery","Storm","Gash","Consume+1","Storm","Hologram","Glacier","Self Repair","Undo","Barrage","Capacitor+1","Gash","Buffer","Melter","Echo Form","Stack","Coolheaded+1","Bandage Up","Heatsinks"],"relics":["Cracked Core","Lee\u0027s Waffle","Potion Belt","Pen Nib","Girya","Question Card","Empty Cage"],"acts_visited":["Exordium","TheCity"],"potions_floor_usage":[7,7,16,19,24],"damage_taken":[{"damage":6,"enemies":"Cultist","floor":1,"turns":3},{"damage":1,"enemies":"2 Louse","floor":2,"turns":2},{"damage":14,"enemies":"Jaw Worm","floor":5,"turns":4},{"damage":30,"enemies":"3 Sentries","floor":7,"turns":7},{"damage":0,"enemies":"Looter","floor":8,"turns":4},{"damage":23,"enemies":"Gremlin Gang","floor":11,"turns":8},{"damage":1,"enemies":"Red Slaver","floor":13,"turns":5},{"damage":36,"enemies":"The Guardian","floor":16,"turns":9},{"damage":29,"enemies":"3 Byrds","floor":18,"turns":8},{"damage":0,"enemies":"Spheric Guardian","floor":19,"turns":3},{"damage":33,"enemies":"Snake Plant","floor":21,"turns":6},{"damage":47,"enemies":"Gremlin Leader","floor":24,"turns":5}],"seed_played":"-6100507894748987198","potions_obtained":[{"floor":2,"key":"LiquidBronze"},{"floor":5,"key":"SkillPotion"},{"floor":8,"key":"EssenceOfSteel"},{"floor":13,"key":"ColorlessPotion"},{"floor":18,"key":"DistilledChaos"}],"is_trial":false,"path_per_floor":["M","M","T","?","M","R","E","M","T","?","M","$","M","$","R","B",null,"M","M","?","M","$","R","E"],"character_chosen":"DEFECT","items_purchased":["Conserve Battery","Storm","Lee\u0027s Waffle","Gash","Consume","Storm","Gash","Melter","Bandage Up","Heatsinks"],"campfire_rested":2,"item_purchase_floors":[0,0,0,0,0,0,12,14,22,22],"current_hp_per_floor":[72,71,71,71,57,57,34,41,41,30,14,14,20,20,43,17,63,41,41,41,15,15,38,0,0],"gold":27,"neow_bonus":"","is_daily":false,"chose_seed":false,"campfire_upgraded":1,"win_rate":0.0,"timestamp":1612585844,"path_taken":["M","M","?","?","?","R","E","M","T","?","M","?","M","$","R","BOSS","M","M","?","?","$","R","E"],"items_purchased_type":["Card","Card","Relic","Card","Card","Card","Card","Card","Card","Card"],"build_version":"2020-12-22","purchased_purges":1,"victory":false,"max_hp_per_floor":[78,78,78,78,78,78,78,78,78,78,78,78,78,78,78,78,78,78,78,78,78,78,78,78,78],"card_choices":[{"not_picked":["Consume","Scrape"],"picked":"Hologram","floor":1},{"not_picked":["Go for the Eyes","Hello World"],"picked":"Glacier","floor":2},{"not_picked":["Coolheaded","FTL"],"picked":"Self Repair","floor":5},{"not_picked":["Meteor Strike","Hologram"],"picked":"Undo","floor":7},{"not_picked":["Compile Driver","Glacier"],"picked":"Barrage","floor":8},{"not_picked":["Coolheaded","Darkness","Turbo"],"picked":"Capacitor","floor":11},{"not_picked":["Barrage","Go for the Eyes","Hologram"],"picked":"Buffer","floor":13},{"not_picked":["Fission","Multi-Cast","Amplify"],"picked":"Echo Form","floor":16},{"not_picked":["Streamline+1","Lockon","Turbo"],"picked":"Stack","floor":18},{"not_picked":["Tempest","Redo","Leap"],"picked":"Coolheaded+1","floor":19},{"not_picked":["Redo","Rebound","Ball Lightning","Barrage"],"picked":"SKIP","floor":21}],"player_experience":983957,"relics_obtained":[{"floor":3,"key":"Potion Belt"},{"floor":7,"key":"Pen Nib"},{"floor":9,"key":"Girya"}],"event_choices":[{"damage_healed":0,"gold_gain":50,"player_choice":"Pray","damage_taken":0,"max_hp_gain":0,"max_hp_loss":0,"event_name":"Golden Shrine","floor":4,"gold_loss":0},{"damage_healed":0,"gold_gain":0,"player_choice":"Success","damage_taken":11,"relics_obtained":["Question Card"],"max_hp_gain":0,"max_hp_loss":0,"event_name":"Scrap Ooze","floor":10,"gold_loss":0},{"damage_healed":0,"gold_gain":0,"player_choice":"Forge","damage_taken":0,"max_hp_gain":0,"max_hp_loss":0,"event_name":"Accursed Blacksmith","floor":20,"gold_loss":0,"cards_upgraded":["Capacitor"]}],"is_beta":false,"boss_relics":[{"not_picked":["Snecko Eye","Fusion Hammer"],"picked":"Empty Cage"}],"items_purged_floors":[12],"is_endless":false,"potions_floor_spawned":[2,5,8,13,18],"killed_by":"Gremlin Leader","ascension_level":20}}