{"host":"nlh1m2716594vj2h","time":1612587455,"event":{"mods":["AchievementEnabler","BaseMod","Beaked The Cultist","BetterRewards","Downfall","Duelist Mod","Glutton Mod","Googly Eyes","Gremlin Mod","Hermit","Hubris","Infinite Spire","Jorbs\u0027s Wanderer Trilogy","Marisa????????","Minty Spire (QoL Compilation)","Replay The Spire","Shop Mod","StSLib","The Animator","The Blackbeard","The Bug Knight","The Cursed","The Gatherer","The Hierophant","The Necromancer","The Poker Player","The Runesmith","The Servant 0.9.4"],"gold_per_floor":[119,129,129,148,160,160,235,235,235,235,255,255,255,267,267,371,421,438,454,454,454,473,504,504,518,592,794,805,805,805,805,805,909,909,920,920,920,934,934,934,968,968,968,968,968],"floor_reached":44,"language":"ENG","playtime":3210,"items_purged":[],"score":569,"play_id":"f449bf08-5706-4451-891f-2e092f58ca1c","local_time":"20210205235735","is_ascension_mode":false,"metric_token":1809,"campfire_choices":[{"floor":6,"key":"REST"},{"floor":13,"key":"REST"},{"floor":15,"key":"REST"},{"floor":29,"key":"REST"},{"floor":32,"key":"REST"},{"floor":40,"key":"DIG"}],"circlet_count":0,"master_deck":["Gatherer:Strike_Gatherer","Gatherer:Strike_Gatherer","Gatherer:Strike_Gatherer","Gatherer:Strike_Gatherer","Gatherer:Defend_Gatherer+1","Gatherer:Defend_Gatherer","Gatherer:Defend_Gatherer+1","Gatherer:Defend_Gatherer","Gatherer:Defend_Gatherer+1","Gatherer:Centralize","Gatherer:FlowerWhip","Gatherer:AlchemyTrial","Gatherer:RottenStipe","Gatherer:RottenStipe","Gatherer:QuickSynthesis","Gatherer:BambuSword","Gatherer:WitheringStrike","Gatherer:ScherryThrow","infinitespire:Oblivion+1","Gatherer:Frenzy","Gatherer:QuickSynthesis","Gatherer:StoneFence","Gatherer:Liquidism","Gatherer:DrugPower","Gatherer:Frenzy+1","Gatherer:RecipeChange","Gatherer:Photoscythe","Gatherer:CarefulStrike","Gatherer:Convert+1","Gatherer:SaveValuables","Gatherer:Misfortune+1","Gatherer:FinishingStrike","Gatherer:BalancedGrowth","Gatherer:ScrollOfPurity","Gatherer:FruitForce+1","Gatherer:FruitForce+1"],"relics":["Gatherer:AlchemyBag","Replay:Arrowhead","beaked:ShinyBauble","Bronze Scales","Matryoshka","Garlic","hubris:Reverence","Odd Mushroom","Tiny House","ClockworkSouvenir","hubris:SlimyHat","Vajra","Pen Nib","Onion Ring","HornCleat","Philosopher\u0027s Stone","Shovel","Mercury Hourglass","Unceasing Top"],"acts_visited":["Exordium","TheCity","TheBeyond"],"potions_floor_usage":[11,11,33,41,44],"damage_taken":[{"damage":0,"enemies":"Small Slimes","floor":1,"turns":3},{"damage":0,"enemies":"Cultist","floor":2,"turns":3},{"damage":1,"enemies":"Jaw Worm","floor":4,"turns":2},{"damage":0,"enemies":"Blue Slaver","floor":5,"turns":2},{"damage":0,"enemies":"The Mushroom Lair","floor":11,"turns":1},{"damage":0,"enemies":"Looter","floor":14,"turns":2},{"damage":0,"enemies":"Fading Forest","floor":16,"turns":11},{"damage":6,"enemies":"Shell Parasite","floor":18,"turns":4},{"damage":14,"enemies":"2 Thieves","floor":19,"turns":3},{"damage":7,"enemies":"Centurion and Healer","floor":22,"turns":3},{"damage":16,"enemies":"Book of Stabbing","floor":23,"turns":4},{"damage":4,"enemies":"Chosen and Byrds","floor":25,"turns":3},{"damage":12,"enemies":"Snake Plant","floor":28,"turns":2},{"damage":37,"enemies":"Automaton","floor":33,"turns":6},{"damage":7,"enemies":"3 Shapes","floor":35,"turns":4},{"damage":26,"enemies":"3 Darklings","floor":38,"turns":4},{"damage":33,"enemies":"Giant Head","floor":41,"turns":6},{"damage":28,"enemies":"Maw","floor":44,"turns":4}],"seed_played":"-7244915428331415257","potions_obtained":[{"floor":1,"key":"Weak Potion"},{"floor":4,"key":"Explosive Potion"},{"floor":5,"key":"AttackPotion"},{"floor":14,"key":"DistilledChaos"},{"floor":17,"key":"Reflective Coating"},{"floor":23,"key":"champ:CounterPotion"},{"floor":33,"key":"SpeedPotion"},{"floor":41,"key":"LiquidBronze"}],"is_trial":false,"path_per_floor":["M","M","?","M","M","R","?","?","T","T","?","?","R","M","R","B",null,"M","M","AVR","?","M","E","?","M","T","?","M","R","?","?","R","B",null,"M","?","?","M","AVR","R","E","PTL","PTL","M"],"character_chosen":"THE_GATHERER","items_purchased":["Gatherer:AlchemyTrial","beaked:ShinyBauble","Bronze Scales","Gatherer:RottenStipe"],"campfire_rested":5,"item_purchase_floors":[0,0,0,0],"current_hp_per_floor":[40,40,33,32,32,53,42,24,24,24,24,10,31,31,52,52,77,71,57,57,57,50,34,34,30,30,30,18,41,34,34,57,20,77,70,70,70,48,48,48,19,19,19,0,0,0],"gold":968,"neow_bonus":"","is_daily":false,"chose_seed":false,"campfire_upgraded":0,"win_rate":0.0,"timestamp":1612587455,"path_taken":["M","M","?","?","M","R","?","?","T","?","?","?","R","M","R","BOSS","M","M","AVR","?","M","E","?","?","T","?","M","R","?","?","R","BOSS","M","?","?","M","AVR","R","E","PTL","PTL","?"],"items_purchased_type":["Card","Relic","Relic","Card"],"build_version":"2020-12-22","purchased_purges":0,"victory":false,"max_hp_per_floor":[72,72,72,72,72,72,72,72,72,72,72,72,72,72,72,72,77,77,77,77,77,77,77,77,77,77,77,77,77,77,77,77,77,77,77,77,77,81,81,81,85,85,85,85,85,85],"card_choices":[{"not_picked":["Gatherer:EnergyBasket","Gatherer:TacticalStrike"],"picked":"Gatherer:QuickSynthesis","floor":1},{"not_picked":["Gatherer:Solidify","Gatherer:DrugPower"],"picked":"Gatherer:BambuSword","floor":2},{"not_picked":["Gatherer:AlchemyTrial","Gatherer:Pollute"],"picked":"Gatherer:WitheringStrike","floor":4},{"not_picked":["Gatherer:GatherMaterial","Gatherer:PotentialSlash"],"picked":"Gatherer:ScherryThrow","floor":5},{"not_picked":["ReplayTheSpireMod:Echo Chamber","infinitespire:SevenWalls"],"picked":"infinitespire:Oblivion","floor":8},{"not_picked":["Gatherer:EnergyBasket","Gatherer:Polymorphism"],"picked":"Gatherer:Frenzy","floor":11},{"not_picked":["Gatherer:Snatch","Gatherer:ScrollOfWall"],"picked":"Gatherer:QuickSynthesis","floor":14},{"not_picked":["Gatherer:ScrollOfPurity","Gatherer:CursedBlade"],"picked":"Gatherer:StoneFence","floor":16},{"not_picked":["Gatherer:CarefulStrike","Gatherer:FlowerPower"],"picked":"Gatherer:Liquidism","floor":17},{"not_picked":["Gatherer:EchoOfNature","Gatherer:Herbalism"],"picked":"Gatherer:DrugPower","floor":18},{"not_picked":["Gatherer:CollectorsShot","Gatherer:Liquidism"],"picked":"Gatherer:Frenzy+1","floor":19},{"not_picked":["Gatherer:GatherMaterial","Gatherer:CarefulStrike"],"picked":"Gatherer:RecipeChange","floor":22},{"not_picked":["Gatherer:RecipeChange","Gatherer:ScherryThrow"],"picked":"Gatherer:Photoscythe","floor":23},{"not_picked":["Gatherer:TacticalStrike","Gatherer:GatherMaterial"],"picked":"Gatherer:Convert+1","floor":25},{"not_picked":["Gatherer:Snatch","Gatherer:WoolGloves"],"picked":"Gatherer:SaveValuables","floor":27},{"not_picked":["Gatherer:FlowerShield+1","Gatherer:FlowerPower"],"picked":"Gatherer:Misfortune+1","floor":28},{"not_picked":["Gatherer:Photoscythe","Gatherer:GrowBook"],"picked":"Gatherer:FinishingStrike","floor":33},{"not_picked":["Gatherer:TreeGrowth","Gatherer:Herbalism"],"picked":"Gatherer:BalancedGrowth","floor":35},{"not_picked":["Gatherer:BambuSword","Gatherer:SmartManeuver+1"],"picked":"Gatherer:FruitForce+1","floor":38},{"not_picked":["Gatherer:UpgradeBag+1","Gatherer:AromaProtection+1"],"picked":"Gatherer:FruitForce+1","floor":41}],"player_experience":483811,"relics_obtained":[{"floor":9,"key":"Matryoshka"},{"floor":10,"key":"Garlic"},{"floor":10,"key":"hubris:Reverence"},{"floor":11,"key":"Odd Mushroom"},{"floor":23,"key":"Vajra"},{"floor":26,"key":"Pen Nib"},{"floor":26,"key":"Onion Ring"},{"floor":40,"key":"Mercury Hourglass"},{"floor":41,"key":"Unceasing Top"}],"event_choices":[{"damage_healed":0,"gold_gain":0,"player_choice":"Damaged","damage_taken":7,"max_hp_gain":0,"max_hp_loss":0,"event_name":"Wheel of Change","floor":3,"gold_loss":0},{"damage_healed":0,"gold_gain":75,"player_choice":"Gather Gold","damage_taken":11,"max_hp_gain":0,"max_hp_loss":0,"event_name":"World of Goop","floor":7,"gold_loss":0},{"damage_healed":0,"gold_gain":0,"player_choice":"Fought Mushrooms","damage_taken":0,"max_hp_gain":0,"max_hp_loss":0,"event_name":"Mushrooms","floor":11,"gold_loss":0},{"damage_healed":0,"gold_gain":0,"player_choice":"Entered Light","damage_taken":14,"max_hp_gain":0,"max_hp_loss":0,"event_name":"Shining Light","floor":12,"gold_loss":0,"cards_upgraded":["Gatherer:Defend_Gatherer","Gatherer:Defend_Gatherer"]},{"damage_healed":0,"gold_gain":0,"player_choice":"Opened","damage_taken":0,"relics_obtained":["hubris:SlimyHat"],"max_hp_gain":0,"max_hp_loss":0,"event_name":"The Mausoleum","floor":21,"gold_loss":0},{"damage_healed":0,"gold_gain":0,"cards_transformed":["Gatherer:Strike_Gatherer"],"player_choice":"Transformed","damage_taken":0,"max_hp_gain":0,"max_hp_loss":0,"event_name":"Transmorgrifier","floor":24,"gold_loss":0,"cards_obtained":["Gatherer:CarefulStrike"]},{"damage_healed":0,"gold_gain":0,"player_choice":"HornCleat","damage_taken":0,"relics_obtained":["HornCleat"],"max_hp_gain":0,"max_hp_loss":0,"event_name":"blackbeard:ShipwreckEvent","floor":30,"gold_loss":0},{"cards_removed":["ReplayTheSpireMod:Splinters"],"damage_healed":0,"gold_gain":0,"player_choice":"Elegance","damage_taken":0,"max_hp_gain":0,"max_hp_loss":0,"event_name":"Back to Basics","floor":31,"gold_loss":0},{"damage_healed":0,"gold_gain":0,"player_choice":"1 cards matched","damage_taken":0,"max_hp_gain":0,"max_hp_loss":0,"event_name":"Match and Keep!","floor":37,"gold_loss":0,"cards_obtained":["Gatherer:ScrollOfPurity"]}],"is_beta":false,"boss_relics":[{"not_picked":["Astrolabe","hubris:RunicObelisk"],"picked":"Tiny House"},{"not_picked":["ReplayTheSpireMod:DimensionalGlitch","Runic Pyramid"],"picked":"Philosopher\u0027s Stone"}],"items_purged_floors":[],"is_endless":false,"potions_floor_spawned":[1,4,5,14,18,23,33,41],"killed_by":"Maw","ascension_level":0}}