{"host":"08t08ld674si40tv","time":1612588169,"event":{"mods":["AchievementEnabler","BaseMod","Colored Map","Minty Spire (QoL Compilation)","StSLib","SuperFastMode"],"gold_per_floor":[116,116,116,4,1004,1004,1024,1036,1036,3,3,17,17,49,49,121,121,137,28,46,46,46,76,76,104,131,131,143,143,161,173,173,245,245,245,261,261,274,13,46,99,126,150,167,199,136,136,155,155,155,155,155,155,16,46,46],"floor_reached":57,"language":"KOR","playtime":1467,"items_purged":["Defend_G","Strike_G","Strike_G","Strike_G"],"score":3506,"play_id":"8226bd84-33f1-4e71-b432-2f2b32a9d55e","local_time":"20210206140929","is_ascension_mode":true,"campfire_choices":[{"data":"Storm of Steel","floor":6,"key":"SMITH"},{"data":"Accuracy","floor":11,"key":"SMITH"},{"data":"Cloak And Dagger","floor":13,"key":"SMITH"},{"data":"Infinite Blades","floor":15,"key":"SMITH"},{"data":"Neutralize","floor":24,"key":"SMITH"},{"data":"Backflip","floor":27,"key":"SMITH"},{"data":"Tactician","floor":29,"key":"SMITH"},{"data":"Adrenaline","floor":32,"key":"SMITH"},{"data":"Survivor","floor":47,"key":"SMITH"},{"floor":49,"key":"RECALL"},{"data":"Defend_G","floor":53,"key":"SMITH"}],"circlet_count":0,"master_deck":["AscendersBane","Strike_G","Defend_G+1","Defend_G","Survivor+1","Neutralize+1","Storm of Steel+1","Tactician+1","Accuracy+1","Infinite Blades+1","Cloak And Dagger+1","A Thousand Cuts+1","Backflip+1","Reflex+1","Adrenaline+1","Envenom+1","Accuracy+1","Cloak And Dagger+1","Escape Plan+1"],"relics":["Ring of the Snake","The Courier","Membership Card","TungstenRod","Question Card","Tiny Chest","Singing Bowl","Calipers","Mummified Hand","Ornamental Fan","Molten Egg 2","Frozen Egg 2","Bronze Scales","OrangePellets","White Beast Statue","InkBottle","Shuriken","Eternal Feather","Thread and Needle","Pear","Toy Ornithopter","Black Star","Tough Bandages","Ice Cream","Paper Crane","Anchor","The Specimen","Gremlin Horn","Pen Nib","Incense Burner","Bird Faced Urn","Lizard Tail","Mercury Hourglass","Strawberry","Nunchaku","Kunai","Bottled Tornado","StoneCalendar","MealTicket","Bottled Lightning","Blood Vial","Orrery","Centennial Puzzle","Akabeko"],"acts_visited":["Exordium","TheCity","TheBeyond","TheEnding"],"potions_floor_usage":[14,20,25,30,31,33,35,45,56],"damage_taken":[{"damage":7,"enemies":"2 Louse","floor":1,"turns":3},{"damage":0,"enemies":"Jaw Worm","floor":7,"turns":3},{"damage":0,"enemies":"Cultist","floor":8,"turns":3},{"damage":0,"enemies":"Lots of Slimes","floor":12,"turns":3},{"damage":10,"enemies":"Lagavulin","floor":14,"turns":5},{"damage":22,"enemies":"The Guardian","floor":16,"turns":10},{"damage":0,"enemies":"2 Thieves","floor":18,"turns":2},{"damage":0,"enemies":"Shell Parasite","floor":20,"turns":3},{"damage":14,"enemies":"Gremlin Leader","floor":23,"turns":5},{"damage":10,"enemies":"Slavers","floor":25,"turns":3},{"damage":0,"enemies":"Centurion and Healer","floor":28,"turns":4},{"damage":13,"enemies":"Cultist and Chosen","floor":30,"turns":4},{"damage":3,"enemies":"Snake Plant","floor":31,"turns":3},{"damage":0,"enemies":"Collector","floor":33,"turns":4},{"damage":0,"enemies":"3 Shapes","floor":35,"turns":1},{"damage":0,"enemies":"3 Darklings","floor":36,"turns":3},{"damage":21,"enemies":"4 Shapes","floor":38,"turns":4},{"damage":1,"enemies":"Nemesis","floor":40,"turns":7},{"damage":0,"enemies":"Giant Head","floor":42,"turns":3},{"damage":0,"enemies":"Writhing Mass","floor":44,"turns":2},{"damage":0,"enemies":"Reptomancer","floor":45,"turns":1},{"damage":0,"enemies":"Jaw Worm Horde","floor":48,"turns":2},{"damage":0,"enemies":"Awakened One","floor":50,"turns":6},{"damage":0,"enemies":"Time Eater","floor":51,"turns":4},{"damage":0,"enemies":"Shield and Spear","floor":55,"turns":3},{"damage":37,"enemies":"The Heart","floor":56,"turns":6}],"seed_played":"-8409834048132119828","potions_obtained":[{"floor":8,"key":"Energy Potion"},{"floor":12,"key":"FearPotion"},{"floor":14,"key":"AttackPotion"},{"floor":20,"key":"Ancient Potion"},{"floor":25,"key":"FearPotion"},{"floor":28,"key":"SkillPotion"},{"floor":30,"key":"Swift Potion"},{"floor":31,"key":"FairyPotion"},{"floor":33,"key":"SmokeBomb"},{"floor":36,"key":"Ancient Potion"},{"floor":42,"key":"DistilledChaos"},{"floor":45,"key":"Strength Potion"}],"is_trial":false,"path_per_floor":["M","?","?","$","T","R","M","M","T","$","R","M","R","E","R","B",null,"M","$","M","?","T","E","R","E","T","R","M","R","M","M","R","B",null,"M","M","?","M","$","E","T","E","T","M","E","$","R","M","R","B","B",null,"R","$","E","B",null],"character_chosen":"THE_SILENT","items_purchased":["Accuracy","Question Card","Tiny Chest","Singing Bowl","Calipers","Mummified Hand","Ornamental Fan","Molten Egg 2","Frozen Egg 2","Bronze Scales","OrangePellets","White Beast Statue","Shuriken","Tough Bandages","Ice Cream","Paper Crane","Anchor","The Specimen","Gremlin Horn","Pen Nib","Incense Burner","Bird Faced Urn","Lizard Tail","Mercury Hourglass","Strawberry","Orrery"],"campfire_rested":0,"item_purchase_floors":[4,10,10,10,10,10,10,10,10,10,10,10,19,39,39,39,39,39,39,39,39,39,39,39,39,54],"current_hp_per_floor":[52,52,45,45,45,45,45,45,45,45,45,47,47,39,39,17,57,59,59,61,41,41,29,38,38,38,47,47,56,50,52,61,66,86,91,91,91,70,77,88,88,100,100,106,108,108,108,110,110,110,110,110,110,120,122,85],"gold":46,"neow_bonus":"TRANSFORM_CARD","is_daily":false,"chose_seed":false,"campfire_upgraded":10,"win_rate":0.0,"timestamp":1612588169,"path_taken":["M","?","?","$","?","R","M","M","T","$","R","?","R","E","R","BOSS","M","$","?","?","?","E","R","E","T","R","M","R","M","?","R","BOSS","M","M","?","M","?","E","?","E","T","?","E","?","R","M","R","BOSS","BOSS","R","$","E","BOSS"],"items_purchased_type":["Card","Relic","Relic","Relic","Relic","Relic","Relic","Relic","Relic","Relic","Relic","Relic","Relic","Relic","Relic","Relic","Relic","Relic","Relic","Relic","Relic","Relic","Relic","Relic","Relic","Relic"],"build_version":"2020-12-22","purchased_purges":4,"victory":true,"max_hp_per_floor":[66,66,66,66,66,66,66,66,66,66,66,68,68,70,70,70,70,72,72,74,79,79,81,81,91,91,91,91,91,93,93,93,93,93,93,93,93,93,100,102,102,104,104,106,108,108,108,110,110,110,110,110,110,120,122,122],"card_choices":[{"not_picked":["PiercingWail","Prepared"],"picked":"Tactician","floor":1},{"not_picked":["Heel Hook","Flying Knee"],"picked":"Infinite Blades","floor":7},{"not_picked":["Quick Slash","Deadly Poison"],"picked":"Cloak And Dagger","floor":8},{"not_picked":["Concentrate","Tactician","Dodge and Roll","Noxious Fumes+1"],"picked":"Singing Bowl","floor":12},{"not_picked":["Dodge and Roll","Slice+1","All Out Attack+1","Burst"],"picked":"Singing Bowl","floor":14},{"not_picked":["Glass Knife+1","Burst","Malaise"],"picked":"A Thousand Cuts+1","floor":16},{"not_picked":["Dodge and Roll","Deflect","Slice+1","Outmaneuver"],"picked":"Singing Bowl","floor":18},{"not_picked":["Dagger Spray+1","Underhanded Strike+1","Flying Knee+1","PiercingWail"],"picked":"Singing Bowl","floor":20},{"not_picked":["Noxious Fumes+1","Footwork+1","Dagger Throw+1","Distraction"],"picked":"Singing Bowl","floor":23},{"not_picked":["Wraith Form v2+1","Bouncing Flask+1","Dodge and Roll+1"],"picked":"Backflip","floor":25},{"not_picked":["Acrobatics","PiercingWail","Sucker Punch+1"],"picked":"Reflex+1","floor":28},{"not_picked":["Bane+1","Flying Knee+1","Deflect","Choke+1"],"picked":"Singing Bowl","floor":30},{"not_picked":["Finisher+1","Outmaneuver","Deflect"],"picked":"Adrenaline","floor":31},{"not_picked":["Tools of the Trade+1","Unload+1","Glass Knife+1"],"picked":"Envenom+1","floor":33},{"not_picked":["Masterful Stab+1","Slice+1","Dodge and Roll"],"picked":"Accuracy+1","floor":36},{"not_picked":["Dagger Throw+1","Dodge and Roll+1","Dash+1"],"picked":"Escape Plan+1","floor":38},{"not_picked":["Dash+1","Slice+1","PiercingWail","All Out Attack+1"],"picked":"Singing Bowl","floor":40},{"not_picked":["PiercingWail","Dagger Spray+1","Choke+1","Tools of the Trade+1"],"picked":"Singing Bowl","floor":42},{"not_picked":["Poisoned Stab+1","Backstab+1","Masterful Stab+1","Blade Dance"],"picked":"Singing Bowl","floor":44},{"not_picked":["All Out Attack+1","Endless Agony+1","Sucker Punch+1","Dagger Throw+1"],"picked":"Singing Bowl","floor":45},{"not_picked":["Caltrops+1","Setup","Flying Knee+1","Infinite Blades+1"],"picked":"Singing Bowl","floor":48},{"not_picked":["Underhanded Strike+1","Dodge and Roll","Die Die Die+1","Choke+1"],"picked":"Singing Bowl","floor":54},{"not_picked":["Cloak And Dagger+1","Setup","Outmaneuver","Blur"],"picked":"Singing Bowl","floor":54},{"not_picked":["PiercingWail","Dagger Spray+1","Bane+1","Deadly Poison"],"picked":"Singing Bowl","floor":54},{"not_picked":["Backflip","Backstab+1","Caltrops+1","Outmaneuver"],"picked":"Singing Bowl","floor":54},{"not_picked":["Prepared","Well Laid Plans+1","Heel Hook+1","A Thousand Cuts+1"],"picked":"Singing Bowl","floor":54},{"not_picked":["Blade Dance","Endless Agony+1","Well Laid Plans+1","Choke+1"],"picked":"Singing Bowl","floor":55}],"player_experience":290985,"relics_obtained":[{"floor":5,"key":"The Courier"},{"floor":9,"key":"TungstenRod"},{"floor":14,"key":"InkBottle"},{"floor":22,"key":"Eternal Feather"},{"floor":23,"key":"Thread and Needle"},{"floor":25,"key":"Pear"},{"floor":26,"key":"Toy Ornithopter"},{"floor":40,"key":"Nunchaku"},{"floor":40,"key":"Kunai"},{"floor":42,"key":"Bottled Tornado"},{"floor":42,"key":"StoneCalendar"},{"floor":43,"key":"MealTicket"},{"floor":45,"key":"Bottled Lightning"},{"floor":45,"key":"Blood Vial"},{"floor":55,"key":"Centennial Puzzle"},{"floor":55,"key":"Akabeko"}],"event_choices":[{"cards_removed":["Strike_G"],"damage_healed":0,"gold_gain":0,"player_choice":"Forget","damage_taken":0,"max_hp_gain":0,"max_hp_loss":0,"event_name":"Living Wall","floor":2,"gold_loss":0},{"cards_removed":["Defend_G"],"damage_healed":0,"gold_gain":0,"player_choice":"Card Removal","damage_taken":7,"max_hp_gain":0,"max_hp_loss":0,"event_name":"Golden Wing","floor":3,"gold_loss":0},{"damage_healed":0,"gold_gain":0,"player_choice":"Shed Blood","damage_taken":26,"max_hp_gain":5,"max_hp_loss":0,"event_name":"Forgotten Altar","floor":21,"gold_loss":0},{"damage_healed":0,"gold_gain":0,"player_choice":"Copied","damage_taken":0,"max_hp_gain":0,"max_hp_loss":0,"event_name":"Duplicator","floor":37,"gold_loss":0,"cards_obtained":["Cloak And Dagger"]}],"is_beta":false,"boss_relics":[{"not_picked":["Busted Crown","Velvet Choker","Snecko Eye"]},{"not_picked":["Runic Dome","Runic Pyramid"],"picked":"Black Star"}],"items_purged_floors":[4,39,46,54],"is_endless":false,"potions_floor_spawned":[8,12,14,16,18,20,23,25,28,30,31,33,35,36,38,40,42,44,45,48,55],"ascension_level":20}}