{"host":"22ezjknwheybwqtz","time":1612611207,"event":{"mods":["BaseMod","Downfall","Minty Spire (QoL Compilation)","Shop Mod","StSLib","The Dragon Tamer"],"gold_per_floor":[349,361,361,374,384,244,296,344,363,154,54,72,91,110,121,121,121,121],"floor_reached":16,"language":"ENG","playtime":550,"items_purged":["DTMod:TargetDefense","DTMod:CleansingStrike"],"score":96,"play_id":"33ec102a-7614-4f9c-982b-9cebaf088c7f","local_time":"20210206193327","is_ascension_mode":false,"metric_token":403,"campfire_choices":[{"floor":1,"key":"RECALL"},{"floor":11,"key":"REST"}],"dtmod_dragon_data":[41,50,-1,-1,0,0],"circlet_count":0,"master_deck":["DTMod:Strike","DTMod:Strike","DTMod:Strike","DTMod:Strike","DTMod:DoubleHit","DTMod:TargetDefense","DTMod:TargetDefense","DTMod:TargetDefense","DTMod:SwitchingTactic","DTMod:CleansingStrike","DTMod:MagiciansMark","DTMod:BlazingStrike","DTMod:ComboAttack","DTMod:Dissolve","DTMod:FlameSlash","DTMod:InvisibleFlame","DTMod:Feint","DTMod:Weaken","DTMod:BlazingStrike","DTMod:HeatWave","DTMod:TauntingStrike"],"relics":["DTMod:PactStone","Nunchaku","Oddly Smooth Stone","downfall:HeartBlessingRed"],"acts_visited":["Exordium"],"potions_floor_usage":[16],"damage_taken":[{"damage":5,"enemies":"Small Slimes","floor":2,"turns":4},{"damage":0,"enemies":"Cultist","floor":4,"turns":3},{"damage":1,"enemies":"Jaw Worm","floor":5,"turns":3},{"damage":0,"enemies":"downfall:FleeingMerchant","floor":6,"turns":4},{"damage":0,"enemies":"Large Slime","floor":9,"turns":3},{"damage":10,"enemies":"downfall:FleeingMerchant","floor":10,"turns":4},{"damage":7,"enemies":"Blue Slaver","floor":12,"turns":3},{"damage":5,"enemies":"Exordium Wildlife","floor":13,"turns":2},{"damage":0,"enemies":"Exordium Thugs","floor":14,"turns":2},{"damage":3,"enemies":"Large Slime","floor":15,"turns":4},{"damage":16,"enemies":"IC_STATUS_ARCHETYPE","floor":16,"turns":2}],"seed_played":"9071709912665189576","potions_obtained":[{"floor":5,"key":"DuplicationPotion"},{"floor":12,"key":"Weak Potion"},{"floor":13,"key":"SkillPotion"},{"floor":14,"key":"Fire Potion"}],"is_trial":false,"path_per_floor":["R","M","?","M","M","$","T","T","M","$","R","M","M","M","M","B"],"character_chosen":"THE_DT","items_purchased":["DTMod:ComboAttack","DTMod:InvisibleFlame","DTMod:Feint"],"campfire_rested":1,"item_purchase_floors":[6,10,10],"current_hp_per_floor":[33,28,28,28,27,27,27,27,27,17,30,23,18,18,15,0,0,0],"gold":121,"neow_bonus":"TWO_FIFTY_GOLD","is_daily":false,"chose_seed":false,"campfire_upgraded":0,"win_rate":0.0,"timestamp":1612611207,"path_taken":["R","M","?","?","?","?","T","?","M","$","R","M","M","M","M","BOSS"],"items_purchased_type":["Card","Card","Card"],"build_version":"2020-12-22","purchased_purges":2,"victory":false,"max_hp_per_floor":[45,45,45,45,45,45,45,45,45,45,45,45,45,45,45,45,45,45],"card_choices":[{"not_picked":["DTMod:CalculatedDefense","DTMod:ShieldDrain"],"picked":"DTMod:CleansingStrike","floor":2},{"not_picked":["DTMod:BizarreTactic","DTMod:Feint"],"picked":"DTMod:MagiciansMark","floor":4},{"not_picked":["DTMod:HeatWave","DTMod:CleansingStrike"],"picked":"DTMod:BlazingStrike","floor":5},{"not_picked":["DTMod:CrossStep","DTMod:Cover","DTMod:QuickFly"],"picked":"SKIP","floor":6},{"not_picked":["DTMod:WarmUp","DTMod:TauntingStrike"],"picked":"DTMod:Dissolve","floor":9},{"not_picked":["DTMod:Punisher","DTMod:QuickFly"],"picked":"DTMod:FlameSlash","floor":10},{"not_picked":["DTMod:Cover","DTMod:MasterPlan"],"picked":"DTMod:Weaken","floor":12},{"not_picked":["DTMod:Cover","DTMod:CalculatedDefense"],"picked":"DTMod:BlazingStrike","floor":13},{"not_picked":["DTMod:Outburst","DTMod:Feint"],"picked":"DTMod:HeatWave","floor":14},{"not_picked":["DTMod:FlameSlash","DTMod:BlueScale"],"picked":"DTMod:TauntingStrike","floor":15}],"player_experience":104077,"relics_obtained":[{"floor":7,"key":"Nunchaku"},{"floor":8,"key":"Oddly Smooth Stone"}],"event_choices":[],"is_beta":false,"boss_relics":[],"items_purged_floors":[6,10],"is_endless":false,"potions_floor_spawned":[5,12,13,14,15],"killed_by":"IC_STATUS_ARCHETYPE","ascension_level":0}}