{"host":"8am31i0j9qpslrrv","time":1612576217,"event":{"mods":["BaseMod","Curses Come First","Minty Spire (QoL Compilation)","Quick Restart","Replay The Spire","StSLib"],"gold_per_floor":[116,216,59,71,81,108,108,127,127,154,154,154,154,166,166,267,267,277,277,294,219,239,239,12,42,65,65,65,65,81,97,97,194,194,214,214,114,133,185,220,220,248,274,303,315,352,384,460,472,484,496,508,76,108,108],"floor_reached":56,"language":"ENG","playtime":2582,"items_purged":["Defend_P","Strike_P","Strike_P+1"],"score":1588,"play_id":"f06ef23e-d8f7-4c57-834c-7b5004148325","local_time":"20210205205017","is_ascension_mode":false,"campfire_choices":[{"data":"Wallop","floor":7.0,"key":"SMITH"},{"data":"Tantrum","floor":13.0,"key":"SMITH"},{"data":"Eruption","floor":15.0,"key":"PURGE"},{"data":"WreathOfFlame","floor":23.0,"key":"SMITH"},{"data":"Grand Finale","floor":28.0,"key":"SMITH"},{"data":"Replay:AllIn","floor":32.0,"key":"SMITH"},{"floor":45.0,"key":"RECALL"},{"floor":49.0,"key":"REST"},{"floor":52.0,"key":"REST"}],"circlet_count":0,"master_deck":["Vigilance+1","Tantrum+1","Replay:AllIn+1","Wallop+1","WreathOfFlame+1","Omniscience+1","Grand Finale+1","Adaptation"],"relics":["Dream Catcher","StrikeDummy","White Beast Statue","Replay:M_StaffOfTheSnake","Empty Cage","Bag of Preparation","Tiny Chest","Replay:Baseball","Philosopher\u0027s Stone","Singing Bowl","Gremlin Food","MawBank","Darkstone Periapt","Pen Nib","Replay:Bottled Steam","Toy Ornithopter"],"acts_visited":["Exordium","TheCity","TheBeyond","TheEnding"],"potions_floor_usage":[55],"damage_taken":[{"damage":1.0,"enemies":"2 Louse","floor":1.0,"turns":3.0},{"damage":0.0,"enemies":"Cultist","floor":4.0,"turns":2.0},{"damage":0.0,"enemies":"Small Slimes","floor":5.0,"turns":2.0},{"damage":5.0,"enemies":"Lagavulin","floor":6.0,"turns":5.0},{"damage":0.0,"enemies":"Exordium Thugs","floor":8.0,"turns":2.0},{"damage":1.0,"enemies":"3 Sentries","floor":10.0,"turns":3.0},{"damage":0.0,"enemies":"Large Slime","floor":14.0,"turns":2.0},{"damage":38.0,"enemies":"Hexaghost","floor":16.0,"turns":6.0},{"damage":0.0,"enemies":"Spheric Guardian","floor":18.0,"turns":3.0},{"damage":2.0,"enemies":"Shell Parasite","floor":20.0,"turns":2.0},{"damage":16.0,"enemies":"Snake Plant","floor":22.0,"turns":2.0},{"damage":0.0,"enemies":"Gremlin Leader","floor":25.0,"turns":2.0},{"damage":0.0,"enemies":"Shelled Parasite and Fungi","floor":30.0,"turns":1.0},{"damage":0.0,"enemies":"Centurion and Healer","floor":31.0,"turns":1.0},{"damage":0.0,"enemies":"Collector","floor":33.0,"turns":2.0},{"damage":0.0,"enemies":"3 Darklings","floor":35.0,"turns":2.0},{"damage":0.0,"enemies":"Orb Walker","floor":38.0,"turns":1.0},{"damage":0.0,"enemies":"R_Hoarder","floor":40.0,"turns":2.0},{"damage":0.0,"enemies":"Reptomancer","floor":42.0,"turns":1.0},{"damage":0.0,"enemies":"Sphere and 2 Shapes","floor":44.0,"turns":1.0},{"damage":0.0,"enemies":"R_Hoarder","floor":46.0,"turns":2.0},{"damage":0.0,"enemies":"Jaw Worm Horde","floor":47.0,"turns":1.0},{"damage":78.0,"enemies":"Time Eater","floor":50.0,"turns":5.0},{"damage":0.0,"enemies":"Shield and Spear","floor":54.0,"turns":1.0},{"damage":93,"enemies":"The Heart","floor":55,"turns":5}],"seed_played":"-1101191430912054054","potions_obtained":[{"floor":4.0,"key":"SkillPotion"},{"floor":5.0,"key":"Elixir"},{"floor":6.0,"key":"SteroidPotion"},{"floor":14.0,"key":"ColorlessPotion"},{"floor":16.0,"key":"Dexterity Potion"},{"floor":18.0,"key":"Block Potion"},{"floor":20.0,"key":"Ancient Potion"},{"floor":22.0,"key":"SpeedPotion"},{"floor":25.0,"key":"Doom Potion"},{"floor":31.0,"key":"EssenceOfSteel"},{"floor":35.0,"key":"BottledMiracle"},{"floor":40.0,"key":"CultistPotion"},{"floor":42.0,"key":"SkillPotion"},{"floor":46.0,"key":"SteroidPotion"},{"floor":48.0,"key":"Ambrosia"},{"floor":54.0,"key":"Ambrosia"}],"is_trial":false,"path_per_floor":["M","?","$","M","M","E","R","M","T","E","?","?","R","M","R","B",null,"M","?","M","?","M","R","$","E","T","$","R","?","M","M","R","B",null,"M","?","$","M","T","E","?","E","T","M","R","E","M","?","R","B",null,"R","$","E","B",null],"character_chosen":"WATCHER","items_purchased":["Replay:AllIn","Bag of Preparation","Adaptation","Replay:Bottled Steam"],"campfire_rested":2,"item_purchase_floors":[3,24,53,53],"current_hp_per_floor":[50,50,50,50,50,45,45,45,45,44,49,49,49,49,49,11,77,77,63,61,61,45,45,45,45,45,45,45,45,45,45,45,45,82,82,82,82,82,82,84,84,86,86,88,88,90,92,94,96,18,96,98,98,100,9],"gold":108,"neow_bonus":"TRANSFORM_TWO_CARDS","is_daily":false,"chose_seed":false,"campfire_upgraded":5,"win_rate":0.0,"timestamp":1612576217,"path_taken":["M","?","$","?","M","E","R","M","T","E","?","?","R","M","R","BOSS","M","?","M","?","M","R","$","E","T","$","R","?","?","M","R","BOSS","M","?","$","M","?","E","?","E","T","?","R","E","M","?","R","BOSS","R","$","E","BOSS"],"items_purchased_type":["Card","Relic","Card","Relic"],"build_version":"2020-12-22","purchased_purges":3,"victory":true,"max_hp_per_floor":[72,72,72,72,72,72,72,72,72,72,77,77,77,77,77,77,77,77,82,82,82,82,82,82,82,82,82,82,82,82,82,82,82,82,82,82,82,82,82,84,84,86,86,88,88,90,92,94,96,96,96,98,98,100,100],"card_choices":[{"not_picked":["Halt","MentalFortress","Replay:BluntJabs"],"picked":"SKIP","floor":1.0},{"not_picked":["Study","Crescendo","Nirvana"],"picked":"SKIP","floor":4.0},{"not_picked":["PathToVictory","Evaluate","Replay:BluntJabs"],"picked":"SKIP","floor":5.0},{"not_picked":["Perseverance","CutThroughFate"],"picked":"Wallop","floor":6.0},{"not_picked":["Vengeance","Perseverance"],"picked":"WreathOfFlame","floor":8.0},{"not_picked":["MentalFortress","Conclude"],"picked":"Omniscience","floor":10.0},{"not_picked":["Consecrate","Replay:BluntJabs","Acrobatics"],"picked":"SKIP","floor":14.0},{"not_picked":["Tools of the Trade","Brilliance"],"picked":"Grand Finale","floor":16.0},{"not_picked":["SashWhip","WheelKick","Tantrum"],"picked":"SKIP","floor":18.0},{"not_picked":["Vengeance","Halt","WaveOfTheHand"],"picked":"SKIP","floor":20.0},{"not_picked":["Consecrate","DeceiveReality","FollowUp+1"],"picked":"SKIP","floor":22.0},{"not_picked":["Consecrate","DeceiveReality","FollowUp+1"],"picked":"SKIP","floor":22.0},{"not_picked":["MentalFortress","EmptyFist","ThirdEye"],"picked":"SKIP","floor":25.0},{"not_picked":["Wallop","Replay:Vibes","DeceiveReality+1"],"picked":"SKIP","floor":30.0},{"not_picked":["FlyingSleeves","Replay:AtTheReady","Predator+1"],"picked":"SKIP","floor":31.0},{"not_picked":["FlyingSleeves","Replay:AtTheReady","Predator+1"],"picked":"SKIP","floor":31.0},{"not_picked":["Replay:BluntJabs+1","CrushJoints+1","FlurryOfBlows"],"picked":"SKIP","floor":35.0},{"not_picked":["ThirdEye+1","Prostrate+1","Collect+1"],"picked":"SKIP","floor":38.0},{"not_picked":["Sanctity","Pray","Crescendo"],"picked":"Singing Bowl","floor":40.0},{"not_picked":["BowlingBash","Collect","CutThroughFate"],"picked":"Singing Bowl","floor":42.0},{"not_picked":["ClearTheMind+1","EmptyBody+1","Replay:ManipulateFuture"],"picked":"Singing Bowl","floor":44.0},{"not_picked":["EmptyBody","Setup","FearNoEvil"],"picked":"Singing Bowl","floor":46.0},{"not_picked":["Protect","CrushJoints","Replay:Vibes+1"],"picked":"Singing Bowl","floor":47.0},{"not_picked":["JustLucky+1","SignatureMove+1","Prostrate+1"],"picked":"Singing Bowl","floor":48.0},{"not_picked":["Replay:BluntJabs","Tantrum","Replay:AtTheReady+1"],"picked":"Singing Bowl","floor":49.0},{"not_picked":["Replay:LoomingThreat","Wallop+1","Crescendo"],"picked":"Singing Bowl","floor":52.0},{"not_picked":["CarveReality+1","Weave","SashWhip"],"picked":"Singing Bowl","floor":54.0}],"player_experience":785342,"relics_obtained":[{"floor":6.0,"key":"Dream Catcher"},{"floor":9.0,"key":"StrikeDummy"},{"floor":10.0,"key":"White Beast Statue"},{"floor":25.0,"key":"Tiny Chest"},{"floor":26.0,"key":"Replay:Baseball"},{"floor":40.0,"key":"Singing Bowl"},{"floor":42.0,"key":"Gremlin Food"},{"floor":43.0,"key":"MawBank"},{"floor":46.0,"key":"Darkstone Periapt"},{"floor":48.0,"key":"Pen Nib"},{"floor":54.0,"key":"Toy Ornithopter"}],"event_choices":[{"damage_healed":0.0,"max_hp_gain":0.0,"max_hp_loss":0.0,"gold_gain":100.0,"event_name":"Golden Shrine","player_choice":"Pray","floor":2.0,"gold_loss":0.0,"damage_taken":0.0},{"damage_healed":0.0,"max_hp_gain":5.0,"max_hp_loss":0.0,"gold_gain":0.0,"event_name":"Big Fish","player_choice":"Donut","floor":11.0,"gold_loss":0.0,"damage_taken":0.0},{"damage_healed":0.0,"max_hp_gain":5.0,"max_hp_loss":0.0,"gold_gain":0.0,"event_name":"Forgotten Altar","player_choice":"Shed Blood","floor":19.0,"gold_loss":0.0,"damage_taken":19.0},{"cards_removed":["FollowUp"],"damage_healed":0.0,"max_hp_gain":0.0,"max_hp_loss":0.0,"gold_gain":0.0,"event_name":"Beggar","player_choice":"Gave Gold","floor":21.0,"gold_loss":75.0,"damage_taken":0.0},{"damage_healed":0.0,"max_hp_gain":0.0,"max_hp_loss":0.0,"gold_gain":0.0,"event_name":"Accursed Blacksmith","player_choice":"Forge","floor":29.0,"gold_loss":0.0,"damage_taken":0.0,"cards_upgraded":["Vigilance"]},{"cards_removed":["Strike_P"],"damage_healed":0.0,"max_hp_gain":0.0,"max_hp_loss":0.0,"gold_gain":0.0,"event_name":"Falling","player_choice":"Removed Attack","floor":36.0,"gold_loss":0.0,"damage_taken":0.0},{"damage_healed":0.0,"max_hp_gain":0.0,"max_hp_loss":0.0,"gold_gain":0.0,"event_name":"Tomb of Lord Red Mask","player_choice":"Ignored","floor":41.0,"gold_loss":0.0,"damage_taken":0.0}],"is_beta":false,"boss_relics":[{"not_picked":["Replay:Ancient Bell","Abe\u0027s Treasure"],"picked":"Empty Cage"},{"not_picked":["Astrolabe","Runic Dome"],"picked":"Philosopher\u0027s Stone"}],"items_purged_floors":[24,37,53],"is_endless":false,"potions_floor_spawned":[4,5,6,14,16,18,20,22,25,30,31,33,35,38,40,42,44,46,47,54],"ascension_level":0}}