{"host":"7wi4qgm5yw4j7oz0","time":1612634074,"event":{"mods":["AchievementEnabler","BaseMod","Block Reminder","Colored Map","Colored Powertips","Highlight Path","Minty Spire (QoL Compilation)","Permanent Neow","Quick Restart","Random Character Button","Rare Cards Sparkle","StSLib","everything is the same but u backflip on backflip"],"gold_per_floor":[117,129,148,148,167,167,183,183,230,230,243,262,322,333,333,431,431,450,460,522,434,399,399,399],"floor_reached":23,"language":"KOR","playtime":833,"items_purged":[],"score":246,"play_id":"79d82ddb-a123-4295-a21c-cf6fa9f534c3","local_time":"20210207025434","is_ascension_mode":true,"campfire_choices":[{"data":"Mind Blast","floor":6.0,"key":"SMITH"},{"data":"Wild Strike","floor":8.0,"key":"SMITH"},{"data":"Bash","floor":15.0,"key":"SMITH"}],"circlet_count":0,"master_deck":["Strike_R","Strike_R","Strike_R","Strike_R","Strike_R","Defend_R","Defend_R","Defend_R","Defend_R","Bash+1","Mind Blast+1","Wild Strike+1","Power Through","Carnage","Reckless Charge","Feel No Pain","Wild Strike","Dark Embrace","Sever Soul","Armaments","Jack Of All Trades"],"relics":["Burning Blood","Self Forming Clay","Vajra","SsserpentHead","Cursed Key","Regal Pillow"],"acts_visited":["Exordium","TheCity"],"potions_floor_usage":[18,19],"damage_taken":[{"damage":6.0,"enemies":"Cultist","floor":1.0,"turns":3.0},{"damage":0.0,"enemies":"Small Slimes","floor":2.0,"turns":3.0},{"damage":3.0,"enemies":"2 Louse","floor":3.0,"turns":3.0},{"damage":8.0,"enemies":"Blue Slaver","floor":5.0,"turns":2.0},{"damage":22.0,"enemies":"Exordium Thugs","floor":7.0,"turns":4.0},{"damage":0.0,"enemies":"2 Fungi Beasts","floor":11.0,"turns":2.0},{"damage":0.0,"enemies":"3 Louse","floor":12.0,"turns":2.0},{"damage":11.0,"enemies":"Looter","floor":13.0,"turns":2.0},{"damage":3.0,"enemies":"Large Slime","floor":14.0,"turns":3.0},{"damage":61.0,"enemies":"Hexaghost","floor":16.0,"turns":9.0},{"damage":17,"enemies":"Shell Parasite","floor":18,"turns":4},{"damage":23,"enemies":"3 Byrds","floor":19,"turns":5},{"damage":32,"enemies":"Sentry and Sphere","floor":20,"turns":6},{"damage":27,"enemies":"Gremlin Leader","floor":23,"turns":4}],"seed_played":"2507027905067150124","potions_obtained":[{"floor":1.0,"key":"Ancient Potion"},{"floor":5.0,"key":"ElixirPotion"},{"floor":7.0,"key":"SkillPotion"},{"floor":12.0,"key":"EssenceOfSteel"},{"floor":19,"key":"BloodPotion"}],"is_trial":false,"path_per_floor":["M","M","M","?","M","R","M","R","T","?","M","M","M","M","R","B",null,"M","M","M","$","?","E"],"character_chosen":"IRONCLAD","items_purchased":["Jack Of All Trades"],"campfire_rested":0,"item_purchase_floors":[21],"current_hp_per_floor":[72,78,80,77,75,75,59,59,59,59,65,71,66,69,69,14,64,53,52,26,26,26,0,0],"gold":399,"neow_bonus":"RANDOM_COLORLESS","is_daily":false,"chose_seed":false,"campfire_upgraded":3,"win_rate":0.0,"timestamp":1612634074,"path_taken":["M","M","M","?","M","R","M","R","T","?","M","M","?","M","R","BOSS","M","M","?","$","?","E"],"items_purchased_type":["Card"],"build_version":"2020-12-22","purchased_purges":0,"victory":false,"max_hp_per_floor":[80,80,80,80,80,80,80,80,80,80,80,80,80,80,80,80,80,80,80,80,80,80,80,80],"card_choices":[{"not_picked":["Trip","Forethought"],"picked":"Mind Blast","floor":0.0},{"not_picked":["Entrench","Body Slam"],"picked":"Wild Strike","floor":1.0},{"not_picked":["Dropkick","Twin Strike"],"picked":"Power Through","floor":2.0},{"not_picked":["Second Wind","Shrug It Off"],"picked":"Carnage","floor":3.0},{"not_picked":["True Grit","Infernal Blade"],"picked":"Reckless Charge","floor":5.0},{"not_picked":["Sword Boomerang","Flex"],"picked":"Feel No Pain","floor":7.0},{"not_picked":["Havoc","Flex","Searing Blow"],"picked":"SKIP","floor":11.0},{"not_picked":["Thunderclap","Pommel Strike"],"picked":"Wild Strike","floor":12.0},{"not_picked":["Warcry","Perfected Strike"],"picked":"Dark Embrace","floor":13.0},{"not_picked":["Dark Embrace","Clash","Thunderclap"],"picked":"SKIP","floor":14.0},{"not_picked":["Shockwave","Thunderclap"],"picked":"Sever Soul","floor":18},{"not_picked":["Anger","Heavy Blade"],"picked":"Armaments","floor":19},{"not_picked":["Inflame","Clash","Heavy Blade"],"picked":"SKIP","floor":20}],"player_experience":248765,"relics_obtained":[{"floor":9.0,"key":"Vajra"}],"event_choices":[{"damage_healed":0.0,"max_hp_gain":0.0,"max_hp_loss":0.0,"gold_gain":0.0,"event_name":"Scrap Ooze","player_choice":"Success","floor":4.0,"gold_loss":0.0,"damage_taken":3.0,"relics_obtained":["Self Forming Clay"]},{"damage_healed":0.0,"max_hp_gain":0.0,"max_hp_loss":0.0,"gold_gain":0.0,"event_name":"FaceTrader","player_choice":"Trade","floor":10.0,"gold_loss":0.0,"damage_taken":0.0,"relics_obtained":["SsserpentHead"]},{"damage_healed":0,"gold_gain":0,"player_choice":"Obtained Relic","damage_taken":0,"relics_obtained":["Regal Pillow"],"max_hp_gain":0,"max_hp_loss":0,"event_name":"Addict","floor":22,"gold_loss":85}],"is_beta":false,"boss_relics":[{"not_picked":["Busted Crown","Black Blood"],"picked":"Cursed Key"}],"items_purged_floors":[],"is_endless":false,"potions_floor_spawned":[1,5,7,11,12,13,19],"killed_by":"Gremlin Leader","ascension_level":6}}