{"host":"sav7uxregyirlf69","time":1612601027,"event":{"mods":["AchievementEnabler","BaseMod","Colored Map","DeckTracker","Keyboard Shortcuts","Minty Spire (QoL Compilation)","READ ME - Guardian Mod","StSLib","SuperFastMode"],"gold_per_floor":[111,111,124,65,115,115,145,145,169,185,195,213,242,284,284,358,358,371,419,110,110,128,163,183,211,211,211,224,224,224,258,258,329,329,349,82,93,108,330,361,361,361,361,389,404,421,455,465,465,465,465],"floor_reached":50,"language":"KOR","playtime":1289,"items_purged":["Strike_G","Strike_G"],"score":1289,"play_id":"a7d7db2f-05e2-4c26-9a94-0c46f74c306a","local_time":"20210206174347","is_ascension_mode":true,"campfire_choices":[{"data":"Dagger Spray","floor":6.0,"key":"SMITH"},{"data":"Neutralize","floor":8.0,"key":"SMITH"},{"data":"Adrenaline","floor":15.0,"key":"SMITH"},{"floor":27.0,"key":"REST"},{"data":"Apotheosis","floor":29.0,"key":"SMITH"},{"floor":32.0,"key":"REST"},{"floor":41.0,"key":"REST"},{"floor":49.0,"key":"RECALL"}],"circlet_count":0,"master_deck":["AscendersBane","Strike_G","Strike_G","Strike_G","Defend_G","Defend_G","Defend_G","Defend_G","Defend_G","Survivor","Neutralize+1","Dagger Throw","Adrenaline+1","Backflip","Quick Slash","Poisoned Stab","Infinite Blades","Burst","Footwork+1","Blade Dance","Apotheosis+1","Backflip","Dodge and Roll+1","Noxious Fumes+1","Adrenaline","Blade Dance+1","Blur+1","Escape Plan","Acrobatics+1","Escape Plan","Calculated Gamble"],"relics":["Ring of the Snake","NeowsBlessing","Potion Belt","Art of War","PreservedInsect","Kunai","Black Star","Shuriken","Akabeko","Torii","Red Mask","Centennial Puzzle","Happy Flower","WristBlade","StrikeDummy","Bag of Marbles","Orichalcum","Pantograph","Question Card","Bottled Lightning","Mummified Hand"],"acts_visited":["Exordium","TheCity","TheBeyond"],"potions_floor_usage":[50,50,50],"damage_taken":[{"damage":0.0,"enemies":"Small Slimes","floor":1.0,"turns":1.0},{"damage":0.0,"enemies":"Cultist","floor":3.0,"turns":1.0},{"damage":0.0,"enemies":"Lagavulin","floor":7.0,"turns":1.0},{"damage":0.0,"enemies":"Jaw Worm","floor":10.0,"turns":4.0},{"damage":13.0,"enemies":"Lots of Slimes","floor":11.0,"turns":3.0},{"damage":1.0,"enemies":"Red Slaver","floor":12.0,"turns":4.0},{"damage":10.0,"enemies":"3 Sentries","floor":13.0,"turns":4.0},{"damage":8.0,"enemies":"Exordium Thugs","floor":14.0,"turns":4.0},{"damage":18.0,"enemies":"Slime Boss","floor":16.0,"turns":9.0},{"damage":15.0,"enemies":"Chosen","floor":18.0,"turns":7.0},{"damage":17.0,"enemies":"Shell Parasite","floor":22.0,"turns":7.0},{"damage":5.0,"enemies":"Book of Stabbing","floor":23.0,"turns":5.0},{"damage":1.0,"enemies":"Snecko","floor":24.0,"turns":6.0},{"damage":0.0,"enemies":"Masked Bandits","floor":25.0,"turns":2.0},{"damage":3.0,"enemies":"3 Cultists","floor":28.0,"turns":4.0},{"damage":12.0,"enemies":"Slavers","floor":31.0,"turns":5.0},{"damage":16.0,"enemies":"Champ","floor":33.0,"turns":16.0},{"damage":1.0,"enemies":"3 Darklings","floor":35.0,"turns":5.0},{"damage":6.0,"enemies":"Orb Walker","floor":37.0,"turns":2.0},{"damage":6.0,"enemies":"Jaw Worm Horde","floor":38.0,"turns":5.0},{"damage":24.0,"enemies":"Giant Head","floor":40.0,"turns":5.0},{"damage":23.0,"enemies":"Reptomancer","floor":44.0,"turns":5.0},{"damage":0.0,"enemies":"Sphere and 2 Shapes","floor":45.0,"turns":5.0},{"damage":0.0,"enemies":"Maw","floor":46.0,"turns":6.0},{"damage":0.0,"enemies":"Giant Head","floor":47.0,"turns":5.0},{"damage":0.0,"enemies":"Spire Growth","floor":48.0,"turns":4.0},{"damage":66,"enemies":"Time Eater","floor":50,"turns":15}],"seed_played":"-2510882069477573339","potions_obtained":[{"floor":3.0,"key":"Strength Potion"},{"floor":10.0,"key":"ColorlessPotion"},{"floor":13.0,"key":"BlessingOfTheForge"},{"floor":14.0,"key":"SpeedPotion"},{"floor":16.0,"key":"PowerPotion"},{"floor":24.0,"key":"Explosive Potion"},{"floor":28.0,"key":"LiquidMemories"},{"floor":35.0,"key":"PowerPotion"},{"floor":46.0,"key":"Dexterity Potion"},{"floor":47.0,"key":"SpeedPotion"},{"floor":48.0,"key":"LiquidMemories"}],"is_trial":false,"path_per_floor":["M","?","M","$","?","R","E","R","T","M","M","M","E","M","R","B",null,"M","T","$","T","M","E","M","?","T","R","M","R","?","E","R","B",null,"M","$","M","M","?","E","R","?","T","E","M","M","E","M","R","B"],"character_chosen":"THE_SILENT","items_purchased":["Dagger Throw","Blade Dance","Apotheosis","DuplicationPotion","Regen Potion"],"campfire_rested":3,"item_purchase_floors":[4,20,20,36,36],"current_hp_per_floor":[59,59,59,59,53,53,53,53,53,53,40,39,29,21,21,3,50,35,35,35,35,18,13,12,12,12,31,28,28,28,16,35,19,54,53,53,47,41,41,17,36,36,36,13,28,28,28,28,28,0,0],"gold":465,"neow_bonus":"THREE_ENEMY_KILL","is_daily":false,"chose_seed":false,"campfire_upgraded":4,"win_rate":0.0,"timestamp":1612601027,"path_taken":["M","?","?","$","?","R","E","R","T","?","M","M","E","M","R","BOSS","M","?","$","?","?","E","M","?","T","R","M","R","?","E","R","BOSS","M","$","M","?","?","E","R","?","T","E","M","M","E","M","R","BOSS"],"items_purchased_type":["Card","Card","Card","Potion","Potion"],"build_version":"2020-12-22","purchased_purges":2,"victory":false,"max_hp_per_floor":[66,66,66,66,66,66,66,66,66,66,66,66,66,66,66,66,66,66,66,66,66,66,66,66,66,66,66,66,66,66,66,66,66,66,66,66,66,66,66,66,66,66,66,66,66,66,66,66,66,66,66],"card_choices":[{"not_picked":["PiercingWail","Catalyst"],"picked":"Bouncing Flask","floor":1.0},{"not_picked":["Quick Slash","Wraith Form v2"],"picked":"Dagger Spray","floor":3.0},{"not_picked":["Slice","Backflip"],"picked":"Adrenaline","floor":7.0},{"not_picked":["Cloak And Dagger","Slice"],"picked":"Backflip","floor":10.0},{"not_picked":["Accuracy","Caltrops"],"picked":"Quick Slash","floor":11.0},{"not_picked":["Sucker Punch","Quick Slash"],"picked":"Poisoned Stab","floor":12.0},{"not_picked":["Deflect","Bouncing Flask","Heel Hook"],"picked":"SKIP","floor":13.0},{"not_picked":["Infinite Blades","Prepared","Sucker Punch"],"picked":"SKIP","floor":14.0},{"not_picked":["Prepared","Sucker Punch"],"picked":"Infinite Blades","floor":14.0},{"not_picked":["A Thousand Cuts","Storm of Steel"],"picked":"Burst","floor":16.0},{"not_picked":["Reflex","Catalyst"],"picked":"Footwork+1","floor":18.0},{"not_picked":["Acrobatics","Dagger Throw"],"picked":"Backflip","floor":22.0},{"not_picked":["Dodge and Roll","Outmaneuver","Dagger Spray+1"],"picked":"SKIP","floor":23.0},{"not_picked":["Outmaneuver","Dagger Spray+1"],"picked":"Dodge and Roll","floor":23.0},{"not_picked":["Prepared","Deadly Poison"],"picked":"Noxious Fumes+1","floor":24.0},{"not_picked":["Acrobatics","Poisoned Stab","Underhanded Strike"],"picked":"SKIP","floor":28.0},{"not_picked":["All Out Attack","Eviscerate","Grand Finale"],"picked":"SKIP","floor":31.0},{"not_picked":["Burst","Wraith Form v2"],"picked":"Adrenaline","floor":33.0},{"not_picked":["Deflect","Poisoned Stab"],"picked":"Blade Dance+1","floor":35.0},{"not_picked":["Quick Slash","Caltrops"],"picked":"Blur+1","floor":37.0},{"not_picked":["Crippling Poison+1","Setup+1","Concentrate"],"picked":"SKIP","floor":38.0},{"not_picked":["Backstab","Bane+1","Underhanded Strike"],"picked":"SKIP","floor":40.0},{"not_picked":["Outmaneuver","Setup"],"picked":"Escape Plan","floor":44.0},{"not_picked":["Dagger Spray","Acrobatics","Slice","Bane+1"],"picked":"SKIP","floor":45.0},{"not_picked":["Backflip","Terror","Setup"],"picked":"Acrobatics+1","floor":46.0},{"not_picked":["Acrobatics","Flying Knee","Crippling Poison"],"picked":"Escape Plan","floor":47.0},{"not_picked":["Riddle With Holes","Infinite Blades","Corpse Explosion"],"picked":"Calculated Gamble","floor":48.0}],"player_experience":1506851,"relics_obtained":[{"floor":7.0,"key":"Art of War"},{"floor":9.0,"key":"PreservedInsect"},{"floor":13.0,"key":"Kunai"},{"floor":21.0,"key":"Shuriken"},{"floor":23.0,"key":"Akabeko"},{"floor":23.0,"key":"Torii"},{"floor":25.0,"key":"Red Mask"},{"floor":31.0,"key":"Centennial Puzzle"},{"floor":31.0,"key":"Happy Flower"},{"floor":40.0,"key":"StrikeDummy"},{"floor":40.0,"key":"Bag of Marbles"},{"floor":43.0,"key":"Orichalcum"},{"floor":44.0,"key":"Pantograph"},{"floor":44.0,"key":"Question Card"},{"floor":47.0,"key":"Bottled Lightning"},{"floor":47.0,"key":"Mummified Hand"}],"event_choices":[{"cards_removed":["Bouncing Flask"],"damage_healed":0.0,"max_hp_gain":0.0,"max_hp_loss":0.0,"gold_gain":0.0,"event_name":"WeMeetAgain","player_choice":"Gave Card","floor":2.0,"gold_loss":0.0,"damage_taken":0.0,"relics_obtained":["Potion Belt"]},{"damage_healed":0.0,"max_hp_gain":0.0,"max_hp_loss":0.0,"gold_gain":50.0,"event_name":"FaceTrader","player_choice":"Touch","floor":5.0,"gold_loss":0.0,"damage_taken":6.0},{"damage_healed":0.0,"max_hp_gain":0.0,"max_hp_loss":0.0,"gold_gain":0.0,"event_name":"Masked Bandits","player_choice":"Fought Bandits","floor":25.0,"gold_loss":0.0,"damage_taken":0.0},{"damage_healed":0.0,"max_hp_gain":0.0,"max_hp_loss":0.0,"gold_gain":0.0,"event_name":"Upgrade Shrine","player_choice":"Upgraded","floor":30.0,"gold_loss":0.0,"damage_taken":0.0,"cards_upgraded":["Dodge and Roll"]},{"damage_healed":0.0,"max_hp_gain":0.0,"max_hp_loss":0.0,"gold_gain":222.0,"event_name":"Tomb of Lord Red Mask","player_choice":"Wore Mask","floor":39.0,"gold_loss":0.0,"damage_taken":0.0},{"cards_removed":["Dagger Spray"],"damage_healed":0.0,"max_hp_gain":0.0,"max_hp_loss":0.0,"gold_gain":0.0,"event_name":"Falling","player_choice":"Removed Attack","floor":42.0,"gold_loss":0.0,"damage_taken":0.0}],"is_beta":false,"boss_relics":[{"not_picked":["Calling Bell","Astrolabe"],"picked":"Black Star"},{"not_picked":["Pandora\u0027s Box","HoveringKite"],"picked":"WristBlade"}],"items_purged_floors":[20,36],"is_endless":false,"potions_floor_spawned":[3,10,13,14,16,24,28,35,46,47,48],"killed_by":"Time Eater","ascension_level":20}}