{"host":"ydg0vn0pu4pubmdt","time":1612590796,"event":{"mods":["AchievementEnabler","BaseMod","Colored Map","Gold Saver","Minty Spire (QoL Compilation)","Quick Restart","SuperFastMode"],"gold_per_floor":[116,116,191,191,203,203,238,248,248,248,278,278,293,31,31,108,158,177,177,191,191,207,224,224,252,262,335,335,349,79,109,59,59,135,135,150,170,170,170],"floor_reached":38,"language":"KOR","playtime":942,"items_purged":["Strike_P","Strike_P","Defend_P"],"score":948,"play_id":"3536f55c-0e2c-4157-bc28-a3eeed0dbb7a","local_time":"20210206145316","is_ascension_mode":true,"campfire_choices":[{"data":"Eruption","floor":6.0,"key":"SMITH"},{"data":"CrushJoints","floor":10.0,"key":"SMITH"},{"data":"Ragnarok","floor":12.0,"key":"SMITH"},{"data":"WheelKick","floor":15.0,"key":"SMITH"},{"floor":24.0,"key":"REST"},{"data":"Blasphemy","floor":33.0,"key":"SMITH"}],"circlet_count":0,"master_deck":["AscendersBane","Strike_P","Defend_P+1","Defend_P","Eruption+1","Vigilance","Conclude","CrushJoints+1","WheelKick+1","EmptyBody","Ragnarok+1","Blasphemy+1","MentalFortress","Ragnarok+1","Evaluate+1"],"relics":["PureWater","NeowsBlessing","The Courier","Eternal Feather","Smiling Mask","TeardropLocket","Tiny House","Sundial","Frozen Egg 2","Meat on the Bone","Bottled Lightning","Black Star"],"acts_visited":["Exordium","TheCity","TheBeyond"],"potions_floor_usage":[38],"damage_taken":[{"damage":0.0,"enemies":"Small Slimes","floor":1.0,"turns":1.0},{"damage":0.0,"enemies":"Cultist","floor":5.0,"turns":1.0},{"damage":0.0,"enemies":"3 Sentries","floor":7.0,"turns":1.0},{"damage":4.0,"enemies":"Jaw Worm","floor":8.0,"turns":2.0},{"damage":6.0,"enemies":"Gremlin Nob","floor":11.0,"turns":3.0},{"damage":6.0,"enemies":"Blue Slaver","floor":13.0,"turns":2.0},{"damage":20.0,"enemies":"Hexaghost","floor":16.0,"turns":5.0},{"damage":16.0,"enemies":"Shell Parasite","floor":18.0,"turns":2.0},{"damage":5.0,"enemies":"3 Byrds","floor":20.0,"turns":3.0},{"damage":0.0,"enemies":"Snake Plant","floor":22.0,"turns":1.0},{"damage":36.0,"enemies":"Chosen and Byrds","floor":23.0,"turns":5.0},{"damage":0.0,"enemies":"Book of Stabbing","floor":25.0,"turns":1.0},{"damage":14.0,"enemies":"Shelled Parasite and Fungi","floor":26.0,"turns":3.0},{"damage":0.0,"enemies":"Snake Plant","floor":29.0,"turns":2.0},{"damage":10.0,"enemies":"Gremlin Leader","floor":31.0,"turns":3.0},{"damage":100024.0,"enemies":"Automaton","floor":34.0,"turns":5.0},{"damage":0.0,"enemies":"Orb Walker","floor":36.0,"turns":1.0},{"damage":29,"enemies":"3 Shapes","floor":37,"turns":2},{"damage":63,"enemies":"Transient","floor":38,"turns":5}],"seed_played":"-2856093434914616370","potions_obtained":[{"floor":1.0,"key":"BottledMiracle"},{"floor":11.0,"key":"DistilledChaos"},{"floor":13.0,"key":"FairyPotion"},{"floor":16.0,"key":"Weak Potion"},{"floor":17.0,"key":"Strength Potion"},{"floor":29.0,"key":"LiquidMemories"},{"floor":36.0,"key":"FearPotion"},{"floor":37,"key":"Fire Potion"}],"is_trial":false,"path_per_floor":["M","?","?","?","M","R","E","M","T","R","E","R","M","$","R","B",null,"M","?","M","M","M","M","R","E","M","T","?","M","$","E","$","R","B",null,"M","M","M"],"character_chosen":"WATCHER","items_purchased":["TeardropLocket","Meat on the Bone"],"campfire_rested":1,"item_purchase_floors":[14,30],"current_hp_per_floor":[61,54,43,43,43,43,43,39,39,45,39,48,42,42,48,28,63,47,47,42,42,42,6,36,36,22,22,22,22,22,24,24,33,33,63,63,46,0,0],"gold":170,"neow_bonus":"THREE_ENEMY_KILL","is_daily":false,"chose_seed":false,"campfire_upgraded":5,"win_rate":0.0,"timestamp":1612590796,"path_taken":["M","?","?","?","M","R","E","M","T","R","E","R","?","$","R","BOSS","M","?","M","M","M","M","R","E","?","T","?","M","$","E","?","R","BOSS","M","M","M"],"items_purchased_type":["Relic","Relic"],"build_version":"2020-12-22","purchased_purges":3,"victory":false,"max_hp_per_floor":[68,68,68,68,68,68,68,68,68,68,68,68,68,68,68,68,73,73,73,73,73,73,73,73,73,73,73,73,73,73,73,73,73,73,73,73,73,73,73],"card_choices":[{"not_picked":["FearNoEvil","Consecrate"],"picked":"Conclude","floor":1.0},{"not_picked":["SashWhip","Sanctity"],"picked":"CrushJoints","floor":5.0},{"not_picked":["ThirdEye","SashWhip"],"picked":"WheelKick","floor":7.0},{"not_picked":["FlurryOfBlows","DeceiveReality"],"picked":"EmptyBody","floor":8.0},{"not_picked":["Halt","Crescendo"],"picked":"Ragnarok","floor":11.0},{"not_picked":["ThirdEye","Protect","Swivel"],"picked":"SKIP","floor":13.0},{"not_picked":["LessonLearned","Judgement"],"picked":"Blasphemy","floor":16.0},{"not_picked":["EmptyMind","Fasting2"],"picked":"MentalFortress","floor":17.0},{"not_picked":["ReachHeaven","SandsOfTime","Prostrate+1"],"picked":"SKIP","floor":18.0},{"not_picked":["JustLucky","EmptyFist","ClearTheMind"],"picked":"SKIP","floor":20.0},{"not_picked":["FlyingSleeves","EmptyBody"],"picked":"Evaluate+1","floor":22.0},{"not_picked":["BowlingBash","PathToVictory","FlurryOfBlows"],"picked":"SKIP","floor":23.0},{"not_picked":["Crescendo","ClearTheMind","Conclude"],"picked":"SKIP","floor":25.0},{"not_picked":["WheelKick","ThirdEye","Wireheading"],"picked":"SKIP","floor":26.0},{"not_picked":["Indignation","SandsOfTime","EmptyFist+1"],"picked":"SKIP","floor":29.0},{"not_picked":["Nirvana+1","Vengeance","Consecrate"],"picked":"SKIP","floor":31.0},{"not_picked":["Weave+1","FollowUp+1","Evaluate"],"picked":"SKIP","floor":36.0},{"not_picked":["Wallop","SashWhip","EmptyFist"],"picked":"SKIP","floor":37}],"player_experience":630460,"relics_obtained":[{"floor":7.0,"key":"The Courier"},{"floor":9.0,"key":"Eternal Feather"},{"floor":11.0,"key":"Smiling Mask"},{"floor":25.0,"key":"Sundial"},{"floor":27.0,"key":"Frozen Egg 2"},{"floor":31.0,"key":"Bottled Lightning"}],"event_choices":[{"cards_removed":["Strike_P"],"damage_healed":0.0,"max_hp_gain":0.0,"max_hp_loss":0.0,"gold_gain":0.0,"event_name":"Golden Wing","player_choice":"Card Removal","floor":2.0,"gold_loss":0.0,"damage_taken":7.0},{"damage_healed":0.0,"max_hp_gain":0.0,"max_hp_loss":0.0,"gold_gain":75.0,"event_name":"World of Goop","player_choice":"Gather Gold","floor":3.0,"gold_loss":0.0,"damage_taken":11.0},{"damage_healed":0.0,"max_hp_gain":0.0,"max_hp_loss":0.0,"gold_gain":0.0,"event_name":"Match and Keep!","player_choice":"0 cards matched","floor":4.0,"gold_loss":0.0,"damage_taken":0.0,"cards_obtained":[]},{"damage_healed":0.0,"max_hp_gain":0.0,"max_hp_loss":0.0,"gold_gain":0.0,"event_name":"Duplicator","player_choice":"Copied","floor":19.0,"gold_loss":0.0,"damage_taken":0.0,"cards_obtained":["Ragnarok"]},{"cards_removed":["Defend_P"],"damage_healed":0.0,"max_hp_gain":0.0,"max_hp_loss":0.0,"gold_gain":0.0,"event_name":"Back to Basics","player_choice":"Elegance","floor":28.0,"gold_loss":0.0,"damage_taken":0.0}],"is_beta":false,"boss_relics":[{"not_picked":["Coffee Dripper","Fusion Hammer"],"picked":"Tiny House"},{"not_picked":["SlaversCollar","Empty Cage"],"picked":"Black Star"}],"items_purged_floors":[14,30,32],"is_endless":false,"potions_floor_spawned":[1,11,13,16,20,22,23,29,36,37],"killed_by":"Transient","ascension_level":20}}