{"host":"j14jowy3nc3m7wd7","time":1612589517,"event":{"mods":["AchievementEnabler","BaseMod","Bestiary","Curses Come First","Minty Spire (QoL Compilation)","Permanent Neow","Relic Stats","StSLib"],"gold_per_floor":[115,125,125,142,90,90,121,121,121,141,156,170,183,198,198,198,198],"floor_reached":16,"language":"ENG","playtime":571,"items_purged":[],"score":212,"play_id":"971d74a5-8504-4418-8cac-95447a7bb812","local_time":"20210205213157","is_ascension_mode":true,"campfire_choices":[{"data":"Blade Dance","floor":6.0,"key":"SMITH"},{"floor":8.0,"key":"REST"},{"floor":15,"key":"REST"}],"circlet_count":0,"master_deck":["AscendersBane","Strike_G","Strike_G","Strike_G","Strike_G","Strike_G","Defend_G","Defend_G","Defend_G","Defend_G","Defend_G","Survivor","Neutralize","Bullet Time","Dagger Spray+1","Quick Slash","Predator","Blade Dance+1","Phantasmal Killer","Calculated Gamble","Leg Sweep","Blade Dance"],"relics":["Ring of the Snake","Unceasing Top","Ice Cream"],"acts_visited":["Exordium"],"potions_floor_usage":[16],"damage_taken":[{"damage":5.0,"enemies":"Small Slimes","floor":1.0,"turns":5.0},{"damage":0.0,"enemies":"Cultist","floor":2.0,"turns":4.0},{"damage":2.0,"enemies":"2 Louse","floor":4.0,"turns":2.0},{"damage":45.0,"enemies":"Lagavulin","floor":7.0,"turns":7.0},{"damage":3.0,"enemies":"Looter","floor":10.0,"turns":3.0},{"damage":6,"enemies":"Lots of Slimes","floor":11,"turns":3},{"damage":10,"enemies":"Large Slime","floor":12,"turns":3},{"damage":4,"enemies":"Exordium Thugs","floor":13,"turns":4},{"damage":0,"enemies":"2 Fungi Beasts","floor":14,"turns":2},{"damage":15,"enemies":"Slime Boss","floor":16,"turns":7}],"seed_played":"-3562847664458842300","potions_obtained":[{"floor":2.0,"key":"CunningPotion"},{"floor":10.0,"key":"Weak Potion"},{"floor":11,"key":"Poison Potion"}],"is_trial":false,"path_per_floor":["M","M","?","M","$","R","E","R","T","M","M","M","M","M","R","B"],"character_chosen":"THE_SILENT","items_purchased":["Blade Dance"],"campfire_rested":2,"item_purchase_floors":[5],"current_hp_per_floor":[54,54,54,52,52,52,7,25,25,22,16,6,2,2,20,5,5],"gold":198,"neow_bonus":"THREE_RARE_CARDS","is_daily":false,"chose_seed":false,"campfire_upgraded":1,"win_rate":0.0,"timestamp":1612589517,"path_taken":["M","M","?","M","?","R","E","R","T","M","M","M","M","?","R","BOSS"],"items_purchased_type":["Card"],"build_version":"2020-12-22","purchased_purges":0,"victory":false,"max_hp_per_floor":[60,60,60,60,60,60,60,60,60,60,60,60,60,60,60,60,60],"relic_stats":{"counters":[10,40],"obtain_stats":[{"Ice Cream":9,"Unceasing Top":7,"Ring of the Snake":0},{"Ice Cream":4,"Unceasing Top":4,"Ring of the Snake":0},{"Ice Cream":18,"Unceasing Top":18,"Ring of the Snake":0}],"Unceasing Top":[0],"Ring of the Snake":[20]},"card_choices":[{"not_picked":["Venomology","Wraith Form v2"],"picked":"Bullet Time","floor":0.0},{"not_picked":["Dagger Throw","Slice"],"picked":"Dagger Spray","floor":1.0},{"not_picked":["Dodge and Roll","Deflect"],"picked":"Quick Slash","floor":2.0},{"not_picked":["Well Laid Plans","Deadly Poison"],"picked":"Predator","floor":4.0},{"not_picked":["Flying Knee","Endless Agony","Deadly Poison"],"picked":"SKIP","floor":7.0},{"not_picked":["Deadly Poison","Dagger Throw"],"picked":"Phantasmal Killer","floor":10.0},{"not_picked":["Flying Knee","Riddle With Holes"],"picked":"Calculated Gamble","floor":11},{"not_picked":["Flechettes","Flying Knee","Underhanded Strike"],"picked":"SKIP","floor":12},{"not_picked":["Footwork","Riddle With Holes"],"picked":"Leg Sweep","floor":13},{"not_picked":["PiercingWail","Quick Slash"],"picked":"Blade Dance","floor":14}],"player_experience":8061,"relics_obtained":[{"floor":7.0,"key":"Unceasing Top"},{"floor":9.0,"key":"Ice Cream"}],"event_choices":[{"damage_healed":0.0,"max_hp_gain":0.0,"max_hp_loss":0.0,"gold_gain":0.0,"event_name":"Upgrade Shrine","player_choice":"Upgraded","floor":3.0,"gold_loss":0.0,"damage_taken":0.0,"cards_upgraded":["Dagger Spray"]}],"is_beta":false,"boss_relics":[],"items_purged_floors":[],"is_endless":false,"potions_floor_spawned":[2,10,11,13],"killed_by":"Slime Boss","ascension_level":20}}