{"host":"r4aerl4ckfvw1dw3","time":1612580985,"event":{"mods":["BaseMod","BetterRewards","Minty Spire (QoL Compilation)","Quick Restart","StSLib"],"gold_per_floor":[115,134,149,99,99,99,133,133,158,172,206,220,251,267,267,369,369,352,371,383,70,70,103,117,151,201,201,79,97,123,142,142,238,238,257,274,45,95,105,138,138,172,172,185,198,230,230,261,261,261,261,261,8,36,36],"floor_reached":56,"language":"ENG","playtime":6366,"items_purged":["Strike_R"],"score":1729,"play_id":"955f7686-5fdf-4423-b24a-9b3fd197f742","local_time":"20210205190945","is_ascension_mode":true,"campfire_choices":[{"data":"Sword Boomerang","floor":6.0,"key":"SMITH"},{"data":"Cleave","floor":8.0,"key":"SMITH"},{"data":"True Grit","floor":15.0,"key":"SMITH"},{"data":"Metallicize","floor":32,"key":"SMITH"},{"floor":41,"key":"REST"},{"floor":47,"key":"RECALL"},{"floor":49,"key":"REST"},{"floor":52,"key":"REST"}],"circlet_count":0,"master_deck":["Strike_R","Strike_R","Defend_R","Defend_R","Defend_R","Defend_R","Bash","Metallicize+1","Twin Strike","Sword Boomerang+1","Cleave+1","Clothesline","Armaments","Flame Barrier","True Grit+1","Offering","Headbutt","Rupture+1","Combust","Pommel Strike","Flame Barrier+1","Second Wind+1","Thunderclap+1","Inflame","Pommel Strike","Barricade","Clothesline+1","Immolate","Hemokinesis","Feed","Shockwave","Disarm+1","Parasite","Brutality","Demon Form","Shockwave+1","Sword Boomerang+1","Hemokinesis+1","Reaper","Power Through+1","Shrug It Off","Bludgeon"],"relics":["Burning Blood","Dream Catcher","Champion Belt","Orichalcum","Eternal Feather","Snecko Eye","Thread and Needle","Vajra","StoneCalendar","Nloth\u0027s Gift","Letter Opener","Fusion Hammer","Gambling Chip","Blood Vial","PreservedInsect","Prayer Wheel","Pantograph","InkBottle","Bronze Scales","Blue Candle"],"acts_visited":["Exordium","TheCity","TheBeyond","TheEnding"],"potions_floor_usage":[23,23,28,30,33,40,42,55,55],"damage_taken":[{"damage":6.0,"enemies":"Jaw Worm","floor":1.0,"turns":4.0},{"damage":2.0,"enemies":"Small Slimes","floor":2.0,"turns":4.0},{"damage":6.0,"enemies":"Cultist","floor":3.0,"turns":4.0},{"damage":16.0,"enemies":"3 Sentries","floor":7.0,"turns":6.0},{"damage":1.0,"enemies":"Exordium Wildlife","floor":10.0,"turns":3.0},{"damage":17.0,"enemies":"Lagavulin","floor":11.0,"turns":6.0},{"damage":0.0,"enemies":"Blue Slaver","floor":12.0,"turns":3.0},{"damage":6.0,"enemies":"3 Sentries","floor":13.0,"turns":6.0},{"damage":3.0,"enemies":"Looter","floor":14.0,"turns":3.0},{"damage":30.0,"enemies":"The Guardian","floor":16.0,"turns":17.0},{"damage":9.0,"enemies":"2 Thieves","floor":18.0,"turns":4.0},{"damage":0.0,"enemies":"Chosen","floor":19.0,"turns":4.0},{"damage":24.0,"enemies":"Sentry and Sphere","floor":20.0,"turns":5.0},{"damage":12,"enemies":"Slavers","floor":23,"turns":5},{"damage":19,"enemies":"Chosen and Byrds","floor":24,"turns":6},{"damage":19,"enemies":"Gremlin Leader","floor":25,"turns":6},{"damage":21,"enemies":"Centurion and Healer","floor":29,"turns":5},{"damage":10,"enemies":"Slavers","floor":30,"turns":6},{"damage":10,"enemies":"Shelled Parasite and Fungi","floor":31,"turns":7},{"damage":4,"enemies":"Collector","floor":33,"turns":7},{"damage":0,"enemies":"Orb Walker","floor":35,"turns":3},{"damage":17,"enemies":"3 Darklings","floor":36,"turns":4},{"damage":37,"enemies":"2 Orb Walkers","floor":38,"turns":4},{"damage":6,"enemies":"Writhing Mass","floor":39,"turns":7},{"damage":28,"enemies":"Reptomancer","floor":40,"turns":7},{"damage":13,"enemies":"Nemesis","floor":42,"turns":9},{"damage":10,"enemies":"Jaw Worm Horde","floor":44,"turns":3},{"damage":20,"enemies":"Maw","floor":45,"turns":7},{"damage":2,"enemies":"Giant Head","floor":46,"turns":5},{"damage":18,"enemies":"Nemesis","floor":48,"turns":7},{"damage":29,"enemies":"Time Eater","floor":50,"turns":13},{"damage":12,"enemies":"Shield and Spear","floor":54,"turns":5},{"damage":41,"enemies":"The Heart","floor":55,"turns":7}],"seed_played":"-9036527088344772829","potions_obtained":[{"floor":1.0,"key":"SteroidPotion"},{"floor":2.0,"key":"Energy Potion"},{"floor":10.0,"key":"SpeedPotion"},{"floor":12.0,"key":"Strength Potion"},{"floor":18.0,"key":"Strength Potion"},{"floor":23,"key":"SneckoOil"},{"floor":29,"key":"Fire Potion"},{"floor":30,"key":"Swift Potion"},{"floor":36,"key":"EssenceOfSteel"},{"floor":38,"key":"BlessingOfTheForge"},{"floor":42,"key":"SneckoOil"},{"floor":54,"key":"EssenceOfSteel"}],"is_trial":false,"path_per_floor":["M","M","M","?","?","R","E","R","T","M","E","M","E","M","R","B",null,"M","M","M","$","?","E","M","E","T","?","$","M","E","M","R","B",null,"M","M","$","?","M","E","R","E","T","M","M","E","R","E","R","B",null,"R","$","E","B",null],"character_chosen":"IRONCLAD","items_purchased":["Pommel Strike","Thread and Needle","BloodPotion","Inflame","Shockwave","Regen Potion","Bronze Scales","BloodPotion","Shrug It Off"],"campfire_rested":3,"item_purchase_floors":[21,21,28,28,37,37,53,53,53],"current_hp_per_floor":[72,76,76,76,69,69,59,59,59,64,53,59,59,62,71,47,72,69,75,57,57,80,74,61,48,48,48,64,49,45,41,56,58,75,80,69,69,41,41,37,83,78,78,76,67,76,92,80,92,82,90,92,92,89,65],"gold":36,"neow_bonus":"REMOVE_CARD","is_daily":false,"chose_seed":false,"campfire_upgraded":4,"win_rate":0.0,"timestamp":1612580985,"path_taken":["M","M","M","?","?","R","E","R","T","M","E","M","E","M","R","BOSS","M","M","M","$","?","E","M","E","T","?","$","?","E","M","R","BOSS","M","M","$","?","M","E","R","E","T","M","M","E","R","E","R","BOSS","R","$","E","BOSS"],"items_purchased_type":["Card","Relic","Potion","Card","Card","Potion","Relic","Potion","Card"],"build_version":"2020-12-22","purchased_purges":1,"victory":true,"max_hp_per_floor":[80,80,80,80,80,80,80,80,80,80,80,80,80,80,80,80,80,80,80,80,80,80,80,80,80,80,80,80,80,80,80,80,80,80,80,80,80,83,83,86,86,86,86,86,89,92,92,92,92,92,92,92,92,95,95],"card_choices":[{"not_picked":["Power Through","Blood for Blood"],"picked":"Metallicize","floor":1.0},{"not_picked":["Body Slam","Armaments"],"picked":"Twin Strike","floor":2.0},{"not_picked":["Perfected Strike","Flex"],"picked":"Sword Boomerang","floor":3.0},{"not_picked":["Pommel Strike","Perfected Strike"],"picked":"Cleave","floor":7.0},{"not_picked":["Blood for Blood","Evolve"],"picked":"Clothesline","floor":10.0},{"not_picked":["Flex","Bludgeon"],"picked":"Armaments","floor":11.0},{"not_picked":["Wild Strike","Sword Boomerang"],"picked":"Flame Barrier","floor":12.0},{"not_picked":["Second Wind","Juggernaut"],"picked":"True Grit","floor":13.0},{"not_picked":["Anger","Wild Strike","Perfected Strike"],"picked":"SKIP","floor":14.0},{"not_picked":["Brutality","Exhume"],"picked":"Offering","floor":16.0},{"not_picked":["Twin Strike","Clash+1"],"picked":"Headbutt","floor":18.0},{"not_picked":["Twin Strike","Iron Wave"],"picked":"Rupture+1","floor":19.0},{"not_picked":["Anger","Blood for Blood+1"],"picked":"Combust","floor":20.0},{"not_picked":["Havoc","True Grit"],"picked":"Flame Barrier+1","floor":23},{"not_picked":["Twin Strike","Clash+1"],"picked":"Second Wind+1","floor":24},{"not_picked":["Double Tap","Clothesline"],"picked":"Thunderclap+1","floor":25},{"not_picked":["Perfected Strike+1","Combust"],"picked":"Pommel Strike","floor":29},{"not_picked":["Blood for Blood","Clothesline"],"picked":"Barricade","floor":30},{"not_picked":["Pommel Strike","Whirlwind"],"picked":"Clothesline+1","floor":31},{"not_picked":["Bludgeon","Feed"],"picked":"Immolate","floor":33},{"not_picked":["Iron Wave+1","Anger+1"],"picked":"Hemokinesis","floor":35},{"not_picked":["Flex+1","Twin Strike"],"picked":"Feed","floor":36},{"not_picked":["Anger+1","Infernal Blade+1"],"picked":"Disarm+1","floor":38},{"not_picked":["Cleave","Anger+1"],"picked":"Brutality","floor":39},{"not_picked":["Seeing Red","Pommel Strike"],"picked":"Demon Form","floor":40},{"not_picked":["Spot Weakness+1","Iron Wave"],"picked":"Shockwave+1","floor":41},{"not_picked":["Whirlwind","Wild Strike+1","Fiend Fire"],"picked":"SKIP","floor":42},{"not_picked":["Thunderclap+1","Uppercut","Exhume"],"picked":"SKIP","floor":44},{"not_picked":["Anger+1","Warcry","Armaments+1"],"picked":"SKIP","floor":44},{"not_picked":["Anger+1","Burning Pact"],"picked":"Sword Boomerang+1","floor":45},{"not_picked":["Anger","Wild Strike","Limit Break"],"picked":"SKIP","floor":45},{"not_picked":["Evolve+1","Cleave+1"],"picked":"Hemokinesis+1","floor":46},{"not_picked":["Immolate","Flex"],"picked":"Reaper","floor":48},{"not_picked":["Havoc+1","Headbutt+1"],"picked":"Power Through+1","floor":52},{"not_picked":["Cleave+1","Offering"],"picked":"Bludgeon","floor":54}],"player_experience":507696,"relics_obtained":[{"floor":7.0,"key":"Champion Belt"},{"floor":9.0,"key":"Orichalcum"},{"floor":11.0,"key":"Eternal Feather"},{"floor":13.0,"key":"Anchor"},{"floor":23,"key":"Vajra"},{"floor":25,"key":"StoneCalendar"},{"floor":30,"key":"Letter Opener"},{"floor":38,"key":"Gambling Chip"},{"floor":40,"key":"Blood Vial"},{"floor":42,"key":"PreservedInsect"},{"floor":43,"key":"Prayer Wheel"},{"floor":46,"key":"Pantograph"},{"floor":48,"key":"InkBottle"},{"floor":54,"key":"Blue Candle"}],"event_choices":[{"cards_removed":["Strike_R"],"damage_healed":0.0,"max_hp_gain":0.0,"max_hp_loss":0.0,"gold_gain":0.0,"event_name":"The Cleric","player_choice":"Card Removal","floor":4.0,"gold_loss":50.0,"damage_taken":0.0},{"damage_healed":0.0,"max_hp_gain":0.0,"max_hp_loss":0.0,"gold_gain":0.0,"event_name":"Scrap Ooze","player_choice":"Success","floor":5.0,"gold_loss":0.0,"damage_taken":7.0,"relics_obtained":["Dream Catcher"]},{"damage_healed":26.0,"max_hp_gain":0.0,"max_hp_loss":0.0,"gold_gain":0.0,"event_name":"The Library","player_choice":"Heal","floor":22.0,"gold_loss":0.0,"damage_taken":0.0},{"damage_healed":0,"gold_gain":0,"player_choice":"Traded Relic","damage_taken":0,"relics_obtained":["Nloth\u0027s Gift"],"max_hp_gain":0,"max_hp_loss":0,"event_name":"N\u0027loth","floor":27,"relics_lost":["Anchor"],"gold_loss":0},{"damage_healed":0,"gold_gain":0,"player_choice":"Fight","damage_taken":0,"max_hp_gain":0,"max_hp_loss":0,"event_name":"Mysterious Sphere","floor":38,"gold_loss":0}],"is_beta":false,"boss_relics":[{"not_picked":["Velvet Choker","Pandora\u0027s Box"],"picked":"Snecko Eye"},{"not_picked":["Coffee Dripper","Philosopher\u0027s Stone"],"picked":"Fusion Hammer"}],"items_purged_floors":[37],"is_endless":false,"potions_floor_spawned":[1,2,10,12,18,23,29,30,36,38,39,42,54],"ascension_level":6}}