{"host":"r91i8wii3z9p67t1","time":1612620992,"event":{"mods":["BaseMod","Minty Spire (QoL Compilation)","Relic Stats","StSLib"],"gold_per_floor":[117,117,117,42,42,73,27,58,58,71,96,96,129,50,50,50,50],"floor_reached":16,"language":"ENG","playtime":799,"items_purged":["Strike_G"],"score":224,"play_id":"dbff81f1-2892-4cfd-97e8-5a35e2d816f0","local_time":"20210206221632","is_ascension_mode":true,"campfire_choices":[{"data":"Dagger Spray","floor":12,"key":"SMITH"},{"data":"Footwork","floor":15,"key":"SMITH"}],"circlet_count":0,"master_deck":["Strike_G","Strike_G","Strike_G","Strike_G","Defend_G","Defend_G","Defend_G","Defend_G","Defend_G","Survivor","Neutralize","Dagger Spray+1","PiercingWail","Endless Agony","Crippling Poison","Footwork+1","Malaise","Concentrate"],"relics":["Ring of the Snake","NeowsBlessing","Golden Idol","Singing Bowl","Bag of Preparation","Dream Catcher","InkBottle","Ice Cream"],"acts_visited":["Exordium"],"potions_floor_usage":[13,16,16],"damage_taken":[{"damage":0,"enemies":"Jaw Worm","floor":1,"turns":1},{"damage":0,"enemies":"3 Sentries","floor":6,"turns":1},{"damage":0,"enemies":"Lagavulin","floor":8,"turns":1},{"damage":0,"enemies":"2 Louse","floor":10,"turns":2},{"damage":0,"enemies":"Small Slimes","floor":11,"turns":3},{"damage":3,"enemies":"3 Sentries","floor":13,"turns":6},{"damage":42,"enemies":"Slime Boss","floor":16,"turns":14}],"seed_played":"-914454998390158340","potions_obtained":[{"floor":6,"key":"Strength Potion"},{"floor":8,"key":"BlessingOfTheForge"},{"floor":10,"key":"Weak Potion"}],"is_trial":false,"path_per_floor":["M","?","?","$","?","E","$","E","T","M","M","R","E","$","R","B"],"character_chosen":"THE_SILENT","items_purchased":["PiercingWail","Concentrate"],"campfire_rested":0,"item_purchase_floors":[7,14],"current_hp_per_floor":[63,68,50,50,32,34,34,34,34,34,34,34,31,31,31,0,0],"gold":50,"neow_bonus":"THREE_ENEMY_KILL","is_daily":false,"chose_seed":false,"campfire_upgraded":2,"win_rate":0.0,"timestamp":1612620992,"path_taken":["M","?","?","$","?","E","$","E","T","M","M","R","E","?","R","BOSS"],"items_purchased_type":["Card","Card"],"build_version":"2020-12-22","purchased_purges":1,"victory":false,"max_hp_per_floor":[70,75,75,75,75,77,77,77,77,77,77,77,77,77,77,77,77],"relic_stats":{"Dream Catcher":0,"Singing Bowl":2,"counters":[7,28],"Golden Idol":27,"Bag of Preparation":[10],"obtain_stats":[{"Ice Cream":13,"Dream Catcher":8,"NeowsBlessing":0,"Singing Bowl":5,"Golden Idol":3,"Bag of Preparation":6,"InkBottle":9,"Ring of the Snake":0},{"Ice Cream":6,"Dream Catcher":3,"NeowsBlessing":0,"Singing Bowl":1,"Golden Idol":1,"Bag of Preparation":2,"InkBottle":3,"Ring of the Snake":0},{"Ice Cream":14,"Dream Catcher":3,"NeowsBlessing":0,"Singing Bowl":1,"Golden Idol":1,"Bag of Preparation":2,"InkBottle":3,"Ring of the Snake":0}],"InkBottle":[9],"Ring of the Snake":[14]},"card_choices":[{"not_picked":["Backflip","Sucker Punch"],"picked":"Dagger Spray","floor":1},{"not_picked":["Deflect","Flying Knee","Bouncing Flask"],"picked":"Singing Bowl","floor":6},{"not_picked":["Underhanded Strike","Sucker Punch"],"picked":"Endless Agony","floor":8},{"not_picked":["Underhanded Strike","Outmaneuver"],"picked":"Crippling Poison","floor":10},{"not_picked":["Cloak And Dagger","Underhanded Strike"],"picked":"Footwork","floor":11},{"not_picked":["Escape Plan","Dagger Spray"],"picked":"Malaise","floor":13}],"player_experience":1018663,"relics_obtained":[{"floor":6,"key":"Bag of Preparation"},{"floor":8,"key":"Dream Catcher"},{"floor":9,"key":"InkBottle"},{"floor":13,"key":"Ice Cream"}],"event_choices":[{"damage_healed":0,"gold_gain":0,"player_choice":"Donut","damage_taken":0,"max_hp_gain":5,"max_hp_loss":0,"event_name":"Big Fish","floor":2,"gold_loss":0},{"damage_healed":0,"gold_gain":0,"player_choice":"Take Damage","damage_taken":18,"relics_obtained":["Golden Idol"],"max_hp_gain":0,"max_hp_loss":0,"event_name":"Golden Idol","floor":3,"gold_loss":0},{"damage_healed":0,"gold_gain":0,"player_choice":"Success","damage_taken":18,"relics_obtained":["Singing Bowl"],"max_hp_gain":0,"max_hp_loss":0,"event_name":"Scrap Ooze","floor":5,"gold_loss":0}],"is_beta":false,"boss_relics":[],"items_purged_floors":[4],"is_endless":false,"potions_floor_spawned":[6,8,10],"killed_by":"Slime Boss","ascension_level":7}}