{"host":"2xnjhc1nuqzfyzm4","time":1612587611,"event":{"mods":["100% Spire Juice","Act Like it!","Arknights","BaseMod","Beaked The Cultist","Bestiary","Better Match","Better Note","Better Sensory Stone","Better Third Choice","Block Reminder","CapriCore","CatGirl Mod","ChefMod","Colored Powertips","Displayed Cursed Tome","Dota2Spire","Downfall","Ekko","Elementarium","GungeonMod","Hallownest","Hermit","Hubris","Infinite Spire","Jedi Mod","Jorbs\u0027s Wanderer Trilogy","Luminous","Mad Scientist","Marisa????????","Menagerie","Minty Spire (QoL Compilation)","Potionbrewer","Prisma Mod","QueenMod","Relic Stats","Reliquary","Replay The Spire","Robot Space Explorer","SIMod","Shade Mod","Spikes Relics","StSLib","The Alterego","The Animator","The Blackbeard","The Bug Knight","The Cursed","The Death Knight","The Disciple","The Dragon Tamer","The Dragonkin","The Druid","The Elementalist","The Exalted","The Fake Hero","The Florist","The Gatherer","The Hayseed","The Hierophant","The Immortal","The Jungle","The Mystic","The Necromancer","The Poker Player","The Runesmith","The Sage","The Senshi","The Servant 0.9.4","The Showman","The Valiant","The Wild Card","TheBandit","TheSwordswoman","TheVacant","TheVelvet","TheWitcher","Trackpad","Waifu the Spire","WarShipGirlsR/????R mod","Yakumo Yukari mod"],"gold_per_floor":[115,133,308,308,308,342,359,359,359,162,180,196,196,229,229,333,333,323,338,338,338,182,182,197,197,197,228,228,273,273,273,273],"floor_reached":31,"language":"ENG","playtime":6785,"items_purged":[],"score":313,"play_id":"5b5d59c5-7332-4240-8cf2-40795e326cd1","local_time":"20210205210011","is_ascension_mode":false,"campfire_choices":[{"floor":8,"key":"RECALL"},{"floor":13,"key":"REST"},{"floor":15,"key":"REST"},{"floor":23,"key":"REST"},{"floor":28,"key":"REST"}],"circlet_count":1,"master_deck":["Strike_G","Strike_G","Strike_G","Strike_G","Strike_G","Defend_G","Defend_G","Defend_G","Defend_G","Defend_G","Survivor","Neutralize","PiercingWail","Toxin Wave","Distraction","Accuracy","Infinite Blades","Quick Slash","Deadly Poison","Hidden Blade","infinitespire:Neurotoxin","Prepared","Draining Mist+1","elementalist:Mage_Hand","animator:Curse_Greed","Infinite Blades+1","hubris:InfiniteBlow+14","Caltrops+1","Accuracy","Flechettes+1"],"relics":["DemoMod:Plus1Bullets","hadesmod:WeaponCharger","theSenshi:ChokerRelic","Ring of Hypnosis","Chemical X","ReplayTheSpireMod:Ring of Addiction","hermit:RedScarf","theDragonkin:Sulfurian","blackbeard:TreasureChest","potionbrewer:BhaskarasWheel","infinitespire:Chaos","Circlet","Toy Ornithopter","DemoMod:Bottle","infinitespire:Broken Mirror"],"acts_visited":["Exordium","TheCity"],"potions_floor_usage":[11,16,19,27,29],"damage_taken":[{"damage":0,"enemies":"Cultist","floor":1,"turns":1},{"damage":0,"enemies":"Small Slimes","floor":2,"turns":1},{"damage":10,"enemies":"Lagavulin","floor":6,"turns":1},{"damage":0,"enemies":"2 Louse","floor":7,"turns":3},{"damage":11,"enemies":"2 Fungi Beasts","floor":11,"turns":4},{"damage":18,"enemies":"Blue Slaver","floor":12,"turns":7},{"damage":4,"enemies":"3 Sentries","floor":14,"turns":8},{"damage":43,"enemies":"Slime Boss","floor":16,"turns":9},{"damage":26,"enemies":"2 Thieves","floor":18,"turns":4},{"damage":18,"enemies":"Chosen","floor":19,"turns":6},{"damage":12,"enemies":"Centurion and Healer","floor":24,"turns":8},{"damage":9,"enemies":"Snecko","floor":27,"turns":4},{"damage":33,"enemies":"Nightmare","floor":29,"turns":4},{"damage":15,"enemies":"Snake Plant","floor":31,"turns":2}],"seed_played":"-6062295820943975234","potions_obtained":[{"floor":7,"key":"Weak Potion"},{"floor":11,"key":"FearPotion"},{"floor":12,"key":"FearPotion"},{"floor":18,"key":"Swift Potion"},{"floor":25,"key":"Dexterity Potion"},{"floor":25,"key":"Poison Potion"},{"floor":25,"key":"hexamod:SoulburnPotion"},{"floor":27,"key":"DistilledChaos"}],"is_trial":false,"path_per_floor":["M","M","?","?","?","E","M","R","T","$","M","M","R","E","R","B",null,"M","M","?","?","$","R","M","AVR","T","M","R","NM","?","M"],"character_chosen":"THE_SILENT","items_purchased":["DemoMod:GnawedKey","Infinite Blades","Snake Skull"],"campfire_rested":4,"item_purchase_floors":[10,10,22],"current_hp_per_floor":[70,70,70,70,70,60,60,60,60,60,49,31,52,48,69,26,70,44,26,26,26,26,47,35,35,35,31,52,24,12,0,0],"gold":273,"neow_bonus":"THREE_ENEMY_KILL","is_daily":false,"chose_seed":false,"campfire_upgraded":0,"win_rate":0.0,"timestamp":1612587611,"path_taken":["M","?","?","?","?","E","M","R","T","$","M","?","R","E","R","BOSS","M","M","?","?","$","R","?","AVR","T","M","R","NM","?","M"],"items_purchased_type":["Relic","Card","Relic"],"build_version":"2020-12-22","purchased_purges":0,"victory":false,"max_hp_per_floor":[70,70,70,70,70,70,70,70,70,70,70,70,70,70,70,70,70,70,70,70,70,70,70,70,70,70,70,70,70,70,70,70],"relic_stats":{"counters":[14,62],"Chemical X":[1],"obtain_stats":[{"Bromod:ArcaneUltimatum":6,"SacredBark":17,"DemoMod:Plus1Bullets":25,"DemoMod:GlassGuonStoneRelic":7,"Snake Skull":22,"theSenshi:ChokerRelic":25,"theDragonkin:Sulfurian":25,"blackbeard:TreasureChest":25,"hubris:Icosahedron":5,"Sundial":14,"DemoMod:GnawedKey":10,"Chemical X":25,"hermit:RedScarf":25,"infinitespire:Chaos":25,"Ring of the Snake":0,"NeowsBlessing":0,"Ring of Hypnosis":25,"ReplayTheSpireMod:Ring of Addiction":25,"infinitespire:EmptyRelic":25,"Circlet":25,"Pyrelight":4,"potionbrewer:BhaskarasWheel":25,"hadesmod:WeaponCharger":25,"infinitespire:Broken Mirror":29,"DemoMod:Bottle":26,"Toy Ornithopter":25},{"Bromod:ArcaneUltimatum":3,"SacredBark":8,"DemoMod:Plus1Bullets":11,"DemoMod:GlassGuonStoneRelic":4,"Snake Skull":10,"theSenshi:ChokerRelic":11,"theDragonkin:Sulfurian":11,"blackbeard:TreasureChest":11,"hubris:Icosahedron":2,"Sundial":7,"DemoMod:GnawedKey":4,"Chemical X":11,"hermit:RedScarf":11,"infinitespire:Chaos":11,"Ring of the Snake":0,"NeowsBlessing":0,"Ring of Hypnosis":11,"ReplayTheSpireMod:Ring of Addiction":11,"infinitespire:EmptyRelic":11,"Circlet":11,"Pyrelight":2,"potionbrewer:BhaskarasWheel":11,"hadesmod:WeaponCharger":11,"infinitespire:Broken Mirror":13,"DemoMod:Bottle":11,"Toy Ornithopter":11},{"Bromod:ArcaneUltimatum":3,"SacredBark":34,"DemoMod:Plus1Bullets":52,"DemoMod:GlassGuonStoneRelic":6,"Snake Skull":44,"theSenshi:ChokerRelic":52,"theDragonkin:Sulfurian":52,"blackbeard:TreasureChest":52,"hubris:Icosahedron":2,"Sundial":25,"DemoMod:GnawedKey":6,"Chemical X":52,"hermit:RedScarf":52,"infinitespire:Chaos":52,"Ring of the Snake":0,"NeowsBlessing":0,"Ring of Hypnosis":52,"ReplayTheSpireMod:Ring of Addiction":52,"infinitespire:EmptyRelic":52,"Circlet":52,"Pyrelight":2,"potionbrewer:BhaskarasWheel":52,"hadesmod:WeaponCharger":52,"infinitespire:Broken Mirror":60,"DemoMod:Bottle":52,"Toy Ornithopter":52}],"Toy Ornithopter":10},"card_choices":[{"not_picked":["ReplayTheSpireMod:Scrap Shanks","Outmaneuver"],"picked":"PiercingWail","floor":1},{"not_picked":["Terror","Sucker Punch"],"picked":"Toxin Wave","floor":2},{"not_picked":["PiercingWail","Deadly Poison"],"picked":"Distraction","floor":6},{"not_picked":["ReplayTheSpireMod:Scrap Shanks","ReplayTheSpireMod:Exploit Weakness"],"picked":"Accuracy","floor":7},{"not_picked":["ReplayTheSpireMod:The Works","ReplayTheSpireMod:Scrap Shanks"],"picked":"Quick Slash","floor":11},{"not_picked":["Quick Slash","ReplayTheSpireMod:Scrap Shanks"],"picked":"Deadly Poison","floor":12},{"not_picked":["Burst","Cloak And Dagger"],"picked":"Hidden Blade","floor":14},{"not_picked":["Unload","jedi:brewingpoison"],"picked":"infinitespire:Neurotoxin","floor":16},{"not_picked":["Outmaneuver+1","Slice"],"picked":"Prepared","floor":18},{"not_picked":["Prepared","Deflect"],"picked":"Draining Mist+1","floor":19},{"not_picked":["Dodge and Roll+1","Crippling Poison"],"picked":"Infinite Blades+1","floor":24},{"not_picked":["Slice","Dagger Throw"],"picked":"Caltrops+1","floor":27},{"not_picked":["Flying Knee","Backflip"],"picked":"Flechettes+1","floor":29}],"player_experience":197895,"relics_obtained":[{"floor":6,"key":"Bromod:ArcaneUltimatum"},{"floor":14,"key":"Sundial"},{"floor":25,"key":"Circlet"},{"floor":25,"key":"Toy Ornithopter"},{"floor":26,"key":"DemoMod:Bottle"},{"floor":29,"key":"infinitespire:Broken Mirror"}],"event_choices":[{"damage_healed":0,"gold_gain":175,"player_choice":"AGREE","damage_taken":133,"max_hp_gain":0,"max_hp_loss":0,"event_name":"betterThird:BetterSerpent","floor":3,"gold_loss":0},{"cards_removed":["Toxin Wave"],"damage_healed":0,"gold_gain":0,"player_choice":"Take \u0026 Give","damage_taken":0,"max_hp_gain":0,"max_hp_loss":0,"event_name":"betterNote:BetterNote","floor":20,"gold_loss":0,"cards_obtained":["elementalist:Mage_Hand"]},{"damage_healed":0,"gold_gain":0,"cards_transformed":["Doubt"],"player_choice":"Transformed","damage_taken":0,"max_hp_gain":0,"max_hp_loss":0,"event_name":"Transmorgrifier","floor":21,"gold_loss":0,"cards_obtained":["animator:Curse_Greed"]},{"damage_healed":0,"gold_gain":0,"player_choice":"POTION ","damage_taken":12,"max_hp_gain":0,"max_hp_loss":0,"event_name":"Knowing Skull","floor":30,"potions_obtained":["Reflective Coating"],"gold_loss":0,"cards_obtained":[]}],"is_beta":false,"boss_relics":[{"not_picked":["HoveringKite","reliquary:WritOfMandamus"],"picked":"SacredBark"}],"items_purged_floors":[],"is_endless":false,"potions_floor_spawned":[7,11,12,18,27],"killed_by":"Snake Plant","ascension_level":0}}