{"host":"yiwf5cuj7e45awf3","time":1612609191,"event":{"mods":["BaseMod","Downfall","Hermit","Highlight Path","Hubris","Infinite Spire","Lobotomy","Marisa£®ÏF”Í°°ƒß¿Ì…≥£©","Minty Spire (QoL Compilation)","READ ME - Guardian Mod","Remilia£®¿Ÿ√◊¿Ú—«£©","Replay The Spire","StSLib","The Animator","The Construct","The Cursed","The Disciple","The Hierophant","The Jungle","The Necromancer","The Runesmith","The Servant 0.9.4"],"gold_per_floor":[110,125,300,300,314,314,327,338,338,355,373,4,4,4,4,4,4],"floor_reached":16,"language":"ZHS","playtime":749,"items_purged":[],"score":94,"play_id":"2ca23608-a1ed-4680-b652-bdf6c1506e26","local_time":"20210206185951","is_ascension_mode":false,"campfire_choices":[{"data":"TheCursedMod:LuckyCharm","floor":6,"key":"SMITH"},{"data":"TheCursedMod:CircleOfBlood","floor":15,"key":"SMITH"}],"circlet_count":0,"master_deck":["TheCursedMod:Strike_TheCursed","TheCursedMod:Strike_TheCursed","TheCursedMod:Strike_TheCursed","TheCursedMod:Strike_TheCursed","TheCursedMod:Defend_TheCursed","TheCursedMod:Defend_TheCursed","TheCursedMod:CursedWand","TheCursedMod:CleanUpWorkshop","TheCursedMod:Dregs","TheCursedMod:HellfireBreathing","TheCursedMod:FleshFromBone","TheCursedMod:LuckyCharm+1","Doubt","TheCursedMod:SoulCrush","TheCursedMod:CursedBlade","TheCursedMod:RapidMovement","TheCursedMod:Stigma","TheCursedMod:CircleOfBlood+1","TheCursedMod:SpitefulPlan","TheCursedMod:Evocation"],"relics":["TheCursedMod:BlackMagic101","infinitespire:EmpoweringShard","Onion Ring","hubris:Icosahedron"],"acts_visited":["Exordium"],"potions_floor_usage":[16],"damage_taken":[{"damage":7,"enemies":"Small Slimes","floor":1,"turns":3},{"damage":1,"enemies":"Cultist","floor":2,"turns":5},{"damage":8,"enemies":"Jaw Worm","floor":5,"turns":5},{"damage":0,"enemies":"2 Fungi Beasts","floor":7,"turns":4},{"damage":11,"enemies":"Large Slime","floor":8,"turns":4},{"damage":11,"enemies":"Red Slaver","floor":10,"turns":3},{"damage":5,"enemies":"3 Louse","floor":11,"turns":2},{"damage":43,"enemies":"Slime Boss","floor":16,"turns":6}],"seed_played":"5546695520174230743","potions_obtained":[{"floor":2,"key":"Fire Potion"},{"floor":10,"key":"Energy Potion"}],"is_trial":false,"path_per_floor":["M","M","?","?","M","R","M","M","T","M","M","$","?","$","R","B"],"character_chosen":"THE_CURSED","items_purchased":["Onion Ring","TheCursedMod:SpitefulPlan","TheCursedMod:Evocation"],"campfire_rested":0,"item_purchase_floors":[12,12,12],"current_hp_per_floor":[68,67,67,67,59,59,59,48,48,37,32,32,32,32,32,0,0],"gold":4,"neow_bonus":"TRANSFORM_CARD","is_daily":false,"chose_seed":false,"campfire_upgraded":2,"win_rate":0.0,"timestamp":1612609191,"path_taken":["M","M","?","?","M","R","M","?","T","M","M","?","?","$","R","BOSS"],"items_purchased_type":["Relic","Card","Card"],"build_version":"2020-12-22","purchased_purges":0,"victory":false,"max_hp_per_floor":[75,75,75,75,75,75,75,75,75,75,75,75,75,75,75,75,75],"card_choices":[{"not_picked":["TheCursedMod:TroublousMinions","TheCursedMod:AshesToAshes"],"picked":"TheCursedMod:FleshFromBone","floor":1},{"not_picked":["TheCursedMod:Mangle","TheCursedMod:Stigma"],"picked":"TheCursedMod:LuckyCharm","floor":2},{"not_picked":["TheCursedMod:HellfireBreathing","TheCursedMod:LuckyCharm"],"picked":"TheCursedMod:SoulCrush","floor":5},{"not_picked":["TheCursedMod:CursedAmulet","TheCursedMod:EmpowerCircles"],"picked":"TheCursedMod:CursedBlade","floor":7},{"not_picked":["TheCursedMod:CircleOfFocus","TheCursedMod:CursedShiv"],"picked":"TheCursedMod:RapidMovement","floor":8},{"not_picked":["TheCursedMod:SpitefulStrike","TheCursedMod:HellfireBreathing"],"picked":"TheCursedMod:Stigma","floor":10},{"not_picked":["TheCursedMod:Hemoplague","TheCursedMod:CursedAmulet"],"picked":"TheCursedMod:CircleOfBlood","floor":11}],"player_experience":78737,"relics_obtained":[{"floor":9,"key":"infinitespire:EmpoweringShard"}],"event_choices":[{"damage_healed":0,"gold_gain":175,"player_choice":"AGREE","damage_taken":0,"max_hp_gain":0,"max_hp_loss":0,"event_name":"Liars Game","floor":3,"gold_loss":0,"cards_obtained":["Doubt"]},{"cards_removed":["TheCursedMod:Defend_TheCursed"],"damage_healed":0,"gold_gain":0,"player_choice":"Card Removal","damage_taken":0,"max_hp_gain":0,"max_hp_loss":0,"event_name":"Wheel of Change","floor":4,"gold_loss":0}],"is_beta":false,"boss_relics":[],"items_purged_floors":[],"is_endless":false,"potions_floor_spawned":[2,10],"killed_by":"Slime Boss","ascension_level":0}}