{"host":"x5w9zppki4gdwvc7","time":1612654531,"event":{"mods":["AchievementEnabler","BaseMod","Colored Powertips","DeckTracker","Minty Spire (QoL Compilation)"],"gold_per_floor":[111,111,121,132,146,180,180,210,286,286,286,297,309,324,324,422,422,433,452,150,164,178,178,191,43,43,43,72,72,100,117,117,215,215,235,246,246,76,126,126,126],"floor_reached":40,"language":"ENG","playtime":2427,"items_purged":["Strike_P"],"score":540,"play_id":"81d47c13-4afc-4b39-9a06-efb7ceca9301","local_time":"20210207003531","is_ascension_mode":false,"campfire_choices":[{"data":"Eruption","floor":7,"key":"SMITH"},{"floor":15,"key":"REST"},{"floor":23,"key":"REST"},{"data":"Ragnarok","floor":29,"key":"SMITH"},{"data":"Study","floor":32,"key":"SMITH"}],"circlet_count":0,"master_deck":["Strike_P+1","Defend_P+1","Defend_P+1","Defend_P+1","Defend_P","Eruption+1","Vigilance+1","SignatureMove+1","Consecrate+1","FollowUp","CutThroughFate+1","Prostrate","Ragnarok+1","Evaluate","LessonLearned","FearNoEvil","Swivel+1","Judgement","Wireheading","Study+1","DevaForm","JustLucky+1","Madness","Madness","Metamorphosis","Prostrate+1"],"relics":["HolyWater","Vajra","MealTicket","Incense Burner","Singing Bowl","Juzu Bracelet","Mummified Hand","Strange Spoon","Lantern","CaptainsWheel","Blue Candle","Pear","Runic Dome","Ice Cream"],"acts_visited":["Exordium","TheCity","TheBeyond"],"potions_floor_usage":[6,8,16,22,31,33,33],"damage_taken":[{"damage":2,"enemies":"2 Louse","floor":1,"turns":4},{"damage":0,"enemies":"Cultist","floor":3,"turns":2},{"damage":2,"enemies":"Small Slimes","floor":4,"turns":2},{"damage":3,"enemies":"Exordium Wildlife","floor":5,"turns":3},{"damage":18,"enemies":"Lagavulin","floor":6,"turns":5},{"damage":15,"enemies":"Gremlin Nob","floor":8,"turns":4},{"damage":7,"enemies":"Blue Slaver","floor":12,"turns":3},{"damage":0,"enemies":"2 Fungi Beasts","floor":13,"turns":2},{"damage":0,"enemies":"Exordium Wildlife","floor":14,"turns":2},{"damage":0,"enemies":"Slime Boss","floor":16,"turns":4},{"damage":1,"enemies":"Shell Parasite","floor":18,"turns":3},{"damage":0,"enemies":"Chosen","floor":19,"turns":1},{"damage":23,"enemies":"Shelled Parasite and Fungi","floor":21,"turns":4},{"damage":18,"enemies":"Cultist and Chosen","floor":22,"turns":5},{"damage":7,"enemies":"3 Cultists","floor":24,"turns":4},{"damage":26,"enemies":"Gremlin Leader","floor":28,"turns":6},{"damage":0,"enemies":"Book of Stabbing","floor":30,"turns":3},{"damage":0,"enemies":"Centurion and Healer","floor":31,"turns":4},{"damage":23,"enemies":"Automaton","floor":33,"turns":6},{"damage":19,"enemies":"3 Shapes","floor":35,"turns":3},{"damage":1,"enemies":"3 Darklings","floor":36,"turns":4},{"damage":9,"enemies":"Mind Bloom Boss Battle","floor":39,"turns":7},{"damage":86,"enemies":"Reptomancer","floor":40,"turns":4}],"seed_played":"-2247188620508816265","potions_obtained":[{"floor":1,"key":"SteroidPotion"},{"floor":2,"key":"Ambrosia"},{"floor":2,"key":"DistilledChaos"},{"floor":5,"key":"Energy Potion"},{"floor":6,"key":"Dexterity Potion"},{"floor":12,"key":"SneckoOil"},{"floor":13,"key":"DistilledChaos"},{"floor":19,"key":"SteroidPotion"},{"floor":24,"key":"BlessingOfTheForge"},{"floor":28,"key":"DistilledChaos"},{"floor":33,"key":"Fruit Juice"},{"floor":35,"key":"Ancient Potion"}],"is_trial":false,"path_per_floor":["M","?","M","M","M","E","R","E","T","?","T","M","M","M","R","B",null,"M","M","$","M","M","R","M","$","T","?","E","R","E","M","R","B",null,"M","M","?","$","?","E"],"character_chosen":"WATCHER","items_purchased":["Swivel","Strange Spoon","Lantern","Metamorphosis"],"campfire_rested":2,"item_purchase_floors":[20,20,25,38],"current_hp_per_floor":[70,70,70,68,65,47,47,32,32,20,20,13,15,17,39,39,76,75,77,78,57,41,65,60,75,75,75,51,51,61,63,63,40,98,79,80,67,82,73,0,0],"gold":126,"neow_bonus":"RANDOM_COMMON_RELIC","is_daily":false,"chose_seed":false,"campfire_upgraded":3,"win_rate":0.0,"timestamp":1612654531,"path_taken":["M","?","?","M","M","E","R","E","T","?","?","M","M","M","R","BOSS","M","M","$","M","M","R","M","$","T","?","E","R","E","M","R","BOSS","M","M","?","$","?","E"],"items_purchased_type":["Card","Relic","Relic","Card"],"build_version":"2020-12-22","purchased_purges":1,"victory":false,"max_hp_per_floor":[72,72,72,72,72,72,72,72,72,72,72,72,74,76,76,76,76,76,78,78,80,82,82,84,84,84,84,86,86,96,98,98,98,98,98,100,100,100,100,100,100],"card_choices":[{"not_picked":["Indignation","Crescendo"],"picked":"SignatureMove","floor":1},{"not_picked":["Crescendo","Halt"],"picked":"Consecrate","floor":3},{"not_picked":["SignatureMove","Halt"],"picked":"FollowUp","floor":4},{"not_picked":["FollowUp","ClearTheMind"],"picked":"CutThroughFate","floor":5},{"not_picked":["CarveReality","JustLucky"],"picked":"Prostrate","floor":6},{"not_picked":["CutThroughFate","BowlingBash"],"picked":"Ragnarok","floor":8},{"not_picked":["CrushJoints","PathToVictory"],"picked":"Evaluate","floor":12},{"not_picked":["Halt","FlyingSleeves","PathToVictory"],"picked":"Singing Bowl","floor":13},{"not_picked":["SashWhip","BowlingBash","Collect"],"picked":"Singing Bowl","floor":14},{"not_picked":["Establishment","Blasphemy"],"picked":"LessonLearned","floor":16},{"not_picked":["CarveReality","PathToVictory"],"picked":"FearNoEvil","floor":18},{"not_picked":["ThirdEye","SignatureMove","CrushJoints"],"picked":"Singing Bowl","floor":19},{"not_picked":["ClearTheMind","Crescendo+1","Conclude+1"],"picked":"Singing Bowl","floor":21},{"not_picked":["FlurryOfBlows","FollowUp","SpiritShield"],"picked":"Singing Bowl","floor":22},{"not_picked":["Perseverance","FlurryOfBlows","FollowUp"],"picked":"Singing Bowl","floor":24},{"not_picked":["Halt","ConjureBlade","SignatureMove"],"picked":"Singing Bowl","floor":28},{"not_picked":["Wireheading","WheelKick"],"picked":"Study","floor":30},{"not_picked":["ClearTheMind","JustLucky","Weave"],"picked":"Singing Bowl","floor":31},{"not_picked":["Alpha","Scrawl"],"picked":"DevaForm","floor":33},{"not_picked":["EmptyBody","ThirdEye+1"],"picked":"JustLucky+1","floor":35},{"not_picked":["CrushJoints","BowlingBash+1","Swivel"],"picked":"Singing Bowl","floor":36},{"not_picked":["Wallop","SashWhip"],"picked":"Prostrate+1","floor":39}],"player_experience":510864,"relics_obtained":[{"floor":6,"key":"MealTicket"},{"floor":8,"key":"Incense Burner"},{"floor":9,"key":"Singing Bowl"},{"floor":11,"key":"Mummified Hand"},{"floor":26,"key":"CaptainsWheel"},{"floor":28,"key":"Blue Candle"},{"floor":30,"key":"Pear"},{"floor":39,"key":"Ice Cream"}],"event_choices":[{"damage_healed":0,"gold_gain":0,"player_choice":"Got Potions","damage_taken":0,"max_hp_gain":0,"max_hp_loss":0,"event_name":"Lab","floor":2,"gold_loss":0},{"damage_healed":0,"gold_gain":0,"player_choice":"Success","damage_taken":12,"relics_obtained":["Juzu Bracelet"],"max_hp_gain":0,"max_hp_loss":0,"event_name":"Scrap Ooze","floor":10,"gold_loss":0},{"damage_healed":0,"gold_gain":0,"cards_transformed":["Strike_P","Strike_P"],"player_choice":"Became Test Subject","damage_taken":0,"max_hp_gain":0,"max_hp_loss":0,"event_name":"Drug Dealer","floor":27,"gold_loss":0,"cards_obtained":["Judgement","Wireheading"]},{"damage_healed":0,"gold_gain":0,"player_choice":"Embrace Madness","damage_taken":13,"max_hp_gain":0,"max_hp_loss":0,"event_name":"Winding Halls","floor":37,"gold_loss":0,"cards_obtained":["Madness","Madness"]},{"damage_healed":0,"gold_gain":0,"player_choice":"Fight","damage_taken":0,"max_hp_gain":0,"max_hp_loss":0,"event_name":"MindBloom","floor":39,"gold_loss":0}],"is_beta":false,"boss_relics":[{"not_picked":["SacredBark","Calling Bell"],"picked":"HolyWater"},{"not_picked":["Busted Crown","Coffee Dripper"],"picked":"Runic Dome"}],"items_purged_floors":[20],"is_endless":false,"potions_floor_spawned":[1,5,6,12,13,19,24,28,33,35],"killed_by":"Reptomancer","ascension_level":0}}