{"host":"Ringo","time":1612609420,"event":{"mods":["BaseMod","Colored Map","Conspire","Dota2Spire","Hubris","Minty Spire (QoL Compilation)","Replay The Spire","StSLib","The Construct","[IsaacMod]ÒÔÈö¼âËþ","¡¾ÒÅÎï¿¨ÅÆ¡¿REMEMod"],"gold_per_floor":[153,192,243,276,309,408,507,543,595,725,244,351,453,583,583,857,857,923,997,598,688,688,815,922,560,560,701,790,922,110,246,246,524,524,580,671,749,837,436,573,711,877,928,1018,1025,1135,39,187,187,238,330],"floor_reached":52,"language":"ZHS","playtime":1300,"items_purged":["Iron Wave","Abandon"],"score":3725,"play_id":"e0b855f0-23d4-485f-a32f-60362d0c36e2","local_time":"20210206190340","daily_mods":["SealedDeck","Vintage","Heirloom","Time Dilation","Flight","DeadlyEvents","Elite Swarm","Lethality","Midas","Binary"],"is_ascension_mode":true,"campfire_choices":[],"circlet_count":0,"master_deck":["AscendersBane","Heavy Blade","Inflame","Pommel Strike","Cleave","Dropkick","Armaments","Shrug It Off","Twin Strike","Sword Boomerang","Thunderclap","ReachHeaven","Spot Weakness+1","Metallicize","REME_Scribble+1","Anger","ReplayTheSpireMod:Corrosion Curse+1","Iron Wave+1","Secret Weapon+1","hubris:DuctTapeCard","Infernal Blade","Panacea+1"],"relics":["Burning Blood","Busted Crown","HushsDoor","REME_ComplimentaryCards","replay:Trail_Library","CaptainsWheel","PunchingBag","Bird Faced Urn","Dota2Spire:PowerTreads","hubris:ChampionShield","Chameleon Ring","Dota2Spire:Desolator","PillsDrop","ReplayTheSpireMod:Spearhead","GuppysHead","Replay:Bandana","Gambling Chip","Sling","Replay:Baseball","Pocketwatch","Replay:Bottled Steam","Charon\u0027s Ashes","Philosopher\u0027s Stone","NineLifeCat","TuHaoJin","conspire:Flyswatter","hubris:ToyBattleship","War Paint","StrikeDummy","hubris:SphereOfDissonance","Golden Egg","SalivaCoin","conspire:Dentures","Self Forming Clay","StoneCalendar","PrismaticShard","MoneyPower","Dota2Spire:BladeMail","construct:ClawGrip","REME_HandOfSuture","hubris:TinFlute","Blue Doll","Blood Vial","Dota2Spire:HandOfMidas","Akabeko","TheBible","hubris:DuctTape","conspire:TopHat","TheBean","YumHeart","The Courier","ClockworkSouvenir","hubris:Metronome","Garlic","Counterbalance","DeadEye","Dream Catcher"],"acts_visited":["Exordium","TheCity","TheBeyond"],"potions_floor_usage":[19,33,33,42,50,51],"damage_taken":[{"damage":0.0,"enemies":"Cultist","floor":1.0,"turns":2.0},{"damage":0.0,"enemies":"Jaw Worm","floor":2.0,"turns":1.0},{"damage":0.0,"enemies":"2 Louse","floor":3.0,"turns":1.0},{"damage":0.0,"enemies":"2 Fungi Beasts","floor":4.0,"turns":1.0},{"damage":1.0,"enemies":"Blue Slaver","floor":5.0,"turns":2.0},{"damage":0.0,"enemies":"3 Sentries","floor":6.0,"turns":2.0},{"damage":0.0,"enemies":"Gremlin Nob","floor":7.0,"turns":2.0},{"damage":0.0,"enemies":"Lots of Slimes","floor":8.0,"turns":1.0},{"damage":0,"enemies":"3 Sentries","floor":10,"turns":2},{"damage":0,"enemies":"Gremlin Nob","floor":12,"turns":1},{"damage":0,"enemies":"Lagavulin","floor":13,"turns":2},{"damage":0,"enemies":"Replay:BlueRogue","floor":14,"turns":2},{"damage":0,"enemies":"Slime Boss","floor":16,"turns":3},{"damage":0,"enemies":"2 Thieves","floor":18,"turns":1},{"damage":1,"enemies":"3 Byrds","floor":19,"turns":2},{"damage":2,"enemies":"Sentry and Sphere","floor":21,"turns":1},{"damage":3,"enemies":"Slavers","floor":23,"turns":1},{"damage":3,"enemies":"Book of Stabbing","floor":24,"turns":1},{"damage":3,"enemies":"Gremlin Leader","floor":27,"turns":1},{"damage":0,"enemies":"Snake Plant","floor":28,"turns":1},{"damage":4,"enemies":"Book of Stabbing","floor":29,"turns":2},{"damage":0,"enemies":"Gremlin Leader","floor":31,"turns":1},{"damage":1,"enemies":"hubris:MusketHawk","floor":33,"turns":1},{"damage":0,"enemies":"Orb Walker","floor":35,"turns":1},{"damage":4,"enemies":"3 Shapes","floor":36,"turns":1},{"damage":3,"enemies":"Spire Growth","floor":37,"turns":2},{"damage":14,"enemies":"4 Shapes","floor":38,"turns":1},{"damage":0,"enemies":"Reptomancer","floor":40,"turns":1},{"damage":0,"enemies":"R_Hoarder","floor":41,"turns":1},{"damage":3,"enemies":"Reptomancer","floor":42,"turns":1},{"damage":0,"enemies":"Maw","floor":44,"turns":1},{"damage":3,"enemies":"R_Hoarder","floor":46,"turns":1},{"damage":3,"enemies":"Reptomancer","floor":48,"turns":1},{"damage":3,"enemies":"hubris:GrandSnecko","floor":50,"turns":2},{"damage":4,"enemies":"Time Eater","floor":51,"turns":4}],"seed_played":"7435798163507946205","potions_obtained":[{"floor":1.0,"key":"Languid Potion"},{"floor":2.0,"key":"EssenceOfSteel"},{"floor":15,"key":"Venom Potion"},{"floor":21,"key":"PowerPotion"},{"floor":32,"key":"LiquidMemories"},{"floor":35,"key":"Milkshake"},{"floor":40,"key":"FearPotion"},{"floor":41,"key":"REME_GoldPotion"},{"floor":46,"key":"construct:ShiftPotion"}],"is_trial":true,"path_per_floor":["M","M","M","M","M","E","E","M","T","E","$","E","E","E","R","B",null,"M","M","$","M","?","E","E","$","T","E","M","E","$","E","R","B",null,"M","M","M","M","$","E","E","E","T","M","?","E","$","E","R","B","B",null],"character_chosen":"IRONCLAD","items_purchased":["Sling","Replay:Baseball","Spot Weakness","NineLifeCat","Metallicize","REME_Scribble","Anger","hubris:ToyBattleship","Golden Egg","ReplayTheSpireMod:Corrosion Curse","PrismaticShard","MoneyPower","Iron Wave+1","Secret Weapon","Dota2Spire:HandOfMidas","Akabeko","Dramatic Entrance","ClockworkSouvenir","hubris:Metronome","Garlic","Counterbalance","DeadEye","Panacea"],"campfire_rested":0,"item_purchase_floors":[11,11,11,17,20,20,20,20,25,25,30,30,30,30,39,39,39,47,47,47,47,47,47],"current_hp_per_floor":[74,75,75,75,75,75,75,75,75,75,75,75,75,75,75,78,17,17,17,17,19,19,22,28,28,28,31,31,34,34,34,34,29,29,29,32,38,30,30,38,38,41,41,41,38,44,44,47,47,50,53],"gold":330,"neow_bonus":"","is_daily":false,"chose_seed":false,"campfire_upgraded":0,"win_rate":0.0,"timestamp":1612609420,"path_taken":["M","M","M","M","M","E","E","M","T","E","$","E","E","E","R","BOSS","M","?","$","M","?","E","E","$","T","E","M","E","$","E","R","BOSS","M","M","M","M","$","E","E","E","T","M","?","E","$","E","R","BOSS","BOSS"],"items_purchased_type":["Relic","Relic","Card","Relic","Card","Card","Card","Relic","Relic","Card","Relic","Relic","Card","Card","Relic","Relic","Card","Relic","Relic","Relic","Relic","Relic","Card"],"build_version":"2020-12-18","purchased_purges":2,"victory":true,"max_hp_per_floor":[75,75,75,75,75,75,75,75,75,75,75,75,75,75,75,78,17,17,17,17,19,19,22,28,28,28,31,31,34,34,34,34,29,29,29,32,38,38,38,38,38,41,41,41,41,44,44,47,47,50,53],"card_choices":[],"player_experience":641708,"relics_obtained":[{"floor":1.0,"key":"Bird Faced Urn"},{"floor":2.0,"key":"Dota2Spire:PowerTreads"},{"floor":3.0,"key":"hubris:ChampionShield"},{"floor":4.0,"key":"Chameleon Ring"},{"floor":5.0,"key":"Dota2Spire:Desolator"},{"floor":6.0,"key":"PillsDrop"},{"floor":7.0,"key":"ReplayTheSpireMod:Spearhead"},{"floor":8.0,"key":"GuppysHead"},{"floor":9.0,"key":"Replay:Bandana"},{"floor":10,"key":"Gambling Chip"},{"floor":12,"key":"Pocketwatch"},{"floor":13,"key":"Replay:Bottled Steam"},{"floor":14,"key":"Charon\u0027s Ashes"},{"floor":18,"key":"TuHaoJin"},{"floor":19,"key":"conspire:Flyswatter"},{"floor":21,"key":"War Paint"},{"floor":23,"key":"StrikeDummy"},{"floor":24,"key":"hubris:SphereOfDissonance"},{"floor":26,"key":"SalivaCoin"},{"floor":27,"key":"conspire:Dentures"},{"floor":28,"key":"Self Forming Clay"},{"floor":29,"key":"StoneCalendar"},{"floor":31,"key":"Dota2Spire:BladeMail"},{"floor":35,"key":"REME_HandOfSuture"},{"floor":36,"key":"hubris:TinFlute"},{"floor":37,"key":"Blue Doll"},{"floor":38,"key":"Blood Vial"},{"floor":40,"key":"TheBible"},{"floor":41,"key":"hubris:DuctTape"},{"floor":42,"key":"conspire:TopHat"},{"floor":43,"key":"TheBean"},{"floor":44,"key":"YumHeart"},{"floor":46,"key":"The Courier"},{"floor":48,"key":"Dream Catcher"}],"event_choices":[{"damage_healed":0,"gold_gain":0,"player_choice":"Leave","damage_taken":0,"max_hp_gain":0,"max_hp_loss":0,"event_name":"conspire:Investor","floor":45,"gold_loss":0}],"is_beta":true,"boss_relics":[{"not_picked":["Snecko Eye","Kintsugi"],"picked":"Philosopher\u0027s Stone"},{"not_picked":[]},{"not_picked":["Electric Blood","hubris:ScarierMask"],"picked":"construct:ClawGrip"},{"not_picked":[]}],"items_purged_floors":[11,30],"is_endless":false,"potions_floor_spawned":[1,2,5,6,7,16,18,21,23,27,31,35,40,41,46,48],"ascension_level":20}}