{"host":"eaiphzh066bwqdh7","time":1612572775,"event":{"mods":["BaseMod","Better Note","Halation","Hubris","Minty Spire (QoL Compilation)","Reliquary","Replay The Spire","StSLib"],"gold_per_floor":[116,129,148,4,4,31,31,48,48,48,65,82,5,39,39,39,39],"floor_reached":16,"language":"ENG","playtime":382,"items_purged":[],"score":134,"play_id":"61d26ec1-eeb1-40d1-bb18-dd6c97d98c75","local_time":"20210205195255","is_ascension_mode":true,"campfire_choices":[{"data":"MasterReality","floor":7,"key":"SMITH"},{"floor":10,"key":"REST"},{"data":"Study","floor":15,"key":"SMITH"}],"circlet_count":0,"master_deck":["Strike_P","Strike_P","Strike_P","Strike_P","Defend_P","Defend_P","Defend_P","Defend_P","Eruption","Vigilance","MasterReality+1","Study+1"],"relics":["PureWater","NeowsBlessing","Lee\u0027s Waffle","Bag of Preparation","hubris:BundleOfHerbs","hubris:TinFlute"],"acts_visited":["Exordium"],"potions_floor_usage":[6,12,14],"damage_taken":[{"damage":0,"enemies":"Small Slimes","floor":1,"turns":1},{"damage":0,"enemies":"Cultist","floor":2,"turns":1},{"damage":0,"enemies":"2 Louse","floor":3,"turns":1},{"damage":19,"enemies":"3 Sentries","floor":6,"turns":6},{"damage":0,"enemies":"Large Slime","floor":8,"turns":4},{"damage":1,"enemies":"2 Fungi Beasts","floor":11,"turns":5},{"damage":0,"enemies":"Looter","floor":12,"turns":1},{"damage":10,"enemies":"Gremlin Nob","floor":14,"turns":3},{"damage":153,"enemies":"Slime Boss","floor":16,"turns":8}],"seed_played":"9107550079072162688","potions_obtained":[{"floor":2,"key":"SneckoOil"},{"floor":5,"key":"Strength Potion"},{"floor":5,"key":"FairyPotion"},{"floor":6,"key":"SpeedPotion"},{"floor":8,"key":"Swift Potion"}],"is_trial":false,"path_per_floor":["M","M","M","$","?","E","R","M","T","R","M","M","$","E","R","B"],"character_chosen":"WATCHER","items_purchased":["Lee\u0027s Waffle","Study"],"campfire_rested":1,"item_purchase_floors":[4,13],"current_hp_per_floor":[72,72,72,79,79,60,60,60,60,79,78,78,78,68,68,0,0],"gold":39,"neow_bonus":"THREE_ENEMY_KILL","is_daily":false,"chose_seed":false,"campfire_upgraded":2,"win_rate":0.0,"timestamp":1612572775,"path_taken":["M","M","M","$","?","E","R","M","T","R","?","M","$","E","R","BOSS"],"items_purchased_type":["Relic","Card"],"build_version":"2020-12-22","purchased_purges":0,"victory":false,"max_hp_per_floor":[72,72,72,79,79,79,79,79,79,79,79,79,79,79,79,79,79],"card_choices":[{"not_picked":["FlurryOfBlows","ThirdEye","CutThroughFate"],"picked":"SKIP","floor":1},{"not_picked":["FlyingSleeves","Replay:AtTheReady","Weave"],"picked":"SKIP","floor":2},{"not_picked":["Perseverance","Conclude","Swivel"],"picked":"SKIP","floor":3},{"not_picked":["Protect","EmptyBody"],"picked":"MasterReality","floor":6},{"not_picked":["Fasting2","Consecrate","SashWhip"],"picked":"SKIP","floor":8},{"not_picked":["InnerPeace","CrushJoints","Wallop"],"picked":"SKIP","floor":11},{"not_picked":["FlurryOfBlows","Crescendo","SignatureMove"],"picked":"SKIP","floor":12},{"not_picked":["Indignation","Nirvana","EmptyBody"],"picked":"SKIP","floor":14}],"player_experience":270906,"relics_obtained":[{"floor":6,"key":"Bag of Preparation"},{"floor":9,"key":"hubris:BundleOfHerbs"},{"floor":14,"key":"hubris:TinFlute"}],"event_choices":[{"damage_healed":0,"gold_gain":0,"player_choice":"Got Potions","damage_taken":0,"max_hp_gain":0,"max_hp_loss":0,"event_name":"Lab","floor":5,"gold_loss":0}],"is_beta":false,"boss_relics":[],"items_purged_floors":[],"is_endless":false,"potions_floor_spawned":[2,6,8,11],"killed_by":"Slime Boss","ascension_level":4}}