{"host":"k7udt7atmcuzf6l0","time":1612594428,"event":{"mods":["AchievementEnabler","BaseMod","BetterRewards","Colored Map","Colored Powertips","Highlight Path","Minty Spire (QoL Compilation)","Quick Restart","Rare Cards Sparkle","Relic Stats","StSLib","UnlockEverythingMod"],"gold_per_floor":[115,115,126,146,32,32,45,79,79,10,10,41,60,75,75,179,179,192,192,204,224,173,173,192,192,216,216,141,160,179,211,211,310,310,322,335,335,335,385,416,41,41,41,41,51,51,61,111,111,111,111],"floor_reached":50,"language":"ZHS","playtime":1342,"items_purged":[],"score":527,"play_id":"a2aa76d6-6bac-4756-b4cf-2ab496e8252f","local_time":"20210206145348","is_ascension_mode":false,"campfire_choices":[{"data":"Flex","floor":6,"key":"SMITH"},{"data":"Rupture","floor":11,"key":"SMITH"},{"data":"Rage","floor":15,"key":"SMITH"},{"data":"Brutality","floor":23,"key":"SMITH"},{"data":"Rupture","floor":25,"key":"SMITH"},{"data":"Flex","floor":27,"key":"SMITH"},{"data":"Inflame","floor":32,"key":"SMITH"},{"data":"Double Tap","floor":42,"key":"SMITH"},{"data":"Seeing Red","floor":44,"key":"SMITH"},{"data":"Sword Boomerang","floor":46,"key":"SMITH"},{"data":"Reaper","floor":49,"key":"SMITH"}],"circlet_count":0,"master_deck":["Strike_R","Strike_R","Strike_R","Strike_R","Defend_R+1","Defend_R+1","Bash","Cleave","Flex+1","Pummel","Sword Boomerang+1","Headbutt","Combust","Reaper+1","Rupture+1","Rupture+1","Rage+1","Brutality+1","CurseOfTheBell","Inflame+1","True Grit+1","Sever Soul+1","Flex+1","Intimidate+1","Iron Wave+1","Metallicize+1","Double Tap+1","Sword Boomerang+1","Flex+1","Madness","Madness","Clothesline+1","Seeing Red+1","Iron Wave+1","Bloodletting","Clash+1"],"relics":["Burning Blood","White Beast Statue","Sundial","Eternal Feather","Calling Bell","Nunchaku","HornCleat","Ginger","War Paint","Ancient Tea Set","Coffee Dripper","Lizard Tail","Anchor","Bag of Preparation","Bag of Marbles","The Courier","TungstenRod"],"acts_visited":["Exordium","TheCity","TheBeyond"],"potions_floor_usage":[12,16,16,16,18,24,29,30,30,31,33,35,36,39,40,48,50,50],"damage_taken":[{"damage":7,"enemies":"2 Louse","floor":1,"turns":2},{"damage":6,"enemies":"Cultist","floor":3,"turns":3},{"damage":6,"enemies":"Jaw Worm","floor":4,"turns":2},{"damage":16,"enemies":"Blue Slaver","floor":7,"turns":3},{"damage":15,"enemies":"3 Sentries","floor":8,"turns":3},{"damage":23,"enemies":"Gremlin Nob","floor":12,"turns":4},{"damage":25,"enemies":"3 Louse","floor":13,"turns":4},{"damage":11,"enemies":"Exordium Wildlife","floor":14,"turns":4},{"damage":42,"enemies":"The Guardian","floor":16,"turns":8},{"damage":25,"enemies":"Shell Parasite","floor":18,"turns":5},{"damage":16,"enemies":"3 Byrds","floor":20,"turns":5},{"damage":45,"enemies":"Shelled Parasite and Fungi","floor":21,"turns":5},{"damage":16,"enemies":"Cultist and Chosen","floor":24,"turns":4},{"damage":25,"enemies":"Centurion and Healer","floor":29,"turns":4},{"damage":14,"enemies":"Snake Plant","floor":30,"turns":3},{"damage":40,"enemies":"Slavers","floor":31,"turns":4},{"damage":21,"enemies":"Champ","floor":33,"turns":8},{"damage":55,"enemies":"3 Shapes","floor":35,"turns":4},{"damage":2,"enemies":"Orb Walker","floor":36,"turns":3},{"damage":2,"enemies":"Mind Bloom Boss Battle","floor":39,"turns":3},{"damage":66,"enemies":"Nemesis","floor":40,"turns":8},{"damage":2,"enemies":"4 Shapes","floor":45,"turns":3},{"damage":12,"enemies":"Maw","floor":47,"turns":5},{"damage":5,"enemies":"2 Orb Walkers","floor":48,"turns":3},{"damage":23,"enemies":"Donu and Deca","floor":50,"turns":5}],"seed_played":"-3487026533791519811","potions_obtained":[{"floor":8,"key":"ColorlessPotion"},{"floor":12,"key":"Dexterity Potion"},{"floor":13,"key":"Weak Potion"},{"floor":14,"key":"AttackPotion"},{"floor":16,"key":"Weak Potion"},{"floor":18,"key":"Dexterity Potion"},{"floor":20,"key":"Ancient Potion"},{"floor":21,"key":"Regen Potion"},{"floor":24,"key":"PowerPotion"},{"floor":29,"key":"FairyPotion"},{"floor":30,"key":"Strength Potion"},{"floor":31,"key":"BlessingOfTheForge"},{"floor":33,"key":"DuplicationPotion"},{"floor":35,"key":"Weak Potion"},{"floor":36,"key":"FearPotion"},{"floor":39,"key":"AttackPotion"},{"floor":40,"key":"Dexterity Potion"},{"floor":45,"key":"Fire Potion"},{"floor":47,"key":"PowerPotion"},{"floor":48,"key":"Block Potion"}],"is_trial":false,"path_per_floor":["M","?","M","M","$","R","M","E","T","$","R","E","M","M","R","B",null,"M","?","M","M","$","R","M","R","T","R","?","M","M","E","R","B",null,"M","M","?","?","?","E","$","R","T","R","M","R","M","?","R","B"],"character_chosen":"IRONCLAD","items_purchased":["Headbutt","Combust","Rupture","Flex","Bag of Preparation","Bag of Marbles","Seeing Red"],"campfire_rested":0,"item_purchase_floors":[5,5,10,22,41,41,41],"current_hp_per_floor":[79,79,79,79,79,79,69,60,60,60,60,53,42,37,46,37,80,69,69,67,28,28,40,64,79,79,80,80,61,53,49,64,77,80,80,80,70,70,74,30,30,48,48,66,70,80,74,75,80,65,65],"gold":111,"neow_bonus":"THREE_CARDS","is_daily":false,"chose_seed":false,"campfire_upgraded":11,"win_rate":0.0,"timestamp":1612594428,"path_taken":["M","?","?","M","?","R","M","E","T","$","R","E","M","M","R","BOSS","M","?","?","M","$","R","M","R","T","R","?","M","M","E","R","BOSS","M","M","?","?","?","E","$","R","T","R","M","R","?","?","R","BOSS"],"items_purchased_type":["Card","Card","Card","Card","Relic","Relic","Card"],"build_version":"2020-12-22","purchased_purges":0,"victory":false,"max_hp_per_floor":[80,80,80,80,80,80,80,80,80,80,80,80,80,80,80,80,80,80,80,80,80,80,80,80,80,80,80,80,80,80,80,80,80,80,80,80,80,80,80,80,80,80,80,80,80,80,80,80,80,80,80],"relic_stats":{"Nunchaku":[14],"Lizard Tail":0,"counters":[25,105],"Sundial":[6],"Eternal Feather":103,"Bag of Preparation":[8],"Ginger":[6],"War Paint":["Defend_R","Defend_R"],"obtain_stats":[{"Eternal Feather":12,"The Courier":43,"Bag of Preparation":41,"Ginger":17,"War Paint":26,"Ancient Tea Set":31,"Burning Blood":0,"White Beast Statue":8,"Calling Bell":17,"Nunchaku":17,"Lizard Tail":39,"Anchor":40,"HornCleat":17,"Sundial":9,"Coffee Dripper":34,"Bag of Marbles":41,"TungstenRod":48},{"Eternal Feather":6,"The Courier":21,"Bag of Preparation":21,"Ginger":9,"War Paint":13,"Ancient Tea Set":16,"Burning Blood":0,"White Beast Statue":5,"Calling Bell":9,"Nunchaku":9,"Lizard Tail":20,"Anchor":21,"HornCleat":9,"Sundial":5,"Coffee Dripper":17,"Bag of Marbles":21,"TungstenRod":24},{"Eternal Feather":17,"The Courier":89,"Bag of Preparation":89,"Ginger":33,"War Paint":52,"Ancient Tea Set":63,"Burning Blood":0,"White Beast Statue":13,"Calling Bell":33,"Nunchaku":33,"Lizard Tail":81,"Anchor":89,"HornCleat":33,"Sundial":13,"Coffee Dripper":71,"Bag of Marbles":89,"TungstenRod":100}],"Burning Blood":134,"TungstenRod":11},"card_choices":[{"not_picked":["Pommel Strike","Battle Trance"],"picked":"Cleave","floor":0},{"not_picked":["Pommel Strike","Twin Strike"],"picked":"Flex","floor":1},{"not_picked":["Battle Trance","Thunderclap"],"picked":"Pummel","floor":3},{"not_picked":["Ghostly Armor","Second Wind"],"picked":"Sword Boomerang","floor":4},{"not_picked":["Clothesline","Perfected Strike","Twin Strike"],"picked":"SKIP","floor":7},{"not_picked":["Flame Barrier","Havoc"],"picked":"Reaper","floor":8},{"not_picked":["Iron Wave","Berserk"],"picked":"Rupture","floor":12},{"not_picked":["Sword Boomerang","Headbutt","Iron Wave"],"picked":"SKIP","floor":13},{"not_picked":["Iron Wave","Sword Boomerang"],"picked":"Rage","floor":14},{"not_picked":["Offering","Fiend Fire"],"picked":"Brutality","floor":16},{"not_picked":["Thunderclap+1","Flex"],"picked":"Inflame","floor":18},{"not_picked":["Sword Boomerang","Combust"],"picked":"True Grit+1","floor":20},{"not_picked":["Dropkick","Ghostly Armor"],"picked":"Sever Soul+1","floor":21},{"not_picked":["Feed","Iron Wave"],"picked":"Intimidate+1","floor":24},{"not_picked":["Armaments","Cleave"],"picked":"Iron Wave+1","floor":29},{"not_picked":["Pommel Strike","Cleave","Clothesline+1"],"picked":"SKIP","floor":30},{"not_picked":["Perfected Strike","Iron Wave"],"picked":"Metallicize+1","floor":31},{"not_picked":["Bludgeon","Reaper"],"picked":"Double Tap","floor":33},{"not_picked":["Body Slam","Perfected Strike"],"picked":"Sword Boomerang+1","floor":35},{"not_picked":["Armaments+1","Clash+1"],"picked":"Flex+1","floor":36},{"not_picked":["Power Through","Sentinel"],"picked":"Clothesline+1","floor":39},{"not_picked":["Berserk","Wild Strike","Sword Boomerang+1"],"picked":"SKIP","floor":40},{"not_picked":["Intimidate","True Grit"],"picked":"Iron Wave+1","floor":45},{"not_picked":["Pommel Strike","Pummel+1"],"picked":"Bloodletting","floor":47},{"not_picked":["Entrench","True Grit"],"picked":"Clash+1","floor":48}],"player_experience":56164,"relics_obtained":[{"floor":8,"key":"White Beast Statue"},{"floor":9,"key":"Sundial"},{"floor":12,"key":"Eternal Feather"},{"floor":17,"key":"Nunchaku"},{"floor":17,"key":"HornCleat"},{"floor":17,"key":"Ginger"},{"floor":26,"key":"War Paint"},{"floor":31,"key":"Ancient Tea Set"},{"floor":39,"key":"Lizard Tail"},{"floor":40,"key":"Anchor"},{"floor":43,"key":"The Courier"},{"floor":48,"key":"TungstenRod"}],"event_choices":[{"cards_removed":["Defend_R"],"damage_healed":0,"gold_gain":0,"player_choice":"Purged","damage_taken":0,"max_hp_gain":0,"max_hp_loss":0,"event_name":"Purifier","floor":2,"gold_loss":0},{"cards_removed":["Defend_R"],"damage_healed":0,"gold_gain":0,"player_choice":"Card Removal","damage_taken":0,"max_hp_gain":0,"max_hp_loss":0,"event_name":"Wheel of Change","floor":19,"gold_loss":0},{"cards_removed":["Strike_R"],"damage_healed":0,"gold_gain":0,"player_choice":"Gave Gold","damage_taken":0,"max_hp_gain":0,"max_hp_loss":0,"event_name":"Beggar","floor":28,"gold_loss":75},{"damage_healed":0,"gold_gain":0,"player_choice":"Embrace Madness","damage_taken":10,"max_hp_gain":0,"max_hp_loss":0,"event_name":"Winding Halls","floor":37,"gold_loss":0,"cards_obtained":["Madness","Madness"]},{"damage_healed":0,"gold_gain":0,"player_choice":"Ignored","damage_taken":0,"max_hp_gain":0,"max_hp_loss":0,"event_name":"Tomb of Lord Red Mask","floor":38,"gold_loss":0},{"damage_healed":0,"gold_gain":0,"player_choice":"Fight","damage_taken":0,"max_hp_gain":0,"max_hp_loss":0,"event_name":"MindBloom","floor":39,"gold_loss":0},{"damage_healed":0,"gold_gain":0,"player_choice":"Fight","damage_taken":0,"max_hp_gain":0,"max_hp_loss":0,"event_name":"Mysterious Sphere","floor":48,"gold_loss":0}],"is_beta":false,"boss_relics":[{"not_picked":["SlaversCollar","Tiny House"],"picked":"Calling Bell"},{"not_picked":["Mark of Pain","Pandora\u0027s Box"],"picked":"Coffee Dripper"}],"items_purged_floors":[],"is_endless":false,"potions_floor_spawned":[8,12,13,14,16,18,20,21,24,29,30,31,33,35,36,39,40,45,47,48],"killed_by":"Donu and Deca","ascension_level":0}}