{"host":"mhzgc0zma59jtmoj","time":1612584070,"event":{"mods":["BaseMod","BetterRewards","Custom Start","Glutton Mod","Ironclad Rager","Minty Spire (QoL Compilation)","Replay The Spire","Somnambulant","StSLib","The Cursed","The Hierophant","The Jungle","The Marked","The Necromancer","Treasure Hunter"],"gold_per_floor":[130,161,172,182,196,196,211,136,186,186,206,235,251,7,7,109,109,127,138,138,157,157,157,176,176,176,206,206,206,222,45,45,143,143,159,159,159,0,14,43,43,43,43,43,43,43],"floor_reached":45,"language":"ENG","playtime":3333,"items_purged":["Survivor+1","Neutralize","ICR:VenomStrike"],"score":462,"play_id":"d6d42813-4672-4320-b6ad-9cf4e64eea8c","local_time":"20210205230110","is_ascension_mode":false,"campfire_choices":[{"data":"Replay:Bag of Tricks","floor":6.0,"key":"SMITH"},{"data":"ICR:Dodge","floor":10.0,"key":"SMITH"},{"data":"Backflip","floor":15.0,"key":"SMITH"},{"data":"ReplayTheSpireMod:Necrosis","floor":23.0,"key":"SMITH"},{"floor":25.0,"key":"RECALL"},{"floor":28.0,"key":"REST"},{"floor":32.0,"key":"REST"},{"floor":41.0,"key":"REST"}],"circlet_count":0,"master_deck":["ICR:VenomStrike","ICR:VenomStrike+1","ICR:VenomStrike","ICR:Dodge+1","ICR:Dodge+1","ICR:Dodge+1","Backflip+1","Replay:Bag of Tricks+1","TH:Mimic","ReplayTheSpireMod:Necrosis+1","Footwork","Specialist","Specialist","TH:Mimic","Poison Darts+1","Pain","Writhe"],"relics":["Ring of the Snake","War Paint","Lantern","Blue Doll","Replay:Bronze Core","Gremlin Food","TungstenRod","theJungle:SpiritDisease","Ring of Chaos","ReplayTheSpireMod:Ring of Addiction","Chameleon Ring","Toy Ornithopter","ReplayTheSpireMod:Ring of Challenge","Red Mask","Counterbalance","Spirit Poop"],"acts_visited":["Exordium","Exordium","TheBeyond"],"potions_floor_usage":[45,45],"damage_taken":[{"damage":5.0,"enemies":"Jaw Worm","floor":1.0,"turns":5.0},{"damage":0.0,"enemies":"2 Louse","floor":3.0,"turns":3.0},{"damage":0.0,"enemies":"Cultist","floor":4.0,"turns":4.0},{"damage":1.0,"enemies":"3 Louse","floor":5.0,"turns":4.0},{"damage":2.0,"enemies":"Looter","floor":7.0,"turns":4.0},{"damage":9.0,"enemies":"Exordium Wildlife","floor":11.0,"turns":5.0},{"damage":12.0,"enemies":"Gremlin Nob","floor":12.0,"turns":4.0},{"damage":1.0,"enemies":"Large Slime","floor":13.0,"turns":7.0},{"damage":37.0,"enemies":"The Guardian","floor":16.0,"turns":10.0},{"damage":2.0,"enemies":"Shell Parasite","floor":18.0,"turns":5.0},{"damage":1.0,"enemies":"theJungle:GiantWrat","floor":19.0,"turns":4.0},{"damage":11.0,"enemies":"theJungle:Lyon","floor":21.0,"turns":5.0},{"damage":9.0,"enemies":"Snake Plant","floor":24.0,"turns":4.0},{"damage":14.0,"enemies":"theJungle:Cassacara","floor":27.0,"turns":8.0},{"damage":15.0,"enemies":"theJungle:Snecko_Cultist_And_Trap","floor":30.0,"turns":6.0},{"damage":1.0,"enemies":"theJungle:QueenSpyder","floor":33.0,"turns":11.0},{"damage":9.0,"enemies":"Orb Walker","floor":35.0,"turns":3.0},{"damage":9.0,"enemies":"3 Darklings","floor":39.0,"turns":6.0},{"damage":44.0,"enemies":"Reptomancer","floor":40.0,"turns":7.0},{"damage":63,"enemies":"Giant Head","floor":45,"turns":9}],"seed_played":"7677665249837601852","potions_obtained":[{"floor":2.0,"key":"Reflective Coating"},{"floor":3.0,"key":"Toxic Potion"},{"floor":4.0,"key":"Weak Potion"},{"floor":12.0,"key":"Adrenaline Potion"},{"floor":37.0,"key":"PowerPotion"},{"floor":37.0,"key":"Strength Potion"},{"floor":37.0,"key":"BlessingOfTheForge"},{"floor":39.0,"key":"DuplicationPotion"}],"is_trial":false,"path_per_floor":["M","?","M","M","M","R","M","$","T","R","M","E","M","$","R","B",null,"M","M","?","M","?","R","M","R","T","E","R","?","M","$","R","B",null,"M","$","?","?","M","E","R","?","T","$","E"],"character_chosen":"THE_SILENT","items_purchased":["Blue Doll","Specialist"],"campfire_rested":3,"item_purchase_floors":[14,31],"current_hp_per_floor":[65,65,65,65,64,64,62,62,62,62,53,41,40,40,40,3,70,68,67,70,59,59,59,50,50,50,36,57,57,42,42,63,62,70,61,61,61,61,52,13,34,52,52,52,0,0],"gold":43,"neow_bonus":"SILENT_POISONER","is_daily":false,"chose_seed":false,"campfire_upgraded":4,"win_rate":0.0,"timestamp":1612584070,"path_taken":["M","?","M","M","M","R","M","$","T","R","M","E","M","$","R","BOSS","M","M","?","?","?","R","M","R","T","E","R","?","M","$","R","BOSS","M","$","?","?","M","E","R","?","T","$","E"],"items_purchased_type":["Relic","Card"],"build_version":"2020-12-22","purchased_purges":3,"victory":false,"max_hp_per_floor":[70,70,70,70,70,70,70,70,70,70,70,70,70,70,70,70,70,70,70,70,70,70,70,70,70,70,70,70,70,70,70,70,70,70,70,70,70,70,70,70,70,70,70,68,68,68],"card_choices":[{"not_picked":["Quick Slash","Tactician","Prepared"],"picked":"SKIP","floor":1.0},{"not_picked":["Acrobatics","Flying Knee"],"picked":"Backflip","floor":3.0},{"not_picked":["Eviscerate","Bouncing Flask"],"picked":"Replay:Bag of Tricks","floor":4.0},{"not_picked":["Underhanded Strike","Outmaneuver","Hidden Blade"],"picked":"SKIP","floor":5.0},{"not_picked":["Finisher","Calculated Gamble","Blade Dance"],"picked":"SKIP","floor":7.0},{"not_picked":["TH:PixieDust"],"picked":"TH:Mimic","floor":9.0},{"not_picked":["Distraction","ReplayTheSpireMod:Tripwire","Dagger Spray"],"picked":"SKIP","floor":11.0},{"not_picked":["TH:EnergyPotion","TH:CopperCoins"],"picked":"SKIP","floor":12.0},{"not_picked":["Dodge and Roll","ReplayTheSpireMod:Exploit Weakness","Blade Dance"],"picked":"SKIP","floor":12.0},{"not_picked":["Replay:Bag of Tricks","Sucker Punch","Quick Slash"],"picked":"SKIP","floor":13.0},{"not_picked":["Grand Finale","Bullet Time"],"picked":"ReplayTheSpireMod:Necrosis","floor":16.0},{"not_picked":["Sucker Punch+1","Skewer","Sneak Up+1"],"picked":"SKIP","floor":18.0},{"not_picked":["Cloak And Dagger","Dodge and Roll"],"picked":"Footwork","floor":19.0},{"not_picked":["Accuracy+1","Skewer","Glass Knife"],"picked":"SKIP","floor":21.0},{"not_picked":["Acrobatics","Setup+1","ReplayTheSpireMod:Speed Training+1"],"picked":"SKIP","floor":24.0},{"not_picked":["TH:CursedSword","TH:EnergyPotion"],"picked":"SKIP","floor":26.0},{"not_picked":["TH:TreasureMap","TH:EnergyPotion"],"picked":"SKIP","floor":27.0},{"not_picked":["Setup","Bane","Dash"],"picked":"SKIP","floor":27.0},{"not_picked":["Well Laid Plans","Dash","Dagger Spray+1"],"picked":"SKIP","floor":30.0},{"not_picked":["TH:BikiniMail"],"picked":"TH:Mimic","floor":33.0},{"not_picked":["Wraith Form v2","Grand Finale"],"picked":"Poison Darts","floor":33.0},{"not_picked":["Deadly Poison+1","Concentrate+1","Acrobatics+1"],"picked":"SKIP","floor":35.0},{"not_picked":["Outmaneuver+1","Sucker Punch+1","Bane+1"],"picked":"SKIP","floor":39.0},{"not_picked":["TH:CopperCoins","TH:PixieDust"],"picked":"SKIP","floor":40.0},{"not_picked":["Infinite Blades","Acrobatics+1","Dash"],"picked":"SKIP","floor":40.0},{"not_picked":["TH:Mimic","TH:PixieDust"],"picked":"SKIP","floor":43.0}],"player_experience":240650,"relics_obtained":[{"floor":2.0,"key":"War Paint"},{"floor":12.0,"key":"Lantern"},{"floor":26.0,"key":"Gremlin Food"},{"floor":27.0,"key":"TungstenRod"},{"floor":37.0,"key":"ReplayTheSpireMod:Ring of Addiction"},{"floor":37.0,"key":"Chameleon Ring"},{"floor":37.0,"key":"Toy Ornithopter"},{"floor":37.0,"key":"ReplayTheSpireMod:Ring of Challenge"},{"floor":40.0,"key":"Counterbalance"},{"floor":43.0,"key":"Spirit Poop"}],"event_choices":[{"damage_healed":3.0,"max_hp_gain":0.0,"max_hp_loss":0.0,"gold_gain":0.0,"event_name":"Wheel of Change","player_choice":"Full Heal","floor":20.0,"gold_loss":0.0,"damage_taken":0.0},{"damage_healed":0.0,"max_hp_gain":0.0,"max_hp_loss":0.0,"gold_gain":0.0,"event_name":"Tomb of Lord Red Mask","player_choice":"Paid","floor":38.0,"gold_loss":159.0,"damage_taken":0.0,"relics_obtained":["Red Mask"]},{"damage_healed":18.0,"max_hp_gain":0.0,"max_hp_loss":0.0,"gold_gain":0.0,"event_name":"Winding Halls","player_choice":"Writhe","floor":42.0,"gold_loss":0.0,"damage_taken":0.0,"cards_obtained":["Writhe"]}],"is_beta":false,"boss_relics":[{"not_picked":["Astrolabe","ReplayTheSpireMod:DimensionalGlitch"],"picked":"Replay:Bronze Core"},{"not_picked":["HoveringKite","Velvet Choker"],"picked":"Ring of Chaos"}],"items_purged_floors":[8,14,31],"is_endless":false,"potions_floor_spawned":[3,4,12,13,18,39],"killed_by":"Giant Head","ascension_level":0}}