{"host":"zlfskofstem8q1jl","time":1612619549,"event":{"mods":["ATMod(∞¢Ë™Mod)","Act Like it!","BaseMod","Marisa£®ÏF”Í°°ƒß¿Ì…≥£©","Minty Spire (QoL Compilation)","Reimu£®≤©¿ˆ¡È√Œ£©","Remilia£®¿Ÿ√◊¿Ú—«£©","Replay The Spire","StSLib","The Animator"],"gold_per_floor":[113,123,134,149,165,165,184,36,62,79,93,103,136,156,156,156,156],"floor_reached":16,"language":"ZHS","playtime":2031,"items_purged":[],"score":135,"play_id":"c1d89c2d-68e4-4bc0-a024-7380ca880b13","local_time":"20210206215229","daily_mods":["Draft","Vintage","Heirloom"],"is_ascension_mode":false,"campfire_choices":[{"floor":6,"key":"REST"},{"floor":15,"key":"REST"}],"circlet_count":0,"master_deck":["AT_FamilyPortrait","animator:TsurugaMeisai","animator:Genos","animator:DolaRiku","animator:Elsword","animator:Ciel","animator:Emonzaemon","animator:DolaSchwi","animator:Kazuma","animator:Raven","animator:Laby","animator:Berserker","animator:Tatsumaki","animator:FielNirvalen","animator:YunYun","animator:DolaRiku","animator:Shigure","animator:Shigure","animator:ZankiKiguchi","animator:DolaCouronne","animator:Rider","animator:SilverFang","animator:ChlammyZell"],"relics":["animator:LivingPicture","animator:TheMissingPiece","AT_ATBox","CaptainsWheel","The Courier","MealTicket","AT_ForceNature","Blood Vial","AT_ChloranthyRing","AntiCross","Lantern","PreservedInsect","animator:WornHelmet","Gambling Chip","Bottled Flame","Dream Catcher"],"acts_visited":["Exordium"],"potions_floor_usage":[11,11,11,13,16],"damage_taken":[{"damage":0,"enemies":"Cultist","floor":1,"turns":3},{"damage":2,"enemies":"Small Slimes","floor":2,"turns":3},{"damage":2,"enemies":"2 Louse","floor":3,"turns":2},{"damage":2,"enemies":"Large Slime","floor":4,"turns":6},{"damage":13,"enemies":"Red Slaver","floor":5,"turns":4},{"damage":27,"enemies":"Exordium Thugs","floor":7,"turns":4},{"damage":0,"enemies":"Large Slime","floor":10,"turns":2},{"damage":8,"enemies":"Gremlin Gang","floor":11,"turns":3},{"damage":0,"enemies":"3 Louse","floor":12,"turns":2},{"damage":0,"enemies":"Gremlin Nob","floor":13,"turns":2},{"damage":0,"enemies":"Blue Slaver","floor":14,"turns":1},{"damage":75,"enemies":"Fading Forest","floor":16,"turns":7}],"seed_played":"-1141462413457272615","potions_obtained":[{"floor":1,"key":"Explosive Potion"},{"floor":5,"key":"SteroidPotion"},{"floor":10,"key":"ColorlessPotion"},{"floor":12,"key":"Adrenaline Potion"},{"floor":14,"key":"EssenceOfSteel"}],"is_trial":true,"path_per_floor":["M","M","M","M","M","R","M","$","T","M","M","M","E","M","R","B"],"character_chosen":"THE_ANIMATOR","items_purchased":["animator:Shigure","animator:ZankiKiguchi","animator:DolaCouronne","animator:Rider"],"campfire_rested":2,"item_purchase_floors":[8,8,8,8],"current_hp_per_floor":[66,64,62,60,49,66,39,54,54,56,50,62,64,66,66,0,0],"gold":156,"neow_bonus":"","is_daily":false,"chose_seed":false,"campfire_upgraded":0,"win_rate":0.0,"timestamp":1612619549,"path_taken":["M","M","M","M","M","R","M","$","T","M","M","M","E","M","R","BOSS"],"items_purchased_type":["Card","Card","Card","Card"],"build_version":"2020-12-22","purchased_purges":0,"victory":false,"max_hp_per_floor":[66,66,66,66,66,66,66,66,66,66,66,66,66,66,66,66,66],"card_choices":[{"not_picked":["animator:CrowleyEusford","animator:Megumin"],"picked":"animator:TsurugaMeisai","floor":0},{"not_picked":["animator:DolaCouronne","animator:Kazuma"],"picked":"animator:Genos","floor":0},{"not_picked":["animator:Yuuichirou","animator:Rider"],"picked":"animator:DolaRiku","floor":0},{"not_picked":["animator:Tet","animator:Mikaela"],"picked":"animator:Elsword","floor":0},{"not_picked":["animator:Konayuki","animator:HiiragiShinya"],"picked":"animator:Ciel","floor":0},{"not_picked":["animator:ShinjiMatou","animator:Geryuganshoop"],"picked":"animator:Emonzaemon","floor":0},{"not_picked":["animator:YunYun","animator:Tet"],"picked":"animator:DolaSchwi","floor":0},{"not_picked":["animator:Melzalgald","animator:Sonic"],"picked":"animator:Kazuma","floor":0},{"not_picked":["animator:Kazuma","animator:Ara"],"picked":"animator:Raven","floor":0},{"not_picked":["animator:Yoichi","animator:UneriGinkaku"],"picked":"animator:Laby","floor":0},{"not_picked":["animator:DolaSchwi","animator:Alexander"],"picked":"animator:Berserker","floor":0},{"not_picked":["animator:TsurugaMeisai","animator:Geryuganshoop"],"picked":"animator:Tatsumaki","floor":0},{"not_picked":["animator:Ara","animator:Shigure"],"picked":"animator:FielNirvalen","floor":0},{"not_picked":["animator:ShinjiMatou","animator:Mikaela"],"picked":"animator:YunYun","floor":0},{"not_picked":["animator:Alexander","animator:Raven"],"picked":"animator:DolaRiku","floor":0},{"not_picked":["animator:Verdia","animator:Aqua"],"picked":"animator:SilverFang","floor":13},{"not_picked":["animator:Ciel","animator:Chung"],"picked":"animator:ChlammyZell","floor":15}],"player_experience":80706,"relics_obtained":[{"floor":1,"key":"The Courier"},{"floor":2,"key":"MealTicket"},{"floor":3,"key":"AT_ForceNature"},{"floor":4,"key":"Blood Vial"},{"floor":5,"key":"AT_ChloranthyRing"},{"floor":7,"key":"AntiCross"},{"floor":9,"key":"Lantern"},{"floor":10,"key":"PreservedInsect"},{"floor":11,"key":"animator:WornHelmet"},{"floor":12,"key":"Gambling Chip"},{"floor":13,"key":"Bottled Flame"},{"floor":14,"key":"Dream Catcher"}],"event_choices":[],"is_beta":false,"boss_relics":[],"items_purged_floors":[],"is_endless":false,"potions_floor_spawned":[1,5,10,12,14],"killed_by":"Fading Forest","ascension_level":0}}