{"host":"zj59u6rib3fz4c79","time":1612651311,"event":{"mods":["AchievementEnabler","BaseMod","Bestiary","Colored Map","Colored Powertips","Highlight Path","Minty Spire (QoL Compilation)","StSLib"],"gold_per_floor":[209,209,141,161,171,203,203,229,229,229,259,224,224,241,241,336,336,354,304,284,209,209,209],"floor_reached":22,"language":"ENG","playtime":4254,"items_purged":["Strike_R"],"score":222,"play_id":"1846be2c-bdfe-4a0e-9464-7eda6ebaa2e7","local_time":"20210206164151","is_ascension_mode":true,"campfire_choices":[{"data":"Evolve","floor":7.0,"key":"SMITH"},{"floor":10.0,"key":"REST"},{"floor":13.0,"key":"REST"},{"data":"Wild Strike","floor":15,"key":"SMITH"}],"circlet_count":0,"master_deck":["Strike_R","Strike_R","Strike_R","Strike_R","Defend_R","Defend_R","Defend_R","Defend_R","Bash+1","Evolve+1","Wild Strike+1"],"relics":["Burning Blood","Mummified Hand","Ornamental Fan","InkBottle","Centennial Puzzle","SlaversCollar"],"acts_visited":["Exordium","TheCity"],"potions_floor_usage":[16,22,22],"damage_taken":[{"damage":4.0,"enemies":"2 Louse","floor":1.0,"turns":4.0},{"damage":6.0,"enemies":"Cultist","floor":4.0,"turns":4.0},{"damage":3.0,"enemies":"Jaw Worm","floor":5.0,"turns":4.0},{"damage":27.0,"enemies":"Gremlin Nob","floor":6.0,"turns":4.0},{"damage":28.0,"enemies":"3 Sentries","floor":8.0,"turns":10.0},{"damage":34.0,"enemies":"Gremlin Nob","floor":11.0,"turns":6.0},{"damage":13.0,"enemies":"Large Slime","floor":14.0,"turns":5.0},{"damage":81,"enemies":"Hexaghost","floor":16,"turns":10},{"damage":45,"enemies":"Shell Parasite","floor":18,"turns":6},{"damage":34,"enemies":"2 Thieves","floor":20,"turns":4},{"damage":0,"enemies":"Shelled Parasite and Fungi","floor":22,"turns":2}],"seed_played":"3238791308504957785","potions_obtained":[{"floor":1.0,"key":"GamblersBrew"},{"floor":8.0,"key":"EssenceOfSteel"},{"floor":14,"key":"BloodPotion"},{"floor":16,"key":"SkillPotion"}],"is_trial":false,"path_per_floor":["M","?","$","M","M","E","R","E","T","R","E","?","R","M","R","B",null,"M","?","M","$","M"],"character_chosen":"IRONCLAD","items_purchased":["Evolve"],"campfire_rested":2,"item_purchase_floors":[3],"current_hp_per_floor":[80,80,80,80,80,59,59,37,37,61,33,53,77,70,70,11,80,41,41,13,13,13,13],"gold":209,"neow_bonus":"HUNDRED_GOLD","is_daily":false,"chose_seed":false,"campfire_upgraded":2,"win_rate":0.0,"timestamp":1612651311,"path_taken":["M","?","$","?","M","E","R","E","T","R","E","?","R","M","R","BOSS","M","?","M","$","M"],"items_purchased_type":["Card"],"build_version":"2020-12-22","purchased_purges":1,"victory":false,"max_hp_per_floor":[80,80,80,80,80,80,80,80,80,80,80,80,80,80,80,80,80,80,80,80,80,80,80],"card_choices":[{"not_picked":["Infernal Blade","Fire Breathing","Clash"],"picked":"SKIP","floor":1.0},{"not_picked":["Twin Strike","Shrug It Off","Dark Embrace"],"picked":"SKIP","floor":4.0},{"not_picked":["Feel No Pain","Whirlwind"],"picked":"Wild Strike","floor":5.0},{"not_picked":["Inflame","Shockwave","Flame Barrier"],"picked":"SKIP","floor":6.0},{"not_picked":["Body Slam","Infernal Blade","Carnage"],"picked":"SKIP","floor":8.0},{"not_picked":["Uppercut","Rupture","Armaments"],"picked":"SKIP","floor":11.0},{"not_picked":["Headbutt","Sword Boomerang","Armaments"],"picked":"SKIP","floor":14},{"not_picked":["Iron Wave","Evolve","Hemokinesis+1"],"picked":"SKIP","floor":18},{"not_picked":["Thunderclap+1","Spot Weakness","Clothesline"],"picked":"SKIP","floor":20}],"player_experience":84594,"relics_obtained":[{"floor":6.0,"key":"Mummified Hand"},{"floor":8.0,"key":"Ornamental Fan"},{"floor":9.0,"key":"InkBottle"},{"floor":11.0,"key":"Centennial Puzzle"}],"event_choices":[{"damage_healed":0.0,"max_hp_gain":0.0,"max_hp_loss":0.0,"gold_gain":0.0,"event_name":"Upgrade Shrine","player_choice":"Upgraded","floor":2.0,"gold_loss":0.0,"damage_taken":0.0,"cards_upgraded":["Bash"]},{"damage_healed":20.0,"max_hp_gain":0.0,"max_hp_loss":0.0,"gold_gain":0.0,"event_name":"The Cleric","player_choice":"Healed","floor":12.0,"gold_loss":35.0,"damage_taken":0.0},{"damage_healed":0,"gold_gain":0,"player_choice":"Bet on Owner","damage_taken":0,"max_hp_gain":0,"max_hp_loss":0,"event_name":"The Joust","floor":19,"gold_loss":50}],"is_beta":false,"boss_relics":[{"not_picked":["Ectoplasm","Philosopher\u0027s Stone"],"picked":"SlaversCollar"}],"items_purged_floors":[21],"is_endless":false,"potions_floor_spawned":[1,8,14,16],"killed_by":"Shelled Parasite and Fungi","ascension_level":2}}