{"host":"wvcyfzs99um8is6a","time":1612580942,"event":{"mods":["AchievementEnabler","BaseMod","Colored Map","Colored Powertips","Highlight Path","Minty Spire (QoL Compilation)","Random Character Button","Relic Filter","StSLib","SuperFastMode"],"gold_per_floor":[169,182,257,268,268,303,313,313,386,414,414,424,424,196,196,292,292,302,314,314,94,111,111,211,228,228,228,241,97,113,13,13,108,108,127,146,146,21,41,41,67,78,102,102,113,113,113,129,129,129],"floor_reached":51,"language":"ENG","playtime":5300,"items_purged":["Strike_B","Defend_B","Strike_B"],"score":639,"play_id":"583998a4-226e-4a72-9d54-a338ea2cf01b","local_time":"20210205220902","is_ascension_mode":false,"campfire_choices":[{"data":"Zap","floor":8.0,"key":"SMITH"},{"data":"Echo Form","floor":13.0,"key":"SMITH"},{"data":"Chaos","floor":15.0,"key":"SMITH"},{"floor":23.0,"key":"REST"},{"data":"Dualcast","floor":27.0,"key":"SMITH"},{"data":"Echo Form","floor":32.0,"key":"SMITH"},{"data":"Loop","floor":40.0,"key":"SMITH"},{"floor":44.0,"key":"REST"},{"floor":47.0,"key":"REST"},{"floor":49.0,"key":"REST"}],"circlet_count":0,"master_deck":["Strike_B","Defend_B+1","Defend_B","Defend_B+1","Zap+1","Dualcast+1","Melter","Glacier+1","Echo Form+1","Chaos+1","Electrodynamics","Static Discharge","Loop+1","Self Repair+1","Double Energy+1","Echo Form+1","Doom and Gloom","Multi-Cast+1","Storm+1","Darkness+1","Dualcast+1"],"relics":["Cracked Core","Tiny House","Prayer Wheel","Cables","Dream Catcher","Runic Capacitor","Sozu","MutagenicStrength","Matryoshka","MealTicket","Anchor","Toxic Egg 2","SlaversCollar","Ornamental Fan","InkBottle","Kunai"],"acts_visited":["Exordium","TheCity","TheBeyond"],"potions_floor_usage":[50,50],"damage_taken":[{"damage":0.0,"enemies":"Small Slimes","floor":1.0,"turns":2.0},{"damage":1.0,"enemies":"2 Louse","floor":2.0,"turns":2.0},{"damage":1.0,"enemies":"Cultist","floor":4.0,"turns":3.0},{"damage":10.0,"enemies":"Lagavulin","floor":6.0,"turns":9.0},{"damage":9.0,"enemies":"3 Louse","floor":7.0,"turns":5.0},{"damage":6.0,"enemies":"Gremlin Nob","floor":10.0,"turns":4.0},{"damage":0.0,"enemies":"Exordium Thugs","floor":12.0,"turns":4.0},{"damage":9.0,"enemies":"The Guardian","floor":16.0,"turns":10.0},{"damage":7.0,"enemies":"3 Byrds","floor":18.0,"turns":2.0},{"damage":6.0,"enemies":"Shell Parasite","floor":19.0,"turns":6.0},{"damage":28.0,"enemies":"Chosen and Byrds","floor":22.0,"turns":4.0},{"damage":7.0,"enemies":"Shelled Parasite and Fungi","floor":25.0,"turns":9.0},{"damage":20.0,"enemies":"Snecko","floor":28.0,"turns":5.0},{"damage":3.0,"enemies":"Snake Plant","floor":30.0,"turns":4.0},{"damage":54.0,"enemies":"Automaton","floor":33.0,"turns":10.0},{"damage":2.0,"enemies":"3 Shapes","floor":35.0,"turns":5.0},{"damage":22.0,"enemies":"3 Darklings","floor":36.0,"turns":4.0},{"damage":34.0,"enemies":"Jaw Worm Horde","floor":39.0,"turns":4.0},{"damage":53.0,"enemies":"Nemesis","floor":41.0,"turns":5.0},{"damage":2.0,"enemies":"Sphere and 2 Shapes","floor":42.0,"turns":4.0},{"damage":63.0,"enemies":"Writhing Mass","floor":45.0,"turns":4.0},{"damage":26.0,"enemies":"Jaw Worm Horde","floor":48.0,"turns":3.0},{"damage":21,"enemies":"Time Eater","floor":50,"turns":5}],"seed_played":"4904810391615959355","potions_obtained":[{"floor":1.0,"key":"PotionOfCapacity"},{"floor":7.0,"key":"FocusPotion"},{"floor":12.0,"key":"BlessingOfTheForge"}],"is_trial":false,"path_per_floor":["M","M","?","M","?","E","M","R","T","E","?","M","R","$","R","B",null,"M","M","?","$","M","R","?","M","T","R","M","$","M","$","R","B",null,"M","M","?","$","M","R","E","M","T","R","M","?","R","M","R","B",null],"character_chosen":"DEFECT","items_purchased":["Runic Capacitor","Matryoshka","Loop","Toxic Egg 2"],"campfire_rested":4,"item_purchase_floors":[14,21,21,29],"current_hp_per_floor":[80,79,68,67,51,41,32,32,32,26,80,80,80,80,80,71,80,73,67,67,67,39,63,63,66,66,66,66,80,80,80,80,36,80,80,68,68,80,66,66,33,51,51,75,22,22,46,20,44,23],"gold":129,"neow_bonus":"RANDOM_COMMON_RELIC","is_daily":false,"chose_seed":false,"campfire_upgraded":6,"win_rate":0.0,"timestamp":1612580942,"path_taken":["M","M","?","M","?","E","M","R","T","E","?","?","R","$","R","BOSS","M","M","?","$","M","R","?","M","T","R","M","?","M","$","R","BOSS","M","M","?","?","M","R","E","M","T","R","M","?","R","M","R","BOSS"],"items_purchased_type":["Relic","Relic","Card","Relic"],"build_version":"2020-12-22","purchased_purges":3,"victory":true,"max_hp_per_floor":[80,80,80,80,80,80,80,80,80,80,80,80,80,80,80,80,80,80,80,80,80,80,80,80,80,80,80,80,80,80,80,80,80,80,80,80,80,80,80,80,80,80,80,80,80,80,80,80,80,80],"card_choices":[{"not_picked":["Coolheaded","Gash"],"picked":"Melter","floor":1.0},{"not_picked":["Beam Cell","Redo"],"picked":"Glacier","floor":2.0},{"not_picked":["Gash","Rebound","Coolheaded"],"picked":"SKIP","floor":4.0},{"not_picked":["Beam Cell","Hello World"],"picked":"Echo Form","floor":6.0},{"not_picked":["Leap","Go for the Eyes","Compile Driver"],"picked":"SKIP","floor":7.0},{"not_picked":["Consume","Gash","Leap"],"picked":"SKIP","floor":7.0},{"not_picked":["Steam","Scrape","Reboot"],"picked":"SKIP","floor":10.0},{"not_picked":["Aggregate","Sweeping Beam"],"picked":"Chaos","floor":12.0},{"not_picked":["Sweeping Beam","Ball Lightning","White Noise"],"picked":"SKIP","floor":12.0},{"not_picked":["Amplify","Core Surge"],"picked":"Electrodynamics","floor":16.0},{"not_picked":["Gash+1","Undo+1"],"picked":"Static Discharge","floor":18.0},{"not_picked":["Gash","Glacier","Stack"],"picked":"SKIP","floor":18.0},{"not_picked":["Rip and Tear","Coolheaded","Redo"],"picked":"SKIP","floor":19.0},{"not_picked":["Stack+1","Turbo","Steam Power+1"],"picked":"SKIP","floor":19.0},{"not_picked":["Beam Cell","Leap+1"],"picked":"Self Repair+1","floor":22.0},{"not_picked":["Steam Power","Aggregate","Stack"],"picked":"SKIP","floor":22.0},{"not_picked":["Ball Lightning","Tempest"],"picked":"Double Energy+1","floor":25.0},{"not_picked":["BootSequence","Rebound","Leap+1"],"picked":"SKIP","floor":25.0},{"not_picked":["Conserve Battery","Gash"],"picked":"Echo Form","floor":28.0},{"not_picked":["Rip and Tear","Scrape","Gash"],"picked":"SKIP","floor":28.0},{"not_picked":["Leap+1","Redo+1"],"picked":"Doom and Gloom","floor":30.0},{"not_picked":["Streamline","Turbo+1","Go for the Eyes+1"],"picked":"SKIP","floor":30.0},{"not_picked":["Echo Form","Machine Learning"],"picked":"Multi-Cast+1","floor":33.0},{"not_picked":["Loop+1","Steam+1"],"picked":"Storm+1","floor":35.0},{"not_picked":["Go for the Eyes","Gash+1","Cold Snap"],"picked":"SKIP","floor":35.0},{"not_picked":["Stack+1","Hello World"],"picked":"Darkness+1","floor":36.0},{"not_picked":["Hologram+1","Blizzard","Sweeping Beam+1"],"picked":"SKIP","floor":36.0},{"not_picked":["Electrodynamics","Chaos+1","Leap+1"],"picked":"SKIP","floor":39.0},{"not_picked":["Gash+1","Coolheaded+1","Beam Cell+1"],"picked":"SKIP","floor":39.0},{"not_picked":["Darkness+1","Static Discharge+1","Heatsinks"],"picked":"SKIP","floor":41.0},{"not_picked":["Rebound+1","Stack+1","Static Discharge"],"picked":"SKIP","floor":42.0},{"not_picked":["FTL","Darkness+1","Barrage"],"picked":"SKIP","floor":42.0},{"not_picked":["Stack+1","Redo+1","Rebound+1"],"picked":"SKIP","floor":45.0},{"not_picked":["Barrage","Beam Cell","Rebound+1"],"picked":"SKIP","floor":45.0},{"not_picked":["Leap+1","Scrape+1","Tempest+1"],"picked":"SKIP","floor":48.0},{"not_picked":["Glacier+1","Buffer","Cold Snap"],"picked":"SKIP","floor":48.0}],"player_experience":1006430,"relics_obtained":[{"floor":6.0,"key":"Prayer Wheel"},{"floor":9.0,"key":"Cables"},{"floor":10.0,"key":"Dream Catcher"},{"floor":26.0,"key":"MealTicket"},{"floor":26.0,"key":"Anchor"},{"floor":41.0,"key":"Ornamental Fan"},{"floor":43.0,"key":"InkBottle"},{"floor":43.0,"key":"Kunai"}],"event_choices":[{"damage_healed":0.0,"max_hp_gain":0.0,"max_hp_loss":0.0,"gold_gain":75.0,"event_name":"World of Goop","player_choice":"Gather Gold","floor":3.0,"gold_loss":0.0,"damage_taken":11.0},{"damage_healed":0.0,"max_hp_gain":0.0,"max_hp_loss":0.0,"gold_gain":0.0,"event_name":"Shining Light","player_choice":"Entered Light","floor":5.0,"gold_loss":0.0,"damage_taken":16.0,"cards_upgraded":["Glacier","Defend_B"]},{"damage_healed":54.0,"max_hp_gain":0.0,"max_hp_loss":0.0,"gold_gain":0.0,"event_name":"Wheel of Change","player_choice":"Full Heal","floor":11.0,"gold_loss":0.0,"damage_taken":0.0},{"damage_healed":0.0,"max_hp_gain":0.0,"max_hp_loss":0.0,"gold_gain":0.0,"event_name":"Drug Dealer","player_choice":"Inject Mutagens","floor":20.0,"gold_loss":0.0,"damage_taken":0.0,"relics_obtained":["MutagenicStrength"]},{"damage_healed":0.0,"max_hp_gain":0.0,"max_hp_loss":0.0,"gold_gain":100.0,"event_name":"Golden Shrine","player_choice":"Pray","floor":24.0,"gold_loss":0.0,"damage_taken":0.0},{"damage_healed":0.0,"max_hp_gain":0.0,"max_hp_loss":0.0,"gold_gain":0.0,"event_name":"Duplicator","player_choice":"Copied","floor":37.0,"gold_loss":0.0,"damage_taken":0.0,"cards_obtained":["Dualcast"]},{"cards_removed":["Strike_B"],"damage_healed":0.0,"max_hp_gain":0.0,"max_hp_loss":0.0,"gold_gain":0.0,"event_name":"Bonfire Elementals","player_choice":"Offered Basic","floor":46.0,"gold_loss":0.0,"damage_taken":0.0}],"is_beta":false,"boss_relics":[{"not_picked":["Cursed Key","Black Star"],"picked":"Sozu"},{"not_picked":["Philosopher\u0027s Stone","Empty Cage"],"picked":"SlaversCollar"}],"items_purged_floors":[14,31,38],"is_endless":false,"potions_floor_spawned":[1,7,12,16,18,28,33,35,39,45],"ascension_level":0}}