{"host":"g4s2zlagidtu703b","time":1612643823,"event":{"mods":["BaseMod","Colored Map","Colored Powertips","Lobotomy","Minty Spire (QoL Compilation)","StSLib"],"gold_per_floor":[110,128,128,145,157,184,184,218,218,218,230,256,273,54,54,54,54],"floor_reached":16,"language":"ENG","playtime":1380,"items_purged":["Mercenary"],"score":122,"play_id":"a1468980-a1bf-45c2-976d-c951607946a7","local_time":"20210206183703","is_ascension_mode":false,"campfire_choices":[{"data":"1","floor":10,"key":"LIFT"},{"data":"2","floor":15,"key":"LIFT"}],"circlet_count":0,"master_deck":["Strike_G","Strike_G","Strike_G","Strike_G","Strike_G+1","Defend_G","Defend_G","Defend_G","Defend_G+1","Defend_G","Survivor","Neutralize","Dagger Spray","QueenOfHatred","UniverseFragment","Acrobatics","QueenBee","OldLady","PlagueDoctor","Tools of the Trade","LaLuna","Bullet Time"],"relics":["Ring of the Snake","CogitoBucket","Letter Opener","WingedGreaves","Girya","AdjustmentMirror","Darkstone Periapt"],"acts_visited":["Exordium"],"potions_floor_usage":[6,12],"damage_taken":[{"damage":0,"enemies":"Small Slimes","floor":1,"turns":3},{"damage":1,"enemies":"2 Louse","floor":2,"turns":2},{"damage":0,"enemies":"Jaw Worm","floor":4,"turns":4},{"damage":3,"enemies":"Exordium Wildlife","floor":5,"turns":4},{"damage":34,"enemies":"Gremlin Nob","floor":6,"turns":6},{"damage":30,"enemies":"3 Sentries","floor":8,"turns":6},{"damage":5,"enemies":"Gremlin Gang","floor":11,"turns":4},{"damage":5,"enemies":"Lagavulin","floor":12,"turns":5},{"damage":0,"enemies":"Red Slaver","floor":13,"turns":2},{"damage":42,"enemies":"Hexaghost","floor":16,"turns":9}],"seed_played":"-4018756513595601794","potions_obtained":[{"floor":1,"key":"SkillPotion"},{"floor":11,"key":"PowerPotion"},{"floor":12,"key":"Ancient Potion"},{"floor":13,"key":"Dexterity Potion"}],"is_trial":false,"path_per_floor":["M","M","?","M","M","E","?","E","T","R","M","E","M","$","R","B"],"character_chosen":"THE_SILENT","items_purchased":["Bullet Time"],"campfire_rested":0,"item_purchase_floors":[14],"current_hp_per_floor":[70,69,55,61,70,36,36,15,15,15,22,29,35,35,35,0,0],"gold":54,"neow_bonus":"","is_daily":false,"chose_seed":false,"campfire_upgraded":0,"win_rate":0.0,"timestamp":1612643823,"path_taken":["M","M","?","M","M","E","?","E","T","R","M","E","M","$","R","BOSS"],"items_purchased_type":["Card"],"build_version":"2020-12-22","purchased_purges":1,"victory":false,"max_hp_per_floor":[70,70,70,70,70,70,70,70,70,70,70,70,70,70,70,70,70],"card_choices":[{"not_picked":["PunishingBird","Scorched"],"picked":"Mercenary","floor":1},{"not_picked":["Slice","PiercingWail"],"picked":"Dagger Spray","floor":1},{"not_picked":["Murderer","ShyLook"],"picked":"QueenOfHatred","floor":2},{"not_picked":["Sucker Punch","Dodge and Roll","Outmaneuver"],"picked":"SKIP","floor":2},{"not_picked":["QueenBee","DreamingCurrent"],"picked":"UniverseFragment","floor":4},{"not_picked":["Catalyst","Night Terror"],"picked":"Acrobatics","floor":4},{"not_picked":["Eviscerate","Slice","Finisher"],"picked":"SKIP","floor":5},{"not_picked":["Wellcheers","SpiderBud"],"picked":"QueenBee","floor":6},{"not_picked":["Reflex","Heel Hook","Masterful Stab"],"picked":"SKIP","floor":6},{"not_picked":["Underhanded Strike","Slice","Flying Knee"],"picked":"SKIP","floor":8},{"not_picked":["Murderer","MHz"],"picked":"OldLady","floor":11},{"not_picked":["Poisoned Stab","Backflip","Acrobatics"],"picked":"SKIP","floor":11},{"not_picked":["SpiderBud","OSAHOGD"],"picked":"PlagueDoctor","floor":12},{"not_picked":["Dagger Spray","Slice"],"picked":"Tools of the Trade","floor":12},{"not_picked":["RedShoes","SpiderBud"],"picked":"LaLuna","floor":13},{"not_picked":["Flying Knee","Slice","Outmaneuver"],"picked":"SKIP","floor":13}],"player_experience":165260,"relics_obtained":[{"floor":6,"key":"Letter Opener"},{"floor":8,"key":"WingedGreaves"},{"floor":9,"key":"Girya"},{"floor":12,"key":"Darkstone Periapt"}],"event_choices":[{"damage_healed":0,"gold_gain":0,"player_choice":"Entered Light","damage_taken":14,"max_hp_gain":0,"max_hp_loss":0,"event_name":"Shining Light","floor":3,"gold_loss":0,"cards_upgraded":["Defend_G","Strike_G"]},{"damage_healed":0,"gold_gain":0,"player_choice":"Ignored","damage_taken":0,"max_hp_gain":0,"max_hp_loss":0,"event_name":"Liars Game","floor":7,"gold_loss":0}],"is_beta":false,"boss_relics":[],"items_purged_floors":[14],"is_endless":false,"potions_floor_spawned":[1,11,12,13],"killed_by":"Hexaghost","ascension_level":0}}