{"host":"f9ntswufr8mq3t4y","time":1612638107,"event":{"mods":["AchievementEnabler","BaseMod","Best Route Mod","Block Reminder","Colored Map","Colored Powertips","Curses Come First","DeckTracker","Displayed Cursed Tome","Highlight Path","Minty Spire (QoL Compilation)","Permanent Neow","Quick Restart","Slay-I","StSLib"],"gold_per_floor":[116,116,63,63,80,115,115,127,153,153,170,203,215,253,265,372,384,414,426,294,294,311,311,325,325,325],"floor_reached":25,"language":"ENG","playtime":1219,"items_purged":[],"score":321,"play_id":"ab16d8b7-2e95-488c-b3d9-28329f17b94a","local_time":"20210206220147","is_ascension_mode":true,"campfire_choices":[{"floor":7,"key":"REST"},{"floor":10,"key":"REST"},{"floor":13,"key":"REST"},{"data":"Leg Sweep","floor":15,"key":"SMITH"},{"data":"Ghostly","floor":23,"key":"SMITH"}],"circlet_count":0,"master_deck":["Strike_G","Strike_G","Defend_G","Defend_G","Defend_G","Defend_G","Survivor","Neutralize","The Bomb","Dagger Throw","Dagger Throw","Masterful Stab","Leg Sweep+1","Acrobatics+1","Bullet Time+1","Heel Hook+1","Ghostly+1","Ghostly","Ghostly","Ghostly","Ghostly","Acrobatics+1","Prepared+1"],"relics":["Ring of the Snake","Art of War","WingedGreaves","Tiny Chest","MawBank","Gremlin Horn","Astrolabe","Oddly Smooth Stone"],"acts_visited":["Exordium","TheCity"],"potions_floor_usage":[6,11,12,25],"damage_taken":[{"damage":0,"enemies":"Small Slimes","floor":1,"turns":3},{"damage":1,"enemies":"2 Louse","floor":5,"turns":4},{"damage":17,"enemies":"Lagavulin","floor":6,"turns":5},{"damage":0,"enemies":"Jaw Worm","floor":8,"turns":3},{"damage":0,"enemies":"Red Slaver","floor":11,"turns":4},{"damage":10,"enemies":"3 Sentries","floor":12,"turns":3},{"damage":12,"enemies":"Gremlin Nob","floor":14,"turns":3},{"damage":26,"enemies":"The Guardian","floor":16,"turns":12},{"damage":13,"enemies":"Spheric Guardian","floor":18,"turns":4},{"damage":1,"enemies":"Chosen","floor":22,"turns":5},{"damage":24,"enemies":"Centurion and Healer","floor":24,"turns":8},{"damage":21,"enemies":"Book of Stabbing","floor":25,"turns":5}],"seed_played":"7797924220377839738","potions_obtained":[{"floor":1,"key":"Fire Potion"},{"floor":6,"key":"BlessingOfTheForge"},{"floor":8,"key":"Swift Potion"},{"floor":22,"key":"Regen Potion"}],"is_trial":false,"path_per_floor":["M","?","$","?","M","E","R","M","T","R","M","E","R","E","R","B",null,"M","?","$","?","M","R","M","E"],"character_chosen":"THE_SILENT","items_purchased":["Dagger Throw","Oddly Smooth Stone"],"campfire_rested":3,"item_purchase_floors":[3,20],"current_hp_per_floor":[45,38,38,26,25,8,29,29,29,50,50,40,61,49,49,23,58,45,35,35,31,30,30,6,0,0],"gold":325,"neow_bonus":"RANDOM_COLORLESS_2","is_daily":false,"chose_seed":false,"campfire_upgraded":2,"win_rate":0.0,"timestamp":1612638107,"path_taken":["M","?","$","?","M","E","R","M","T","R","M","E","R","E","R","BOSS","M","?","$","?","?","R","M","E"],"items_purchased_type":["Card","Relic"],"build_version":"2020-12-22","purchased_purges":0,"victory":false,"max_hp_per_floor":[70,70,70,70,70,70,70,70,70,70,70,70,70,70,70,70,70,70,35,35,40,40,40,40,40,40],"card_choices":[{"not_picked":["Secret Weapon","Thinking Ahead"],"picked":"The Bomb","floor":0},{"not_picked":["Quick Slash","Distraction"],"picked":"Dagger Throw","floor":1},{"not_picked":["Catalyst","Quick Slash"],"picked":"Masterful Stab","floor":5},{"not_picked":["Blade Dance","Catalyst","Cloak And Dagger"],"picked":"SKIP","floor":6},{"not_picked":["Deflect","Backflip"],"picked":"Leg Sweep","floor":8},{"not_picked":["Poisoned Stab","Flying Knee","Glass Knife"],"picked":"SKIP","floor":11},{"not_picked":["Flying Knee","Quick Slash","Cloak And Dagger"],"picked":"SKIP","floor":12},{"not_picked":["Quick Slash","Backflip","Outmaneuver"],"picked":"SKIP","floor":14},{"not_picked":["Flying Knee","Outmaneuver","Blade Dance"],"picked":"SKIP","floor":18},{"not_picked":["Bane","Cloak And Dagger+1"],"picked":"Acrobatics+1","floor":22},{"not_picked":["Quick Slash","Dagger Throw+1"],"picked":"Prepared+1","floor":24}],"player_experience":405359,"relics_obtained":[{"floor":6,"key":"WingedGreaves"},{"floor":9,"key":"Tiny Chest"},{"floor":12,"key":"MawBank"},{"floor":14,"key":"Gremlin Horn"}],"event_choices":[{"cards_removed":["Strike_G"],"damage_healed":0,"gold_gain":0,"player_choice":"Card Removal","damage_taken":7,"max_hp_gain":0,"max_hp_loss":0,"event_name":"Golden Wing","floor":2,"gold_loss":0},{"damage_healed":0,"gold_gain":0,"player_choice":"Success","damage_taken":12,"relics_obtained":["Art of War"],"max_hp_gain":0,"max_hp_loss":0,"event_name":"Scrap Ooze","floor":4,"gold_loss":0},{"damage_healed":0,"gold_gain":0,"player_choice":"Became a Ghost","damage_taken":0,"max_hp_gain":0,"max_hp_loss":35,"event_name":"Ghosts","floor":19,"gold_loss":0,"cards_obtained":["Ghostly","Ghostly","Ghostly","Ghostly","Ghostly"]},{"damage_healed":0,"gold_gain":0,"player_choice":"Shed Blood","damage_taken":9,"max_hp_gain":5,"max_hp_loss":0,"event_name":"Forgotten Altar","floor":21,"gold_loss":0}],"is_beta":false,"boss_relics":[{"not_picked":["Ectoplasm","Cursed Key"],"picked":"Astrolabe"}],"items_purged_floors":[],"is_endless":false,"potions_floor_spawned":[1,6,8,22],"killed_by":"Book of Stabbing","ascension_level":7}}