{"host":"TheHustler","time":1612619257,"event":{"mods":["BaseMod","Block Reminder","Colored Map","Colored Powertips","Minty Spire (QoL Compilation)","Quick Restart","StSLib","SuperFastMode","Unceasing Turn Reminder"],"gold_per_floor":[111,123,123,123,10,10,28,28,28,28,0,0,40,61,61,184,184,205,205,221,221,246,286,286,311,311,311,334,334,334,334],"floor_reached":30,"language":"ENG","playtime":476,"items_purged":[],"score":248,"play_id":"ee1b359b-3807-4910-97a5-de539e5a1266","local_time":"20210206144737","is_ascension_mode":false,"campfire_choices":[{"data":"Zap","floor":6,"key":"SMITH"},{"data":"Redo","floor":10,"key":"SMITH"},{"data":"Defragment","floor":12,"key":"SMITH"},{"floor":15,"key":"REST"},{"floor":24,"key":"REST"},{"data":"Biased Cognition","floor":27,"key":"SMITH"}],"circlet_count":0,"master_deck":["Strike_B","Defend_B","Defend_B","Defend_B","Zap+1","Dualcast","Redo+1","Leap","Ball Lightning","Defragment+1","Tempest","Leap","White Noise","Cold Snap","Core Surge","Go for the Eyes+1","Creative AI","Loop","Conserve Battery","Dramatic Entrance","Lockon","Stack+1","Biased Cognition+1"],"relics":["Cracked Core","Golden Idol","Kunai","Boot","Shuriken","Runic Dome","Ice Cream","Eternal Feather"],"acts_visited":["Exordium","TheCity"],"potions_floor_usage":[13,23,29,29,29,29,29],"damage_taken":[{"damage":1,"enemies":"Jaw Worm","floor":1,"turns":3},{"damage":0,"enemies":"2 Louse","floor":2,"turns":2},{"damage":3,"enemies":"Small Slimes","floor":7,"turns":2},{"damage":12,"enemies":"Lagavulin","floor":13,"turns":4},{"damage":11,"enemies":"Exordium Wildlife","floor":14,"turns":4},{"damage":23,"enemies":"The Guardian","floor":16,"turns":8},{"damage":12,"enemies":"2 Thieves","floor":18,"turns":4},{"damage":6,"enemies":"Spheric Guardian","floor":20,"turns":3},{"damage":4,"enemies":"Shelled Parasite and Fungi","floor":22,"turns":4},{"damage":29,"enemies":"Slavers","floor":23,"turns":4},{"damage":0,"enemies":"Snecko","floor":25,"turns":2},{"damage":6,"enemies":"Chosen and Byrds","floor":28,"turns":3},{"damage":16,"enemies":"Colosseum Slavers","floor":29,"turns":3},{"damage":20,"enemies":"Book of Stabbing","floor":30,"turns":4}],"seed_played":"3388416773259919923","potions_obtained":[{"floor":1,"key":"BlessingOfTheForge"},{"floor":7,"key":"Weak Potion"},{"floor":13,"key":"AttackPotion"},{"floor":14,"key":"FearPotion"},{"floor":20,"key":"EntropicBrew"},{"floor":23,"key":"LiquidMemories"},{"floor":28,"key":"AttackPotion"}],"is_trial":false,"path_per_floor":["M","M","?","?","$","R","M","?","T","R","?","R","E","M","R","B",null,"M","?","M","?","M","E","R","M","T","R","M","?","E"],"character_chosen":"DEFECT","items_purchased":["Defragment","Tempest"],"campfire_rested":2,"item_purchase_floors":[5,5],"current_hp_per_floor":[74,74,69,62,62,62,59,34,34,34,34,34,22,11,31,8,69,57,57,51,39,35,6,26,26,26,38,32,16,0,0],"gold":334,"neow_bonus":"TRANSFORM_CARD","is_daily":false,"chose_seed":false,"campfire_upgraded":4,"win_rate":0.0,"timestamp":1612619257,"path_taken":["M","M","?","?","$","R","M","?","T","R","?","R","E","M","R","BOSS","M","?","M","?","M","E","R","M","T","R","?","?","E"],"items_purchased_type":["Card","Card"],"build_version":"2020-12-18","purchased_purges":0,"victory":false,"max_hp_per_floor":[75,75,69,69,69,69,69,69,69,69,69,69,69,69,69,69,69,69,69,69,69,69,69,69,69,69,69,69,69,69,69],"card_choices":[{"not_picked":["Consume","Go for the Eyes"],"picked":"Leap","floor":1},{"not_picked":["Recycle","Barrage"],"picked":"Ball Lightning","floor":2},{"not_picked":["Doom and Gloom","Genetic Algorithm"],"picked":"Leap","floor":7},{"not_picked":["Turbo","Chill"],"picked":"White Noise","floor":13},{"not_picked":["Barrage","Rip and Tear"],"picked":"Cold Snap","floor":14},{"not_picked":["All For One","Hyperbeam"],"picked":"Core Surge","floor":16},{"not_picked":["Melter","Tempest+1"],"picked":"Go for the Eyes+1","floor":18},{"not_picked":["Streamline","Steam"],"picked":"Conserve Battery","floor":20},{"not_picked":["Loop","Rebound"],"picked":"Lockon","floor":22},{"not_picked":["Rip and Tear+1","Leap"],"picked":"Stack+1","floor":23},{"not_picked":["Steam+1","Sweeping Beam"],"picked":"Biased Cognition","floor":25},{"not_picked":["Undo","Doom and Gloom","Consume"],"picked":"SKIP","floor":28}],"player_experience":667609,"relics_obtained":[{"floor":9,"key":"Boot"},{"floor":13,"key":"Shuriken"},{"floor":23,"key":"Ice Cream"},{"floor":26,"key":"Eternal Feather"}],"event_choices":[{"damage_healed":0,"gold_gain":0,"player_choice":"Lose Max HP","damage_taken":0,"relics_obtained":["Golden Idol"],"max_hp_gain":0,"max_hp_loss":6,"event_name":"Golden Idol","floor":3,"gold_loss":0},{"cards_removed":["Defend_B"],"damage_healed":0,"gold_gain":0,"player_choice":"Card Removal","damage_taken":7,"max_hp_gain":0,"max_hp_loss":0,"event_name":"Golden Wing","floor":4,"gold_loss":0},{"damage_healed":0,"gold_gain":0,"player_choice":"Success","damage_taken":25,"relics_obtained":["Kunai"],"max_hp_gain":0,"max_hp_loss":0,"event_name":"Scrap Ooze","floor":8,"gold_loss":0},{"damage_healed":0,"gold_gain":0,"player_choice":"Left Gold","damage_taken":0,"max_hp_gain":0,"max_hp_loss":0,"event_name":"World of Goop","floor":11,"gold_loss":28},{"damage_healed":0,"gold_gain":0,"cards_transformed":["Strike_B","Strike_B"],"player_choice":"Became Test Subject","damage_taken":0,"max_hp_gain":0,"max_hp_loss":0,"event_name":"Drug Dealer","floor":19,"gold_loss":0,"cards_obtained":["Creative AI","Loop"]},{"damage_healed":0,"gold_gain":0,"player_choice":"CARD ","damage_taken":12,"max_hp_gain":0,"max_hp_loss":0,"event_name":"Knowing Skull","floor":21,"potions_obtained":[],"gold_loss":0,"cards_obtained":["Dramatic Entrance"]},{"damage_healed":0,"gold_gain":0,"player_choice":"Fight","damage_taken":0,"max_hp_gain":0,"max_hp_loss":0,"event_name":"Colosseum","floor":29,"gold_loss":0},{"damage_healed":0,"gold_gain":0,"player_choice":"Fled From Nobs","damage_taken":0,"max_hp_gain":0,"max_hp_loss":0,"event_name":"Colosseum","floor":29,"gold_loss":0}],"is_beta":true,"boss_relics":[{"not_picked":["Runic Pyramid","Nuclear Battery"],"picked":"Runic Dome"}],"items_purged_floors":[],"is_endless":false,"potions_floor_spawned":[1,7,13,14,20,23,25,28],"killed_by":"Book of Stabbing","ascension_level":0}}