{"host":"92wikg47w8puei5b","time":1612641783,"event":{"mods":["BaseMod","Better Match","Better Note","Better Skull","Better Third Choice","Better-Laid Plans","Colored Map","Downfall","Emptier Cage","Highlight Path","Hubris","Minty Spire (QoL Compilation)","StSLib","The Problem Sleuth"],"gold_per_floor":[99,118,131,144,163,197,197,122,122,137,87,100,117,117,134,229,279,229,243,255,273,292,321,321,352,365,378,389,389,407,407,407,407],"floor_reached":31,"language":"ENG","playtime":1648,"items_purged":[],"score":312,"play_id":"bb846f15-3df0-40c2-bc32-f5a3c2c116e3","local_time":"20210206150303","is_ascension_mode":false,"campfire_choices":[{"data":"Slimebound:CorrosiveSpit","floor":1,"key":"SMITH"},{"floor":11,"key":"REST"},{"data":"Slimebound:MinionMaster","floor":18,"key":"SMITH"}],"circlet_count":0,"master_deck":["Slimebound:Strike_Slimebound+1","Slimebound:Strike_Slimebound","Slimebound:Tackle","Slimebound:Defend_Slimebound","Slimebound:Defend_Slimebound","Slimebound:Defend_Slimebound","Slimebound:Defend_Slimebound","Slimebound:Split","Slimebound:CorrosiveSpit+1","Slimebound:LeechLife","Slimebound:LeechingTouch","Slimebound:MinionMaster+1","Slimebound:SplitLeeching","Slimebound:SlimeBrawl","Slimebound:Prepare","Slimebound:SlimeBarrage","Slimebound:HauntingLick","Slimebound:Overexert","Slimebound:HungryTackle","Slimebound:Prepare","Slimebound:Prepare","Slimebound:ForwardTackle","Slimebound:ForwardTackle+1","Slimebound:PrepareCrush","Slimebound:Schlurp+1","Slimebound:SlimeBarrage+1","Slimebound:LeechingTouch+1"],"relics":["Slimebound:AbsorbEndCombat","Bird Faced Urn","hubris:MysteriousPyramids","Slimebound:GreedOozeRelic","hubris:SphereOfDissonance","Tiny House","Strawberry","Shuriken","Thread and Needle"],"acts_visited":["Exordium","TheCity"],"potions_floor_usage":[5,13,19,22,25,25,26,28],"damage_taken":[{"damage":1,"enemies":"Cultist","floor":2,"turns":4},{"damage":8,"enemies":"2 Louse","floor":3,"turns":3},{"damage":2,"enemies":"Small Slimes","floor":4,"turns":4},{"damage":13,"enemies":"Gremlin Gang","floor":5,"turns":6},{"damage":26,"enemies":"3 Sentries","floor":6,"turns":10},{"damage":1,"enemies":"Large Slime","floor":10,"turns":5},{"damage":7,"enemies":"2 Fungi Beasts","floor":12,"turns":4},{"damage":8,"enemies":"Exordium Thugs","floor":13,"turns":4},{"damage":5,"enemies":"Blue Slaver","floor":15,"turns":3},{"damage":9,"enemies":"SI_SHIV_ARCHETYPE","floor":16,"turns":8},{"damage":19,"enemies":"3 Byrds","floor":19,"turns":4},{"damage":4,"enemies":"Spheric Guardian","floor":20,"turns":4},{"damage":36,"enemies":"3 Cultists","floor":21,"turns":6},{"damage":2,"enemies":"Centurion and Healer","floor":22,"turns":4},{"damage":27,"enemies":"Book of Stabbing","floor":23,"turns":5},{"damage":24,"enemies":"Slavers","floor":25,"turns":3},{"damage":0,"enemies":"Snake Plant","floor":26,"turns":3},{"damage":0,"enemies":"Shelled Parasite and Fungi","floor":27,"turns":6},{"damage":7,"enemies":"Cultist and Chosen","floor":28,"turns":7},{"damage":0,"enemies":"Centurion and Healer","floor":30,"turns":5},{"damage":0,"enemies":"Snake Plant","floor":31,"turns":1}],"seed_played":"2393808168921408198","potions_obtained":[{"floor":3,"key":"DuplicationPotion"},{"floor":6,"key":"Swift Potion"},{"floor":10,"key":"champ:CounterPotion"},{"floor":13,"key":"Fruit Juice"},{"floor":17,"key":"LiquidMemories"},{"floor":21,"key":"AttackPotion"},{"floor":23,"key":"DuplicationPotion"},{"floor":25,"key":"Guardian:BlockOnCardUsePotion"},{"floor":28,"key":"Energy Potion"},{"floor":30,"key":"Fire Potion"}],"is_trial":false,"path_per_floor":["R","M","M","M","M","E","T","?","?","M","R","M","M","?","M","B",null,"R","M","M","M","M","E","T","E","M","M","M","?","M","M"],"character_chosen":"SLIMEBOUND","items_purchased":[],"campfire_rested":1,"item_purchase_floors":[],"current_hp_per_floor":[65,65,59,65,58,34,34,34,22,31,50,53,51,51,50,53,70,70,58,60,38,44,32,32,10,14,22,33,33,39,39,39,39],"gold":407,"neow_bonus":"ONE_RANDOM_RARE_CARD","is_daily":false,"chose_seed":false,"campfire_upgraded":2,"win_rate":0.0,"timestamp":1612641783,"path_taken":["R","M","M","M","M","E","T","?","?","M","R","M","M","?","M","BOSS","R","M","M","?","M","E","T","E","M","M","M","?","?","M"],"items_purchased_type":[],"build_version":"2020-12-22","purchased_purges":0,"victory":false,"max_hp_per_floor":[65,65,65,65,65,65,65,65,65,65,65,65,65,65,65,65,70,70,75,75,75,75,82,82,82,82,82,82,82,82,82,82,82],"card_choices":[{"not_picked":["Slimebound:ItLooksTasty","Slimebound:GoopSpray"],"picked":"Slimebound:LeechingTouch","floor":2},{"not_picked":["Slimebound:SplitAcid","Slimebound:PressTheAttack"],"picked":"Slimebound:MinionMaster","floor":3},{"not_picked":["Slimebound:RollThrough","Slimebound:HauntingLick"],"picked":"Slimebound:SplitLeeching","floor":4},{"not_picked":["Slimebound:HauntingLick","Slimebound:ComboTackle","Slimebound:FinishingTackle"],"picked":"SKIP","floor":5},{"not_picked":["Slimebound:SlimeSlap","Slimebound:ServeAndProtect"],"picked":"Slimebound:SlimeBrawl","floor":6},{"not_picked":["Slimebound:FinishingTackle","Slimebound:ComboTackle","Slimebound:Chomp"],"picked":"SKIP","floor":10},{"not_picked":["Slimebound:LeechEnergy","Slimebound:ServeAndProtect"],"picked":"Slimebound:Prepare","floor":12},{"not_picked":["Slimebound:SlimeSpikes","Slimebound:FlameTackle"],"picked":"Slimebound:SlimeBarrage","floor":13},{"not_picked":["Slimebound:MegaLick","Slimebound:BestDefense"],"picked":"Slimebound:HauntingLick","floor":15},{"not_picked":["Slimebound:OneTwoCombo","Slimebound:MassFeed"],"picked":"Slimebound:Overexert","floor":16},{"not_picked":["Slimebound:LeechingTouch","Slimebound:FlameTackle"],"picked":"Slimebound:HungryTackle","floor":17},{"not_picked":["Slimebound:GoopTackle","Slimebound:FinishingTackle"],"picked":"Slimebound:Prepare","floor":19},{"not_picked":["Slimebound:FormOfPuddle","Slimebound:Gluttony"],"picked":"Slimebound:Prepare","floor":20},{"not_picked":["Slimebound:SpikyOuterGoop","Slimebound:LivingWall"],"picked":"Slimebound:ForwardTackle","floor":21},{"not_picked":["Slimebound:GoopTackle","Slimebound:ItLooksTasty"],"picked":"Slimebound:ForwardTackle+1","floor":22},{"not_picked":["Slimebound:LevelUp+1","Slimebound:LeadByExample"],"picked":"Slimebound:PrepareCrush","floor":23},{"not_picked":["Slimebound:TongueLash","Slimebound:LevelUp"],"picked":"Slimebound:Schlurp+1","floor":25},{"not_picked":["Slimebound:Chomp","Slimebound:ItLooksTasty","Slimebound:ComboTackle"],"picked":"SKIP","floor":26},{"not_picked":["Slimebound:LeadByExample","Slimebound:BestDefense"],"picked":"Slimebound:SlimeBarrage+1","floor":27},{"not_picked":["Slimebound:SlimeBarrage","Slimebound:ForwardTackle"],"picked":"Slimebound:LeechingTouch+1","floor":28},{"not_picked":["Slimebound:SlimeSlap","Slimebound:RollThrough+1","Slimebound:ComboTackle"],"picked":"SKIP","floor":30}],"player_experience":567914,"relics_obtained":[{"floor":6,"key":"Bird Faced Urn"},{"floor":7,"key":"hubris:MysteriousPyramids"},{"floor":23,"key":"Strawberry"},{"floor":24,"key":"Shuriken"},{"floor":25,"key":"Thread and Needle"}],"event_choices":[{"damage_healed":0,"gold_gain":0,"player_choice":"Success","damage_taken":12,"relics_obtained":["hubris:SphereOfDissonance"],"max_hp_gain":0,"max_hp_loss":0,"event_name":"Scrap Ooze","floor":9,"gold_loss":0}],"is_beta":false,"boss_relics":[{"not_picked":["hubris:GrandSneckoEye","Coffee Dripper"],"picked":"Tiny House"}],"items_purged_floors":[],"is_endless":false,"potions_floor_spawned":[3,6,10,13,21,23,25,28,30],"killed_by":"Snake Plant","ascension_level":0}}