{"host":"hfxahm4y1ssattqc","time":1612586969,"event":{"mods":["2.2 Compatiblity","Act Like it!","Aspiration","BaseMod","Beaked The Cultist","Better Third Choice","BetterRewards","Colored Map","Colored Powertips","Custom Start","Downfall","Googly Eyes","Halation","Hallownest","Hermit","Highlight Path","Hubris","Mimic Mod","Minty Spire (QoL Compilation)","Reorder Act Four","Replay The Spire","Shop Mod","Spikes Relics","StSLib","The Bug Knight","The IronCluck","The Jungle","Unknown Chances","slay the spire mod where everything is the same but ironclad has a cowboy hat"],"gold_per_floor":[99,114,214,228,246,246,289,312,312,312,162,35,57,99,116,225,225,225,250,267,81,81,96,143,143,170,170,170,163,184,184,211,322,322,322,349,367,377,377,377,377],"floor_reached":39,"language":"ENG","playtime":2509,"items_purged":[],"score":435,"play_id":"b3ff9fde-290f-4749-af5b-9ede8bf7f097","local_time":"20210205204929","is_ascension_mode":false,"campfire_choices":[{"data":"hexamod:Float","floor":1,"key":"SMITH"},{"data":"hexamod:SoulSteal","floor":9,"key":"SMITH"},{"floor":18,"key":"DIG"},{"data":"Mayhem","floor":25,"key":"SMITH"},{"data":"Guardian:AncientConstruct","floor":35,"key":"SMITH"}],"circlet_count":0,"master_deck":["hexamod:Strike","hexamod:Strike","hexamod:Strike","hexamod:Strike","hexamod:Defend","hexamod:Defend","hexamod:Defend","hexamod:Defend+1","hexamod:Sear","hexamod:Float+1","hexamod:EtherealExpedition","hexamod:SoulSteal+1","hexamod:SecondSeal","hexamod:EmpoweredFlame","hexamod:FirstSeal","hexamod:TimeOfNeed","hexamod:TimeOfNeed","hexamod:HexaLevel","hexamod:SoulSteal","hexamod:GhostOfSpirePresent","Mayhem+1","hexamod:Rewind+1","Mayhem+1","Guardian:AncientConstruct+1","expansioncontent:QuickStudy","Slimebound:SplitMire+1"],"relics":["hexamod:SpiritBrand","hubris:OldNail","Centennial Puzzle","Sandwich","Ginger","hubris:Towel","BrokenLever","Pantograph","PrismaticShard","beaked:SacredDeck"],"acts_visited":["Exordium","TheCity","TheBeyond"],"potions_floor_usage":[14,16],"damage_taken":[{"damage":6,"enemies":"Jaw Worm","floor":2,"turns":5},{"damage":0,"enemies":"Cultist","floor":4,"turns":3},{"damage":8,"enemies":"Small Slimes","floor":5,"turns":4},{"damage":4,"enemies":"Gremlin Gang","floor":7,"turns":10},{"damage":37,"enemies":"Gremlin Gang","floor":8,"turns":5},{"damage":0,"enemies":"downfall:FleeingMerchant","floor":12,"turns":4},{"damage":19,"enemies":"Blue Slaver","floor":13,"turns":4},{"damage":54,"enemies":"3 Sentries","floor":14,"turns":11},{"damage":2,"enemies":"2 Fungi Beasts","floor":15,"turns":4},{"damage":25,"enemies":"SI_SHIV_ARCHETYPE","floor":16,"turns":10},{"damage":24,"enemies":"Spheric Guardian","floor":19,"turns":6},{"damage":2,"enemies":"Shell Parasite","floor":20,"turns":5},{"damage":2,"enemies":"downfall:FleeingMerchant","floor":21,"turns":4},{"damage":18,"enemies":"Snecko","floor":23,"turns":6},{"damage":11,"enemies":"Shelled Parasite and Fungi","floor":24,"turns":6},{"damage":7,"enemies":"Shelled Parasite and Fungi","floor":26,"turns":8},{"damage":0,"enemies":"downfall:FleeingMerchant","floor":29,"turns":4},{"damage":0,"enemies":"Snake Plant","floor":30,"turns":4},{"damage":24,"enemies":"3 Cultists","floor":32,"turns":5},{"damage":26,"enemies":"DF_ARCHETYPE_CLAW","floor":33,"turns":7},{"damage":17,"enemies":"3 Shapes","floor":36,"turns":6},{"damage":29,"enemies":"3 Darklings","floor":37,"turns":6},{"damage":28,"enemies":"Transient","floor":38,"turns":5},{"damage":29,"enemies":"Writhing Mass","floor":39,"turns":2}],"seed_played":"-2877341576572062050","potions_obtained":[{"floor":4,"key":"BlessingOfTheForge"},{"floor":6,"key":"Adrenaline Potion"},{"floor":6,"key":"DistilledChaos"},{"floor":14,"key":"SkillPotion"},{"floor":16,"key":"Weak Potion"},{"floor":23,"key":"Doom Potion"},{"floor":26,"key":"DuplicationPotion"}],"is_trial":false,"path_per_floor":["R_BF","M","?","M","M","?","MIM","M","R","?","?","$","M","E","M","B",null,"R_BF","M","M","$","?","M","MIM","R","M","?","?","$","M","?","M","B",null,"R","M","M","M","M"],"character_chosen":"THE_SPIRIT","items_purchased":["hexamod:TimeOfNeed","Mayhem"],"campfire_rested":0,"item_purchase_floors":[12,21],"current_hp_per_floor":[77,71,71,71,63,63,59,22,22,22,87,87,75,28,33,15,87,87,70,75,73,73,55,51,51,51,51,43,50,57,57,40,46,87,87,77,55,27,0,0,0],"gold":377,"neow_bonus":"TEN_PERCENT_HP_BONUS","is_daily":false,"chose_seed":false,"campfire_upgraded":4,"win_rate":0.0,"timestamp":1612586969,"path_taken":["R_BF","M","?","M","?","?","MIM","M","R","?","?","$","?","E","M","BOSS","R_BF","M","M","?","?","M","MIM","R","M","?","?","$","M","?","M","BOSS","R","M","M","M","M"],"items_purchased_type":["Card","Card"],"build_version":"2020-12-22","purchased_purges":0,"victory":false,"max_hp_per_floor":[77,77,77,77,77,77,77,77,77,77,87,87,87,87,87,87,87,87,87,87,87,87,87,87,87,87,87,87,87,87,87,87,87,87,87,87,87,87,87,87,87],"card_choices":[{"not_picked":["hexamod:Firestarter","hexamod:FastForward"],"picked":"hexamod:EtherealExpedition","floor":2},{"not_picked":["hexamod:FastForward","hexamod:SpectersWail"],"picked":"hexamod:SoulSteal","floor":4},{"not_picked":["hexamod:SpectersWail","hexamod:SwordOfDarkness"],"picked":"hexamod:SecondSeal","floor":5},{"not_picked":["hexamod:RetreatToShadows","hexamod:SpectralAdrenaline"],"picked":"hexamod:EmpoweredFlame","floor":7},{"not_picked":["hexamod:AdvancingGuard","hexamod:GhostLash"],"picked":"hexamod:FirstSeal","floor":8},{"not_picked":["hexamod:NightmareStrike","hexamod:EmpoweredFlame","hexamod:HauntingEcho"],"picked":"SKIP","floor":12},{"not_picked":["hexamod:ChargedBarrage","hexamod:StepThrough"],"picked":"hexamod:HexaLevel","floor":13},{"not_picked":["hexamod:GhostShield","hexamod:GhostOfSpirePast","hexamod:Hexaguard"],"picked":"SKIP","floor":14},{"not_picked":["hexamod:HeatMetal","hexamod:Hexaguard"],"picked":"hexamod:SoulSteal","floor":15},{"not_picked":["hexamod:GhostflameInferno","hexamod:TimeOfNeed"],"picked":"hexamod:GhostOfSpirePresent","floor":16},{"not_picked":["hexamod:HauntingEcho","hexamod:AdvancingGuard","hexamod:Incineration"],"picked":"SKIP","floor":19},{"not_picked":["hexamod:InspiringFlames","hexamod:ShieldOfDarkness","hexamod:EtherealExpedition"],"picked":"SKIP","floor":20},{"not_picked":["hexamod:HauntingEcho+1","hexamod:InspiringFlames","hexamod:Haunt"],"picked":"SKIP","floor":21},{"not_picked":["hexamod:HauntingEcho","hexamod:RetreatToShadows","hexamod:BurningTouch+1"],"picked":"SKIP","floor":23},{"not_picked":["hexamod:HeatCrush","hexamod:Hexaguard","hexamod:SpectersWail+1"],"picked":"SKIP","floor":26},{"not_picked":["hexamod:NightmareGuise+1","hexamod:GhostLash+1"],"picked":"hexamod:Rewind+1","floor":28},{"not_picked":["Replay:Cycle","beaked:Evade","hexamod:GhostflameBarrier"],"picked":"SKIP","floor":29},{"not_picked":["bronze:ChosenStrike","champ:EndlessRage","bronze:OilSpill"],"picked":"SKIP","floor":30},{"not_picked":["champ:Haymaker","champ:StanceDance","sneckomod:UnknownUncommonPower"],"picked":"SKIP","floor":32},{"not_picked":["hermit:FromBeyond","champ:SteelEdge"],"picked":"Guardian:AncientConstruct","floor":33},{"not_picked":["HollowMod:NewJinnsSoul+1","Abandon+1","hermit:Dive"],"picked":"SKIP","floor":36},{"not_picked":["beaked:BraceForImpact","Eviscerate","beaked:Mantra+1"],"picked":"SKIP","floor":37},{"not_picked":["beaked:Tweet","Bane"],"picked":"Slimebound:SplitMire+1","floor":38}],"player_experience":953017,"relics_obtained":[{"floor":7,"key":"hubris:OldNail"},{"floor":14,"key":"Centennial Puzzle"},{"floor":18,"key":"Ginger"},{"floor":24,"key":"BrokenLever"},{"floor":24,"key":"Pantograph"},{"floor":28,"key":"PrismaticShard"}],"event_choices":[{"damage_healed":0,"gold_gain":0,"player_choice":"Got Potions","damage_taken":0,"max_hp_gain":0,"max_hp_loss":0,"event_name":"Lab","floor":6,"gold_loss":0}],"is_beta":false,"boss_relics":[{"not_picked":["Honey Jar","Tiny House"],"picked":"Sandwich"},{"not_picked":["Snecko Eye","halation:Yufonium"],"picked":"beaked:SacredDeck"}],"items_purged_floors":[],"is_endless":false,"potions_floor_spawned":[4,13,14,16,20,23,26,30,33,37],"killed_by":"Writhing Mass","ascension_level":0}}