{"host":"08t08ld674si40tv","time":1612619890,"event":{"mods":["AchievementEnabler","BaseMod","Colored Map","Minty Spire (QoL Compilation)","StSLib","SuperFastMode"],"gold_per_floor":[135,285,347,77,146,146,204,272,272,272,1,70,70,104,104,229,229,274,274,274,292,9,9,9],"floor_reached":23,"language":"KOR","playtime":880,"items_purged":["Doubt"],"score":398,"play_id":"fe1e3078-f0cd-4070-b4e3-1976a842f9e5","local_time":"20210206225810","is_ascension_mode":true,"campfire_choices":[{"floor":6,"key":"REST"},{"data":"Beam Cell","floor":10,"key":"SMITH"},{"floor":13,"key":"REST"},{"data":"Recycle","floor":15,"key":"SMITH"}],"circlet_count":0,"master_deck":["AscendersBane","Strike_B","Strike_B","Strike_B","Strike_B","Defend_B","Defend_B","Defend_B","Defend_B","Zap","Dualcast","HandOfGreed+1","Turbo","Undo","Hologram","Beam Cell+1","BootSequence","Heatsinks","Recycle+1","FTL","Coolheaded+1","Capacitor+1","Creative AI+1","Cold Snap","Ghostly+1","Ghostly+1","Ghostly+1","Glacier+1"],"relics":["Cracked Core","Membership Card","The Courier","Omamori","Oddly Smooth Stone","Orrery","FossilizedHelix","The Courier","Medical Kit","Toxic Egg 2","Regal Pillow","Frozen Egg 2","Black Star","ClockworkSouvenir","Matryoshka","Gremlin Horn"],"acts_visited":["Exordium","TheCity"],"potions_floor_usage":[14,16,23,23],"damage_taken":[{"damage":4,"enemies":"Jaw Worm","floor":1,"turns":4},{"damage":20,"enemies":"Small Slimes","floor":3,"turns":5},{"damage":5,"enemies":"2 Louse","floor":5,"turns":5},{"damage":24,"enemies":"3 Sentries","floor":7,"turns":10},{"damage":0,"enemies":"Exordium Wildlife","floor":8,"turns":6},{"damage":6,"enemies":"3 Louse","floor":12,"turns":5},{"damage":6,"enemies":"Gremlin Nob","floor":14,"turns":4},{"damage":65,"enemies":"Slime Boss","floor":16,"turns":14},{"damage":17,"enemies":"Shell Parasite","floor":18,"turns":7},{"damage":0,"enemies":"Spheric Guardian","floor":21,"turns":14},{"damage":38,"enemies":"Book of Stabbing","floor":23,"turns":7}],"seed_played":"4915762693257508360","potions_obtained":[{"floor":7,"key":"Explosive Potion"},{"floor":12,"key":"Ancient Potion"},{"floor":21,"key":"FearPotion"}],"is_trial":false,"path_per_floor":["M","?","M","$","M","R","E","M","T","R","$","M","R","E","R","B",null,"M","?","?","M","$","E"],"character_chosen":"DEFECT","items_purchased":["Omamori","Undo","Oddly Smooth Stone","Orrery","Medical Kit","Toxic Egg 2","Regal Pillow","FTL","ClockworkSouvenir","Matryoshka","Gremlin Horn","Fire Potion"],"campfire_rested":2,"item_purchase_floors":[4,4,4,4,11,11,11,11,22,22,22,22],"current_hp_per_floor":[60,60,40,40,35,56,32,32,32,32,32,26,62,56,56,1,54,37,35,35,35,35,0,0],"gold":9,"neow_bonus":"RANDOM_COLORLESS_2","is_daily":false,"chose_seed":false,"campfire_upgraded":2,"win_rate":0.0,"timestamp":1612619890,"path_taken":["M","?","M","$","M","R","E","M","T","R","$","M","R","E","R","BOSS","M","?","?","M","$","E"],"items_purchased_type":["Relic","Card","Relic","Relic","Relic","Relic","Relic","Card","Relic","Relic","Relic","Potion"],"build_version":"2020-12-22","purchased_purges":1,"victory":false,"max_hp_per_floor":[71,71,71,71,71,71,71,71,71,71,71,71,71,71,71,71,71,71,35,35,35,35,35,35],"card_choices":[{"not_picked":["Stack","Rebound","Compile Driver"],"picked":"SKIP","floor":1},{"not_picked":["Leap","Storm"],"picked":"Turbo","floor":3},{"not_picked":["Barrage","White Noise"],"picked":"Hologram","floor":4},{"not_picked":["Rip and Tear","Turbo"],"picked":"Beam Cell","floor":4},{"not_picked":["Ball Lightning","Melter"],"picked":"BootSequence","floor":4},{"not_picked":["Gash","Hyperbeam"],"picked":"Heatsinks","floor":4},{"not_picked":["Redo","Rebound","Barrage"],"picked":"SKIP","floor":5},{"not_picked":["Stack","Barrage"],"picked":"Recycle","floor":7},{"not_picked":["Redo","Steam","Compile Driver"],"picked":"SKIP","floor":8},{"not_picked":["Turbo+1","Barrage"],"picked":"Coolheaded+1","floor":12},{"not_picked":["Meteor Strike","Redo+1"],"picked":"Capacitor+1","floor":14},{"not_picked":["Fission+1","Echo Form+1"],"picked":"Creative AI+1","floor":16},{"not_picked":["Sunder","Redo+1"],"picked":"Cold Snap","floor":18},{"not_picked":["Barrage+1","Conserve Battery+1","Streamline"],"picked":"SKIP","floor":21}],"player_experience":293740,"relics_obtained":[{"floor":7,"key":"FossilizedHelix"},{"floor":9,"key":"The Courier"},{"floor":14,"key":"Frozen Egg 2"}],"event_choices":[{"damage_healed":0,"gold_gain":150,"player_choice":"AGREE","damage_taken":0,"max_hp_gain":0,"max_hp_loss":0,"event_name":"Liars Game","floor":2,"gold_loss":0,"cards_obtained":["Doubt"]},{"damage_healed":0,"gold_gain":0,"player_choice":"Became a Ghost","damage_taken":0,"max_hp_gain":0,"max_hp_loss":36,"event_name":"Ghosts","floor":19,"gold_loss":0,"cards_obtained":["Ghostly","Ghostly","Ghostly"]},{"damage_healed":0,"gold_gain":0,"player_choice":"Read","damage_taken":0,"max_hp_gain":0,"max_hp_loss":0,"event_name":"The Library","floor":20,"gold_loss":0,"cards_obtained":["Glacier"]}],"is_beta":false,"boss_relics":[{"not_picked":["Nuclear Battery","SacredBark"],"picked":"Black Star"}],"items_purged_floors":[4],"is_endless":false,"potions_floor_spawned":[7,12,21],"killed_by":"Book of Stabbing","ascension_level":20}}