{"host":"fvux6yoihym3ucic","time":1612577615,"event":{"mods":["BaseMod","Curses Come First","Downfall","Energized Spire","Hermit","Infinite Spire","Minty Spire (QoL Compilation)","Rare Cards Sparkle","Replay The Spire","Spire Arcade","StSLib","The Cursed"],"gold_per_floor":[361,376,376,376,386,386,398,398,421,32,32,52,67,81,81,186,186,198,198,198,216,216,227,227,227,281,281,281,103,116,131,131,236,236,249,149,165,165,165,165,197,197,251,251,263,275,289,307,307,307,307],"floor_reached":50,"language":"ENG","playtime":1965,"items_purged":["Shame","TheCursedMod:Dregs","Bite","Bite"],"score":616,"play_id":"86afb328-6aad-47e6-8d08-630cbb7c5159","local_time":"20210205211335","is_ascension_mode":false,"campfire_choices":[{"data":"Zap","floor":6.0,"key":"SMITH"},{"floor":15.0,"key":"REST"},{"floor":24,"key":"REST"},{"floor":27,"key":"RECALL"},{"floor":32,"key":"REST"},{"data":"ReplayTheSpireMod:Black Plague","floor":40,"key":"SMITH"},{"data":"Rainbow","floor":42,"key":"SMITH"},{"floor":49,"key":"REST"}],"circlet_count":0,"master_deck":["Defend_B","Zap+1","Dualcast","infinitespire:Starlight","Bandage Up","Rainbow+1","ReplayTheSpireMod:Black Plague+1","Bite","Bite","Bite","FTL","Electrodynamics","All For One"],"relics":["Replay:M_SmolderingBlood","infinitespire:Cubic Diamond","Mango","Kintsugi","Omamori","Gremlin Horn","Garlic","Bronze Scales","SlaversCollar","Replay:Kaleidoscope","Replay:Wax Seal"],"acts_visited":["Exordium","TheCity","TheBeyond"],"potions_floor_usage":[23,29,33,41,50,50,50],"damage_taken":[{"damage":0.0,"enemies":"Small Slimes","floor":1.0,"turns":2.0},{"damage":7.0,"enemies":"2 Louse","floor":2.0,"turns":2.0},{"damage":8.0,"enemies":"Jaw Worm","floor":5.0,"turns":3.0},{"damage":26.0,"enemies":"Exordium Thugs","floor":7.0,"turns":5.0},{"damage":8.0,"enemies":"3 Louse","floor":12.0,"turns":4.0},{"damage":11.0,"enemies":"Red Slaver","floor":13.0,"turns":3.0},{"damage":20.0,"enemies":"2 Fungi Beasts","floor":14.0,"turns":4.0},{"damage":63.0,"enemies":"The Guardian","floor":16.0,"turns":14.0},{"damage":50,"enemies":"Shell Parasite","floor":18,"turns":7},{"damage":23,"enemies":"3 Byrds","floor":21,"turns":4},{"damage":1,"enemies":"Snake Plant","floor":23,"turns":3},{"damage":5,"enemies":"Snecko","floor":30,"turns":4},{"damage":40,"enemies":"3 Cultists","floor":31,"turns":5},{"damage":51,"enemies":"Pondfish","floor":33,"turns":10},{"damage":18,"enemies":"3 Shapes","floor":35,"turns":3},{"damage":27,"enemies":"Orb Walker","floor":37,"turns":4},{"damage":44,"enemies":"Nemesis","floor":41,"turns":7},{"damage":20,"enemies":"3 Darklings","floor":45,"turns":4},{"damage":26,"enemies":"Jaw Worm Horde","floor":46,"turns":3},{"damage":21,"enemies":"Transient","floor":47,"turns":5},{"damage":24,"enemies":"Sphere and 2 Shapes","floor":48,"turns":4},{"damage":69,"enemies":"Time Eater","floor":50,"turns":6}],"seed_played":"-5343574639633338637","potions_obtained":[{"floor":1.0,"key":"Dexterity Potion"},{"floor":5.0,"key":"sneckomod:MuddlingPotion"},{"floor":13.0,"key":"hexamod:SoulburnPotion"},{"floor":14.0,"key":"LifebloodPotion"},{"floor":18,"key":"Explosive Potion"},{"floor":21,"key":"sneckomod:MuddlingPotion"},{"floor":31,"key":"infinitespire:BlackPotion"},{"floor":35,"key":"Dexterity Potion"},{"floor":41,"key":"Dexterity Potion"},{"floor":45,"key":"PowerPotion"},{"floor":47,"key":"ColorlessPotion"}],"is_trial":false,"path_per_floor":["M","M","?","?","M","R","M","?","T","$","?","M","M","M","R","B",null,"M","?","AVR","M","?","M","R","?","T","R","?","$","M","M","R","B",null,"M","$","M","AVR","?","R","E","R","T","?","M","M","M","M","R","B"],"character_chosen":"DEFECT","items_purchased":["Mango","Bandage Up","Fruit Juice"],"campfire_rested":4,"item_purchase_floors":[10,10,29],"current_hp_per_floor":[75,68,68,68,60,60,34,15,15,29,29,35,38,32,58,9,89,39,39,39,30,13,26,54,54,54,54,54,59,70,34,55,48,70,64,64,61,61,61,61,42,42,42,42,38,34,31,23,44,0,0],"gold":307,"neow_bonus":"TWO_FIFTY_GOLD","is_daily":false,"chose_seed":false,"campfire_upgraded":3,"win_rate":0.0,"timestamp":1612577615,"path_taken":["M","M","?","?","M","R","M","?","T","$","?","M","?","M","R","BOSS","M","?","AVR","?","?","M","R","?","T","R","?","$","M","M","R","BOSS","M","$","M","AVR","?","R","E","R","T","?","M","M","M","?","R","BOSS"],"items_purchased_type":["Relic","Card","Potion"],"build_version":"2020-12-22","purchased_purges":4,"victory":false,"max_hp_per_floor":[75,75,75,75,75,75,75,75,75,89,89,89,89,89,89,89,89,89,89,89,89,94,94,94,94,94,94,65,70,70,70,70,70,70,70,70,70,70,70,70,70,70,70,70,70,70,70,70,70,70,70],"card_choices":[{"not_picked":["Beam Cell","Redo","ReplaySolidLightProjector"],"picked":"SKIP","floor":1.0},{"not_picked":["BasicCrystalCard","Redo","Conserve Battery"],"picked":"SKIP","floor":2.0},{"not_picked":["Crystallizer","FlyingSleeves","Loop"],"picked":"SKIP","floor":5.0},{"not_picked":["Beam Cell","Rip and Tear","Halt"],"picked":"SKIP","floor":7.0},{"not_picked":["infinitespire:Execution","ReplayTheSpireMod:Book of Names"],"picked":"infinitespire:Starlight","floor":8.0},{"not_picked":["Streamline","Defragment","Whirlwind"],"picked":"SKIP","floor":12.0},{"not_picked":["Double Energy","White Noise","Coolheaded"],"picked":"SKIP","floor":13.0},{"not_picked":["Conserve Battery","FlyingSleeves","Fusion"],"picked":"SKIP","floor":14.0},{"not_picked":["Amplify","Biased Cognition"],"picked":"Rainbow","floor":16.0},{"not_picked":["Ball Lightning","Steam Power","Redo"],"picked":"SKIP","floor":18},{"not_picked":["Steam","BootSequence+1","Conserve Battery+1"],"picked":"SKIP","floor":21},{"not_picked":["Sweeping Beam","Steam","Redo"],"picked":"SKIP","floor":23},{"not_picked":["ReplayTheSpireMod:GoodbyeWorld+1","Barrage","Redo"],"picked":"SKIP","floor":30},{"not_picked":["Storm+1","Go for the Eyes+1"],"picked":"FTL","floor":31},{"not_picked":["Fission","ReplayRNGCard"],"picked":"Electrodynamics","floor":33},{"not_picked":["Loop","Gash+1","ReplayTheSpireMod:Repulse+1"],"picked":"SKIP","floor":35},{"not_picked":["Time Bomb+1","Consume+1","Static Discharge+1"],"picked":"SKIP","floor":37},{"not_picked":["Panic Button","Time Bomb","Fission"],"picked":"SKIP","floor":41},{"not_picked":["Cold Snap+1","Barrage+1","Beam Cell+1"],"picked":"SKIP","floor":45},{"not_picked":["FIFO Queue","Compile Driver+1"],"picked":"All For One","floor":46},{"not_picked":["Sweeping Beam","Chill","Gash+1"],"picked":"SKIP","floor":47},{"not_picked":["ReplaySort","Blizzard+1","Leap+1"],"picked":"SKIP","floor":48}],"player_experience":38715,"relics_obtained":[{"floor":26,"key":"Bronze Scales"},{"floor":41,"key":"Replay:Kaleidoscope"},{"floor":43,"key":"Replay:Wax Seal"}],"event_choices":[{"cards_removed":["Defend_B"],"damage_healed":0.0,"max_hp_gain":0.0,"max_hp_loss":0.0,"gold_gain":0.0,"event_name":"Bonfire Elementals","player_choice":"Offered Basic","floor":11.0,"gold_loss":0.0,"damage_taken":0.0},{"damage_healed":0,"gold_gain":0,"player_choice":"Gave Potion","damage_taken":0,"relics_obtained":["Omamori"],"max_hp_gain":0,"max_hp_loss":0,"event_name":"WeMeetAgain","floor":19,"gold_loss":0},{"damage_healed":0,"gold_gain":0,"player_choice":"Shed Blood","damage_taken":22,"max_hp_gain":5,"max_hp_loss":0,"event_name":"Forgotten Altar","floor":22,"gold_loss":0},{"damage_healed":0,"gold_gain":0,"player_choice":"Became a vampire","damage_taken":0,"max_hp_gain":0,"max_hp_loss":29,"event_name":"Vampires","floor":28,"gold_loss":0,"cards_obtained":["Bite","Bite","Bite","Bite","Bite"]},{"damage_healed":0,"gold_gain":0,"player_choice":"Ignored","damage_taken":0,"max_hp_gain":0,"max_hp_loss":0,"event_name":"Tomb of Lord Red Mask","floor":39,"gold_loss":0},{"damage_healed":0,"gold_gain":0,"player_choice":"Ignored","damage_taken":0,"max_hp_gain":0,"max_hp_loss":0,"event_name":"NoteForYourself","floor":44,"gold_loss":0}],"is_beta":false,"boss_relics":[{"not_picked":["SacredBark","Busted Crown"],"picked":"Kintsugi"},{"not_picked":["Painkiller Herb","Replay:Grab Bag"],"picked":"SlaversCollar"}],"items_purged_floors":[20,29,36,38],"is_endless":false,"potions_floor_spawned":[1,5,13,14,18,21,31,35,41,45,47],"killed_by":"Time Eater","ascension_level":0}}