{"host":"7l2t4psy44vpcd9q","time":1612607633,"event":{"mods":["AchievementEnabler","BaseMod","DeckTracker","Minty Spire (QoL Compilation)","SuperFastMode"],"gold_per_floor":[110,127,141,141,160,194,212,212,212,224,240,266,266,296,296,367,367,383,395,310,158,158,158,176,176,176,194,205,51,51,51,51,51,51],"floor_reached":33,"language":"KOR","playtime":1186,"items_purged":["Strike_B","Defend_B"],"score":638,"play_id":"3c831442-b15b-43d3-81da-9c5e9310bce5","local_time":"20210206193353","is_ascension_mode":true,"campfire_choices":[{"data":"Zap","floor":8,"key":"SMITH"},{"floor":15,"key":"REST"},{"floor":23,"key":"REST"},{"data":"Defragment","floor":25,"key":"SMITH"},{"floor":30,"key":"REST"},{"data":"Buffer","floor":32,"key":"SMITH"}],"circlet_count":0,"master_deck":["AscendersBane","Strike_B+1","Strike_B+1","Strike_B+1","Defend_B+1","Defend_B+1","Defend_B+1","Zap+1","Dualcast","Sweeping Beam+1","Lockon+1","Core Surge","Ball Lightning","Barrage","Defragment+1","Hologram","Coolheaded","Core Surge","Compile Driver","Turbo","Capacitor","Ghostly","Ghostly","Ghostly","Parasite","Stack","Buffer+1"],"relics":["Cracked Core","NeowsBlessing","Potion Belt","Whetstone","Juzu Bracelet","Mummified Hand","Cursed Key","Mango","White Beast Statue"],"acts_visited":["Exordium","TheCity"],"potions_floor_usage":[12,14,14,16,19,24,28,28,33,33],"damage_taken":[{"damage":0,"enemies":"Small Slimes","floor":1,"turns":1},{"damage":0,"enemies":"Cultist","floor":2,"turns":1},{"damage":0,"enemies":"Jaw Worm","floor":3,"turns":1},{"damage":6,"enemies":"Exordium Thugs","floor":5,"turns":4},{"damage":8,"enemies":"Gremlin Nob","floor":6,"turns":3},{"damage":3,"enemies":"Exordium Wildlife","floor":7,"turns":3},{"damage":2,"enemies":"2 Fungi Beasts","floor":10,"turns":3},{"damage":0,"enemies":"3 Louse","floor":11,"turns":2},{"damage":22,"enemies":"3 Sentries","floor":12,"turns":4},{"damage":25,"enemies":"Lagavulin","floor":14,"turns":4},{"damage":0,"enemies":"Slime Boss","floor":16,"turns":5},{"damage":27,"enemies":"3 Byrds","floor":18,"turns":4},{"damage":21,"enemies":"Shell Parasite","floor":19,"turns":3},{"damage":0,"enemies":"Chosen and Byrds","floor":24,"turns":4},{"damage":1,"enemies":"Centurion and Healer","floor":27,"turns":6},{"damage":16,"enemies":"Shelled Parasite and Fungi","floor":28,"turns":5},{"damage":50,"enemies":"Automaton","floor":33,"turns":6}],"seed_played":"2967473565998802560","potions_obtained":[{"floor":1,"key":"Strength Potion"},{"floor":7,"key":"Explosive Potion"},{"floor":10,"key":"EssenceOfSteel"},{"floor":12,"key":"AttackPotion"},{"floor":13,"key":"EssenceOfDarkness"},{"floor":13,"key":"LiquidMemories"},{"floor":16,"key":"CultistPotion"},{"floor":18,"key":"Fire Potion"},{"floor":24,"key":"ColorlessPotion"},{"floor":27,"key":"EssenceOfSteel"},{"floor":28,"key":"FearPotion"}],"is_trial":false,"path_per_floor":["M","M","M","?","M","E","M","R","T","M","M","E","?","E","R","B",null,"M","M","?","$","?","R","M","R","T","M","M","$","R","?","R","B"],"character_chosen":"DEFECT","items_purchased":["Capacitor","Swift Potion"],"campfire_rested":3,"item_purchase_floors":[21,29],"current_hp_per_floor":[64,64,64,71,65,57,54,54,54,52,52,30,30,5,26,26,60,33,12,26,26,26,38,38,38,38,37,21,21,33,33,33,0,0],"gold":51,"neow_bonus":"THREE_ENEMY_KILL","is_daily":false,"chose_seed":false,"campfire_upgraded":3,"win_rate":0.0,"timestamp":1612607633,"path_taken":["M","M","M","?","M","E","?","R","T","M","?","E","?","E","R","BOSS","M","M","?","$","?","R","M","R","T","M","M","$","R","?","R","BOSS"],"items_purchased_type":["Card","Potion"],"build_version":"2020-12-22","purchased_purges":2,"victory":false,"max_hp_per_floor":[71,71,71,71,71,71,71,71,71,71,71,71,71,71,71,71,71,71,71,85,85,42,42,42,42,42,42,42,42,42,42,42,42,42],"card_choices":[{"not_picked":["Melter","Steam"],"picked":"Sweeping Beam","floor":1},{"not_picked":["Leap","Redo"],"picked":"Lockon","floor":2},{"not_picked":["Melter","Auto Shields"],"picked":"Core Surge","floor":3},{"not_picked":["Streamline","Turbo"],"picked":"Ball Lightning","floor":5},{"not_picked":["Compile Driver","Steam"],"picked":"Barrage","floor":6},{"not_picked":["Ball Lightning","Gash","Thunder Strike"],"picked":"SKIP","floor":7},{"not_picked":["Compile Driver","Coolheaded"],"picked":"Defragment","floor":10},{"not_picked":["Melter","Redo"],"picked":"Hologram","floor":11},{"not_picked":["Chaos","Sweeping Beam","Redo"],"picked":"SKIP","floor":12},{"not_picked":["Redo","Force Field"],"picked":"Coolheaded","floor":14},{"not_picked":["Multi-Cast","Amplify"],"picked":"Core Surge","floor":16},{"not_picked":["Redo","Rebound"],"picked":"Compile Driver","floor":18},{"not_picked":["Double Energy","Streamline"],"picked":"Turbo","floor":19},{"not_picked":["Compile Driver","Rebound","Lockon"],"picked":"SKIP","floor":24},{"not_picked":["Rebound","Recycle"],"picked":"Stack","floor":27},{"not_picked":["Ball Lightning","Melter"],"picked":"Buffer","floor":28}],"player_experience":1280488,"relics_obtained":[{"floor":6,"key":"Potion Belt"},{"floor":9,"key":"Whetstone"},{"floor":12,"key":"Juzu Bracelet"},{"floor":14,"key":"Mummified Hand"},{"floor":26,"key":"White Beast Statue"}],"event_choices":[{"damage_healed":7,"gold_gain":0,"player_choice":"Full Heal","damage_taken":0,"max_hp_gain":0,"max_hp_loss":0,"event_name":"Wheel of Change","floor":4,"gold_loss":0},{"damage_healed":0,"gold_gain":0,"player_choice":"Got Potions","damage_taken":0,"max_hp_gain":0,"max_hp_loss":0,"event_name":"Lab","floor":13,"gold_loss":0},{"damage_healed":0,"gold_gain":0,"player_choice":"Obtained Relic","damage_taken":0,"relics_obtained":["Mango"],"max_hp_gain":0,"max_hp_loss":0,"event_name":"Addict","floor":20,"gold_loss":85},{"damage_healed":0,"gold_gain":0,"player_choice":"Became a Ghost","damage_taken":0,"max_hp_gain":0,"max_hp_loss":43,"event_name":"Ghosts","floor":22,"gold_loss":0,"cards_obtained":["Ghostly","Ghostly","Ghostly"]},{"damage_healed":0,"gold_gain":0,"player_choice":"Simplicity","damage_taken":0,"max_hp_gain":0,"max_hp_loss":0,"event_name":"Back to Basics","floor":31,"gold_loss":0,"cards_upgraded":["Strike_B","Strike_B","Strike_B","Defend_B","Defend_B","Defend_B"]}],"is_beta":false,"boss_relics":[{"not_picked":["Runic Dome","Pandora\u0027s Box"],"picked":"Cursed Key"}],"items_purged_floors":[21,29],"is_endless":false,"potions_floor_spawned":[1,7,10,12,16,18,24,27,28],"killed_by":"Automaton","ascension_level":20}}