{"host":"yxzbjgn8r2ozgaoi","time":1612588461,"event":{"mods":["Act Like it!","BaseMod","CapriCore","Gensokyo","Hallownest","Lobotomy","LobotomyExtend","Marisa（F雨　魔理沙）","Minty Spire (QoL Compilation)","Quick Restart","Remilia（蕾米莉亚）","Replay The Spire","StSLib","The Alterego","The Bug Knight","The Immortal","Youmu（魂魄妖梦）","【功能Mod】聪明的最终Boss","篝火指南"],"gold_per_floor":[111,111,124,143,143,143,161,161,210,243,243,243,243,256,256,375,375,375,375,389,403,428,459,459,433,459,473,473,473,473,496,496,527,527,552,296,296],"floor_reached":36,"language":"ZHS","playtime":4354,"items_purged":[],"score":459,"play_id":"0e2b2070-4014-4902-a0cb-176e9271b713","local_time":"20210206131421","is_ascension_mode":false,"campfire_choices":[{"data":"TwelveNightmare","floor":6,"key":"SMITH"},{"data":"BloodyMagicSquare","floor":8,"key":"SMITH"},{"data":"Ultimatum","floor":15,"key":"SMITH"},{"data":"UnstableMagic","floor":24,"key":"SMITH"},{"data":"HeartBreak","floor":29,"key":"SMITH"},{"floor":32,"key":"REST"}],"circlet_count":0,"master_deck":["Strike_RM","Strike_RM+1","Strike_RM","Strike_RM","Defend_RM","Defend_RM","Defend_RM","RedMoon","ScarletShoot","BloodHunter","GreedKing","RedRainbow+1","TwelveNightmare+1","Mercenary","BloodyMagicSquare+1","FairyFestival","Ultimatum+1","StarOfDavid","Freischutz","HeartBreak+1","J.A.X.","MiserableFate","VampireClaw","OSAHOGD","Stigmanizer","UnstableMagic+1","UniverseFragment","VampireSweep","BloodHunter+1","DespairKnight","RedRainbow+1","DemonKingCradle","BlackArmy","TransientEternity","ReincarnationDial+1"],"relics":["ScarletHat","CogitoBucket","LetterFromLob","Toy Ornithopter","Whetstone","Lantern","Divine Protection","Golden Idol","BackwardClock","Empty Cage","Toxic Egg 2","FleshIdol","Letter Opener","Enchiridion","Sozu"],"acts_visited":["Exordium","TheCity","TheBeyond"],"potions_floor_usage":[14,25,36],"damage_taken":[{"damage":0,"enemies":"2 Louse","floor":1,"turns":3},{"damage":1,"enemies":"Cultist","floor":3,"turns":3},{"damage":1,"enemies":"Small Slimes","floor":4,"turns":5},{"damage":2,"enemies":"Exordium Wildlife","floor":7,"turns":3},{"damage":35,"enemies":"Gremlin Nob","floor":10,"turns":3},{"damage":5,"enemies":"3 Louse","floor":14,"turns":6},{"damage":39,"enemies":"The Guardian","floor":16,"turns":7},{"damage":30,"enemies":"Shell Parasite","floor":20,"turns":2},{"damage":20,"enemies":"2 Thieves","floor":21,"turns":3},{"damage":12,"enemies":"Snake Plant","floor":22,"turns":4},{"damage":4,"enemies":"Book of Stabbing","floor":23,"turns":2},{"damage":23,"enemies":"Centurion and Healer","floor":25,"turns":8},{"damage":4,"enemies":"Shelled Parasite and Fungi","floor":27,"turns":2},{"damage":0,"enemies":"Cultist and Chosen","floor":31,"turns":3},{"damage":32,"enemies":"Collector","floor":33,"turns":8},{"damage":30,"enemies":"Orb Walker","floor":35,"turns":2},{"damage":63,"enemies":"3 Shapes","floor":36,"turns":2}],"seed_played":"4148881317272056183","potions_obtained":[{"floor":7,"key":"Block Potion"},{"floor":14,"key":"SteroidPotion"},{"floor":16,"key":"DuplicationPotion"},{"floor":22,"key":"LifebloodPotion"},{"floor":25,"key":"Fire Potion"},{"floor":31,"key":"Doom Potion"}],"is_trial":false,"path_per_floor":["M","?","M","M","?","R","M","R","T","E","?","?","?","M","R","B",null,"M","?","M","M","M","E","R","M","T","M","?","R","?","M","R","B",null,"M","M"],"character_chosen":"REMILIA","items_purchased":[],"campfire_rested":1,"item_purchase_floors":[],"current_hp_per_floor":[75,75,74,74,67,67,65,65,65,34,46,46,28,38,38,19,75,75,75,49,31,24,26,26,23,23,24,24,24,8,12,34,33,75,48,0,0],"gold":296,"neow_bonus":"","is_daily":false,"chose_seed":false,"campfire_upgraded":5,"win_rate":0.0,"timestamp":1612588461,"path_taken":["M","?","M","?","?","R","M","R","T","E","?","?","?","M","R","BOSS","M","?","M","M","M","E","R","M","T","M","?","R","?","M","R","BOSS","M","M"],"items_purchased_type":[],"build_version":"2020-12-22","purchased_purges":0,"victory":false,"max_hp_per_floor":[75,75,75,75,75,75,75,75,75,75,75,75,75,75,75,75,75,75,75,75,75,75,75,75,75,75,75,75,75,75,75,75,75,75,75,75,75],"card_choices":[{"not_picked":["HappyTeddy","GalaxyChild"],"picked":"LongBird","floor":1},{"not_picked":["MastersStateliness","DevilSight"],"picked":"BloodHunter","floor":1},{"not_picked":["BeautyBeast","HappyTeddy"],"picked":"GreedKing","floor":3},{"not_picked":["FavorOfDestiny","CharismaGuard"],"picked":"RedRainbow","floor":3},{"not_picked":["OSAHOGD","Scorched","SpiderBud"],"picked":"Singing Bowl","floor":4},{"not_picked":["VampireSweep","UnderTheZenith"],"picked":"TwelveNightmare","floor":4},{"not_picked":["Porccubus","Scarecrow","BeautyBeast"],"picked":"Singing Bowl","floor":7},{"not_picked":["BigBadWolf","OSAHOGD"],"picked":"Mercenary","floor":7},{"not_picked":["RedMagic","CharismaGuard"],"picked":"BloodyMagicSquare","floor":7},{"not_picked":["Alriune","MHz"],"picked":"FairyFestival","floor":10},{"not_picked":["DiffusionOfMisfortune","BloodyCatastrophe"],"picked":"Ultimatum","floor":10},{"not_picked":["SingingMachine","Bloodbath","LittleHelper"],"picked":"Singing Bowl","floor":14},{"not_picked":["FavorOfDestiny","SuperhumanBloodyKnife"],"picked":"StarOfDavid","floor":14},{"not_picked":["Funeral","RedShoes","VoidDream"],"picked":"Singing Bowl","floor":16},{"not_picked":["BlackSwan","Scorched"],"picked":"Freischutz","floor":16},{"not_picked":["HellCatastrophe","BloodyCatastrophe"],"picked":"HeartBreak","floor":16},{"not_picked":["WhitesApple","RedShoes","Woodsman"],"picked":"Singing Bowl","floor":20},{"not_picked":["UnderTheZenith","BloodHunter"],"picked":"MiserableFate","floor":20},{"not_picked":["MillenniumVampire","RedRainbow"],"picked":"VampireClaw","floor":21},{"not_picked":["Scorched","Alriune"],"picked":"OSAHOGD","floor":21},{"not_picked":["VampireKiss","EndlessAdversity"],"picked":"Stigmanizer","floor":21},{"not_picked":["Scorched","UniverseFragment","LaLuna"],"picked":"Singing Bowl","floor":22},{"not_picked":["VampirishNight","VampireKiss"],"picked":"UnstableMagic","floor":22},{"not_picked":["CherryBlossoms","HeroicMonk","UniverseFragment"],"picked":"Singing Bowl","floor":23},{"not_picked":["WallGazer","Porccubus"],"picked":"UniverseFragment","floor":23},{"not_picked":["VampireKiss","StarOfDavid"],"picked":"VampireSweep","floor":23},{"not_picked":["CharismaGuard+1","RedMagic+1"],"picked":"BloodHunter+1","floor":25},{"not_picked":["SilentOrchestra","SnowQueen"],"picked":"DespairKnight","floor":25},{"not_picked":["BloodHunter+1","Stigmanizer"],"picked":"RedRainbow+1","floor":25},{"not_picked":["BeautyBeast","SnowQueen","WhiteNight"],"picked":"Singing Bowl","floor":27},{"not_picked":["LeisurelyOfLord","EndlessAdversity","TwelveNightmare"],"picked":"SKIP","floor":27},{"not_picked":["DiffusionOfMisfortune+1","ScarletGensokyo+1"],"picked":"DemonKingCradle","floor":31},{"not_picked":["Porccubus","HappyTeddy"],"picked":"BlackArmy","floor":31},{"not_picked":["FavorOfDestiny+1","Stigmanizer","RedRainbow"],"picked":"SKIP","floor":31},{"not_picked":["Alriune","LongBird","Rudolta"],"picked":"Singing Bowl","floor":33},{"not_picked":["HellCatastrophe","TricksterDevil"],"picked":"TransientEternity","floor":33},{"not_picked":["PunishingBird","RedShoes","NakedNest"],"picked":"Singing Bowl","floor":35},{"not_picked":["BadLadyScramble+1","FavorOfDestiny+1"],"picked":"ReincarnationDial+1","floor":35}],"player_experience":127585,"relics_obtained":[{"floor":1,"key":"LetterFromLob"},{"floor":9,"key":"Whetstone"},{"floor":10,"key":"Lantern"},{"floor":23,"key":"Toxic Egg 2"},{"floor":30,"key":"Enchiridion"}],"event_choices":[{"damage_healed":0,"gold_gain":0,"player_choice":"Bought 0 Potions","damage_taken":0,"max_hp_gain":0,"max_hp_loss":0,"event_name":"The Woman in Blue","floor":2,"gold_loss":0},{"damage_healed":0,"gold_gain":0,"player_choice":"Success","damage_taken":7,"relics_obtained":["Toy Ornithopter"],"max_hp_gain":0,"max_hp_loss":0,"event_name":"Scrap Ooze","floor":5,"gold_loss":0},{"damage_healed":0,"gold_gain":0,"player_choice":"Box","damage_taken":0,"relics_obtained":["Divine Protection"],"max_hp_gain":0,"max_hp_loss":0,"event_name":"Big Fish","floor":12,"gold_loss":0,"cards_obtained":["Regret"]},{"damage_healed":0,"gold_gain":0,"player_choice":"Take Damage","damage_taken":18,"relics_obtained":["Golden Idol"],"max_hp_gain":0,"max_hp_loss":0,"event_name":"Golden Idol","floor":13,"gold_loss":0},{"damage_healed":0,"gold_gain":0,"player_choice":"Obtain J.A.X.","damage_taken":0,"max_hp_gain":0,"max_hp_loss":0,"event_name":"Drug Dealer","floor":19,"gold_loss":0,"cards_obtained":["J.A.X."]},{"damage_healed":0,"gold_gain":0,"player_choice":"Obtained Book","damage_taken":16,"max_hp_gain":0,"max_hp_loss":0,"event_name":"Cursed Tome","floor":30,"gold_loss":0}],"is_beta":false,"boss_relics":[{"not_picked":["ReplayTheSpireMod:DimensionalGlitch","ChewingGum"],"picked":"Empty Cage"},{"not_picked":["Kintsugi","Honey Jar"],"picked":"Sozu"}],"items_purged_floors":[],"is_endless":false,"potions_floor_spawned":[7,14,16,22,25,31],"killed_by":"3 Shapes","ascension_level":0}}