{"host":"nwd160me4iqdtr8u","time":1612633571,"event":{"mods":["AchievementEnabler","Act Like it!","BaseMod","Colored Map","DeckTracker","Hallownest","Keyboard Shortcuts","Minty Spire (QoL Compilation)","Quick Restart","Rare Cards Sparkle","Smile Girya","StSLib","SuperFastMode","The Bug Knight","everything is the same but u backflip on backflip"],"gold_per_floor":[16,31,50,50,67,67,99,99,172,198,216,63,63,89,89,191,191,208,208,208,208,226,260,260,273,299,327,327,327,352,378,378,484,484,484,484],"floor_reached":35,"language":"KOR","playtime":6274,"items_purged":["HollowMod:NailStrikeStart"],"score":513,"play_id":"a49cece7-1ebc-40a9-9917-352f6bc3ad23","local_time":"20210207024611","is_ascension_mode":true,"campfire_choices":[{"data":"HollowMod:HuntersJournal","floor":6.0,"key":"SMITH"},{"data":"HollowMod:ZotesMagnificence","floor":8.0,"key":"SMITH"},{"data":"HollowMod:QuirrelsAssistance","floor":13.0,"key":"SMITH"},{"floor":15.0,"key":"REST"},{"data":"HollowMod:VoidDash","floor":24.0,"key":"SMITH"},{"data":"HollowMod:GreatSlash","floor":29.0,"key":"SMITH"},{"floor":32.0,"key":"REST"}],"circlet_count":0,"master_deck":["HollowMod:NailStrikeStart","HollowMod:NailStrikeStart","HollowMod:QuickDashStart","HollowMod:QuickDashStart","HollowMod:QuickDashStart+1","HollowMod:FocusHealStart","HollowMod:PogoStrike","HollowMod:HuntersJournal+1","HollowMod:HeavyBlow","HollowMod:GreatSlash+1","HollowMod:NewLittleFool","HollowMod:ZotesMagnificence+1","HollowMod:VoidDash+1","HollowMod:PerfectDash","HollowMod:QuirrelsAssistance+1","HollowMod:ElderbugsWisdom","HollowMod:MawleksShell+1","HollowMod:DescendingDark","HollowMod:Weaversong","HollowMod:MonarchWings+1","HollowMod:VoidDash"],"relics":["HollowMod:VesselMask","Prayer Wheel","Ice Cream","HornCleat","Juzu Bracelet","Vajra","Snecko Eye","HollowMod:StagPassRelic","War Paint","The Courier","Blue Candle","CeramicFish","Runic Pyramid"],"acts_visited":["Hallownest:Greenpath","Hallownest:CityofTears","Hallownest:KingdomsEdge"],"potions_floor_usage":[],"damage_taken":[{"damage":0.0,"enemies":"Hallownest:monsterHuskWarrior","floor":1.0,"turns":3.0},{"damage":1.0,"enemies":"Hallownest:2_Baldur","floor":2.0,"turns":4.0},{"damage":6.0,"enemies":"Hallownest:2_MossCreeps","floor":3.0,"turns":7.0},{"damage":10.0,"enemies":"Hallownest:monsterFoolEater","floor":5.0,"turns":3.0},{"damage":34.0,"enemies":"Hallownest:eliteCrystalGuardian","floor":7.0,"turns":6.0},{"damage":9.0,"enemies":"Hallownest:eliteMossKnight","floor":10.0,"turns":12.0},{"damage":14.0,"enemies":"Hallownest:Guard_and_Warrior","floor":11.0,"turns":7.0},{"damage":5.0,"enemies":"Hallownest:eliteVengeflyKing","floor":14.0,"turns":4.0},{"damage":17.0,"enemies":"Hallownest:BossFalseKnight","floor":16.0,"turns":11.0},{"damage":2.0,"enemies":"Hallownest:Guard_and_Sentry","floor":18.0,"turns":5.0},{"damage":0.0,"enemies":"Hallownest:Guard_and_Sentry","floor":19.0,"turns":2.0},{"damage":0.0,"enemies":"Hallownest:2_Mistakes","floor":22.0,"turns":3.0},{"damage":6.0,"enemies":"Hallownest:Nosk","floor":23.0,"turns":9.0},{"damage":7.0,"enemies":"Hallownest:2_Flukemon","floor":25.0,"turns":4.0},{"damage":0.0,"enemies":"Hallownest:eliteSoulWarrior","floor":27.0,"turns":6.0},{"damage":19.0,"enemies":"Hallownest:eliteWatcherKnight","floor":30.0,"turns":10.0},{"damage":13.0,"enemies":"Hallownest:3_Mistakes","floor":31.0,"turns":5.0},{"damage":24.0,"enemies":"Hallownest:BossMantisLord","floor":33.0,"turns":8.0},{"damage":95,"enemies":"Hallownest:2_Littles","floor":35,"turns":9}],"seed_played":"-2955653440264286883","potions_obtained":[{"floor":1.0,"key":"Regen Potion"},{"floor":5.0,"key":"Ancient Potion"},{"floor":7.0,"key":"FairyPotion"},{"floor":11.0,"key":"SneckoOil"},{"floor":23.0,"key":"BlessingOfTheForge"},{"floor":30.0,"key":"SpeedPotion"},{"floor":31.0,"key":"Swift Potion"}],"is_trial":false,"path_per_floor":["M","M","M","?","M","R","E","R","T","E","M","$","R","E","R","B",null,"M","?","?","?","M","E","R","M","T","E","T","R","E","M","R","B",null,"M"],"character_chosen":"THE_BUGKNIGHT","items_purchased":["HollowMod:QuirrelsAssistance"],"campfire_rested":2,"item_purchase_floors":[12],"current_hp_per_floor":[75,74,73,55,51,51,32,32,32,35,31,31,31,26,46,29,68,66,66,66,66,66,62,62,55,55,55,55,55,36,23,43,19,68,0,0],"gold":484,"neow_bonus":"ONE_RARE_RELIC","is_daily":false,"chose_seed":false,"campfire_upgraded":5,"win_rate":0.0,"timestamp":1612633571,"path_taken":["M","M","M","?","M","R","E","R","T","E","M","$","R","E","R","BOSS","M","?","?","?","M","E","R","M","T","E","?","R","E","M","R","BOSS","M"],"items_purchased_type":["Card"],"build_version":"2020-12-22","purchased_purges":1,"victory":false,"max_hp_per_floor":[75,75,75,68,68,68,68,68,68,68,68,68,68,68,68,68,68,68,68,68,68,68,68,68,68,68,68,68,68,68,68,68,68,68,68,68],"card_choices":[{"not_picked":["HollowMod:CrystalDash","HollowMod:CornifersMapStart"],"picked":"HollowMod:HuntersJournal","floor":1.0},{"not_picked":["HollowMod:SoulShaman","HollowMod:DescendingDark","HollowMod:InfectedAttack"],"picked":"SKIP","floor":1.0},{"not_picked":["HollowMod:MawleksShell","HollowMod:HuntersJournal"],"picked":"HollowMod:HeavyBlow","floor":2.0},{"not_picked":["HollowMod:GoodIntentions","HollowMod:DashSlash","HollowMod:SoulShaman"],"picked":"SKIP","floor":2.0},{"not_picked":["HollowMod:WraithStrike","HollowMod:SoulSplash"],"picked":"HollowMod:GreatSlash","floor":3.0},{"not_picked":["HollowMod:SharpenedNail","HollowMod:NewJinnsSoul"],"picked":"HollowMod:NewLittleFool","floor":3.0},{"not_picked":["HollowMod:InfectedCysts","HollowMod:CycloneSlash"],"picked":"HollowMod:ZotesMagnificence","floor":5.0},{"not_picked":["HollowMod:WraithStrike","HollowMod:LuriensSpire","HollowMod:NewLittleFool"],"picked":"SKIP","floor":5.0},{"not_picked":["HollowMod:CycloneSlash","HollowMod:BaldurShell","HollowMod:SiblingsShadow"],"picked":"SKIP","floor":7.0},{"not_picked":["HollowMod:LifebloodCocoon","HollowMod:SharpenedNail"],"picked":"HollowMod:VoidDash","floor":10.0},{"not_picked":["HollowMod:CloakDash","HollowMod:DreamGate"],"picked":"HollowMod:PerfectDash","floor":11.0},{"not_picked":["HollowMod:HeavyBlow","HollowMod:SoulVessel","HollowMod:NewLittleFool"],"picked":"SKIP","floor":11.0},{"not_picked":["HollowMod:SoulShaman","HollowMod:DesolateDive","HollowMod:SoulStrike"],"picked":"SKIP","floor":14.0},{"not_picked":["HollowMod:ZotesMagnificence","HollowMod:NewInfectedGuardian"],"picked":"HollowMod:ElderbugsWisdom","floor":16.0},{"not_picked":["HollowMod:CloakDash","HollowMod:ShadowDash+1"],"picked":"HollowMod:MawleksShell","floor":18.0},{"not_picked":["HollowMod:InfectedCysts","HollowMod:SoulVessel","HollowMod:SoulShaman"],"picked":"SKIP","floor":18.0},{"not_picked":["HollowMod:ShadowDash","HollowMod:ChannelNail"],"picked":"HollowMod:DescendingDark","floor":20.0},{"not_picked":["HollowMod:InfectedAttack+1","HollowMod:CornifersMapStart","HollowMod:BlackTendrils"],"picked":"SKIP","floor":22.0},{"not_picked":["HollowMod:SharpenedNail","HollowMod:ElderbugsWisdom","HollowMod:DreamGate"],"picked":"SKIP","floor":22.0},{"not_picked":["HollowMod:LifebloodCocoon","HollowMod:VengefulVoid"],"picked":"HollowMod:Weaversong","floor":23.0},{"not_picked":["HollowMod:SharpenedShadows","HollowMod:MothsMistake","HollowMod:SoulVessel"],"picked":"SKIP","floor":25.0},{"not_picked":["HollowMod:ShadowDash","HollowMod:VengefulVoid","HollowMod:CornifersMapStart+1"],"picked":"SKIP","floor":25.0},{"not_picked":["HollowMod:GoodIntentions","HollowMod:InfectedCysts","HollowMod:BlackTendrils+1"],"picked":"SKIP","floor":27.0},{"not_picked":["HollowMod:TaintedHusks","HollowMod:ChannelNail","HollowMod:DashSlash"],"picked":"SKIP","floor":30.0},{"not_picked":["HollowMod:HeavyBlow","HollowMod:ShapeofUnn"],"picked":"HollowMod:MonarchWings+1","floor":31.0},{"not_picked":["HollowMod:ShadowDash","HollowMod:DashSlash+1","HollowMod:BrokenVessel"],"picked":"SKIP","floor":31.0},{"not_picked":["HollowMod:ElderbugsWisdom","HollowMod:MidwifesHunger"],"picked":"HollowMod:VoidDash","floor":33.0}],"player_experience":436335,"relics_obtained":[{"floor":7.0,"key":"Ice Cream"},{"floor":9.0,"key":"HornCleat"},{"floor":10.0,"key":"Juzu Bracelet"},{"floor":14.0,"key":"Vajra"},{"floor":23.0,"key":"HollowMod:StagPassRelic"},{"floor":26.0,"key":"War Paint"},{"floor":27.0,"key":"The Courier"},{"floor":28.0,"key":"Blue Candle"},{"floor":30.0,"key":"CeramicFish"}],"event_choices":[],"is_beta":false,"boss_relics":[{"not_picked":["Black Star","SacredBark"],"picked":"Snecko Eye"},{"not_picked":["Tiny House","Astrolabe"],"picked":"Runic Pyramid"}],"items_purged_floors":[12],"is_endless":false,"potions_floor_spawned":[1,5,7,11,23,27,30,31],"killed_by":"Hallownest:2_Littles","ascension_level":3}}