{"host":"is2s59edl8twrhoj","time":1612641152,"event":{"mods":["BaseMod","Colored Map","Colored Powertips","DeckTracker","Downfall","Minty Spire (QoL Compilation)","StSLib"],"gold_per_floor":[366,196,214,232,307,335,335,364,364,381,381,398,58,69,69,144,194,214,234,159,159,179,179,210,210,237,237,247,45,45,55,55,131,131,151,151,151],"floor_reached":36,"language":"ENG","playtime":1931,"items_purged":["Normality","Strike_R","Strike_R"],"score":690,"play_id":"faedc8f7-f535-4c66-934a-982f00b8449f","local_time":"20210206195232","is_ascension_mode":true,"campfire_choices":[{"data":"Flex","floor":7.0,"key":"SMITH"},{"data":"Flex","floor":15.0,"key":"SMITH"},{"data":"Limit Break","floor":23.0,"key":"SMITH"},{"data":"Demon Form","floor":25.0,"key":"SMITH"},{"floor":32,"key":"REST"}],"circlet_count":0,"master_deck":["AscendersBane","Strike_R","Strike_R+1","Defend_R","Defend_R","Defend_R","Defend_R","Bash","Ghostly Armor","Flex+1","Cleave","Twin Strike","Limit Break+1","Flex+1","Pommel Strike","Demon Form+1","Thunderclap","Twin Strike","Reaper","Armaments"],"relics":["Burning Blood","Tiny Chest","Eternal Feather","Letter Opener","Meat on the Bone","Tiny House","Orichalcum","Dream Catcher","Omamori","Mark of Pain"],"acts_visited":["Exordium","TheCity","TheBeyond"],"potions_floor_usage":[33,36,36],"damage_taken":[{"damage":0.0,"enemies":"2 Louse","floor":1.0,"turns":3.0},{"damage":0.0,"enemies":"Cultist","floor":3.0,"turns":2.0},{"damage":7.0,"enemies":"Jaw Worm","floor":4.0,"turns":5.0},{"damage":40.0,"enemies":"3 Sentries","floor":6.0,"turns":8.0},{"damage":33.0,"enemies":"Lagavulin","floor":8.0,"turns":6.0},{"damage":1.0,"enemies":"2 Fungi Beasts","floor":10.0,"turns":3.0},{"damage":0.0,"enemies":"Large Slime","floor":12.0,"turns":4.0},{"damage":6.0,"enemies":"Blue Slaver","floor":14.0,"turns":3.0},{"damage":44.0,"enemies":"Slime Boss","floor":16.0,"turns":8.0},{"damage":19.0,"enemies":"3 Byrds","floor":18.0,"turns":6.0},{"damage":28.0,"enemies":"Spheric Guardian","floor":19.0,"turns":4.0},{"damage":17.0,"enemies":"Centurion and Healer","floor":22.0,"turns":5.0},{"damage":72.0,"enemies":"Slavers","floor":24.0,"turns":8.0},{"damage":26.0,"enemies":"Colosseum Slavers","floor":27.0,"turns":5.0},{"damage":24.0,"enemies":"Chosen and Byrds","floor":28.0,"turns":5.0},{"damage":17,"enemies":"Sentry and Sphere","floor":31,"turns":4},{"damage":28,"enemies":"Automaton","floor":33,"turns":6},{"damage":31,"enemies":"Orb Walker","floor":35,"turns":4},{"damage":64,"enemies":"3 Darklings","floor":36,"turns":9}],"seed_played":"-3123936617190963652","potions_obtained":[{"floor":1.0,"key":"Regen Potion"},{"floor":3.0,"key":"LiquidBronze"},{"floor":8.0,"key":"SkillPotion"},{"floor":11.0,"key":"Weak Potion"},{"floor":12.0,"key":"FairyPotion"},{"floor":17.0,"key":"Fire Potion"},{"floor":24.0,"key":"Strength Potion"},{"floor":33,"key":"ColorlessPotion"},{"floor":35,"key":"PowerPotion"}],"is_trial":false,"path_per_floor":["M","$","M","M","?","E","R","E","T","M","?","M","$","M","R","B",null,"M","M","?","T","M","R","E","R","T","?","M","$","T","M","R","B",null,"M","M"],"character_chosen":"IRONCLAD","items_purchased":["Flex","Cleave","Meat on the Bone","DuplicationPotion"],"campfire_rested":1,"item_purchase_floors":[2,2,13,29],"current_hp_per_floor":[74,74,75,74,63,44,44,17,17,22,22,28,28,40,49,23,67,54,44,44,44,45,54,25,34,34,26,20,20,20,21,54,44,71,58,0,0],"gold":151,"neow_bonus":"TWO_FIFTY_GOLD","is_daily":false,"chose_seed":false,"campfire_upgraded":4,"win_rate":0.0,"timestamp":1612641152,"path_taken":["M","$","M","M","?","E","R","E","T","M","?","M","$","?","R","BOSS","M","M","?","?","M","R","E","R","T","?","M","$","?","M","R","BOSS","M","M"],"items_purchased_type":["Card","Card","Relic","Potion"],"build_version":"2020-12-22","purchased_purges":3,"victory":false,"max_hp_per_floor":[75,75,75,75,75,75,75,75,75,75,75,75,75,75,75,75,80,80,80,80,80,80,80,80,80,80,80,80,80,80,80,80,80,80,80,80,80],"card_choices":[{"not_picked":["Wild Strike","Perfected Strike"],"picked":"Ghostly Armor","floor":1.0},{"not_picked":["Perfected Strike","Armaments"],"picked":"Twin Strike","floor":3.0},{"not_picked":["Cleave","Feel No Pain"],"picked":"Limit Break","floor":4.0},{"not_picked":["Clash","Warcry"],"picked":"Flex","floor":6.0},{"not_picked":["Warcry","Rage"],"picked":"Pommel Strike","floor":8.0},{"not_picked":["Anger","Thunderclap","Hemokinesis"],"picked":"SKIP","floor":10.0},{"not_picked":["Wild Strike","Flame Barrier","Dropkick"],"picked":"SKIP","floor":12.0},{"not_picked":["Clash","Headbutt","Armaments"],"picked":"SKIP","floor":14.0},{"not_picked":["Exhume","Immolate"],"picked":"Demon Form","floor":16.0},{"not_picked":["Pommel Strike","Clothesline"],"picked":"Thunderclap","floor":17.0},{"not_picked":["Flex","Wild Strike+1","True Grit"],"picked":"SKIP","floor":18.0},{"not_picked":["Shockwave","Combust"],"picked":"Twin Strike","floor":19.0},{"not_picked":["Clothesline","Heavy Blade","Ghostly Armor+1"],"picked":"SKIP","floor":22.0},{"not_picked":["Havoc","Wild Strike","Limit Break"],"picked":"SKIP","floor":24.0},{"not_picked":["True Grit","Havoc","Headbutt"],"picked":"SKIP","floor":28.0},{"not_picked":["Sentinel","Pommel Strike","Headbutt+1"],"picked":"SKIP","floor":31},{"not_picked":["Barricade","Limit Break"],"picked":"Reaper","floor":33},{"not_picked":["Clash+1","Flex"],"picked":"Armaments","floor":35}],"player_experience":686014,"relics_obtained":[{"floor":6.0,"key":"Tiny Chest"},{"floor":8.0,"key":"Eternal Feather"},{"floor":9.0,"key":"Letter Opener"},{"floor":21.0,"key":"Orichalcum"},{"floor":24.0,"key":"Dream Catcher"},{"floor":26.0,"key":"Omamori"}],"event_choices":[{"damage_healed":0.0,"max_hp_gain":0.0,"max_hp_loss":0.0,"gold_gain":75.0,"event_name":"World of Goop","player_choice":"Gather Gold","floor":5.0,"gold_loss":0.0,"damage_taken":11.0},{"damage_healed":0.0,"max_hp_gain":0.0,"max_hp_loss":0.0,"gold_gain":0.0,"event_name":"Lab","player_choice":"Got Potions","floor":11.0,"gold_loss":0.0,"damage_taken":0.0},{"cards_removed":["Strike_R"],"damage_healed":0.0,"max_hp_gain":0.0,"max_hp_loss":0.0,"gold_gain":0.0,"event_name":"Beggar","player_choice":"Gave Gold","floor":20.0,"gold_loss":75.0,"damage_taken":0.0},{"damage_healed":0.0,"max_hp_gain":0.0,"max_hp_loss":0.0,"gold_gain":0.0,"event_name":"Colosseum","player_choice":"Fight","floor":27.0,"gold_loss":0.0,"damage_taken":0.0},{"damage_healed":0.0,"max_hp_gain":0.0,"max_hp_loss":0.0,"gold_gain":0.0,"event_name":"Colosseum","player_choice":"Fled From Nobs","floor":27.0,"gold_loss":0.0,"damage_taken":0.0}],"is_beta":false,"boss_relics":[{"not_picked":["Pandora\u0027s Box","Runic Pyramid"],"picked":"Tiny House"},{"not_picked":["SacredBark","Runic Cube"],"picked":"Mark of Pain"}],"items_purged_floors":[2,13,29],"is_endless":false,"potions_floor_spawned":[1,3,8,12,14,19,24,33,35],"killed_by":"3 Darklings","ascension_level":15}}