{"host":"dyzdf8svqmiivg97","time":1612612130,"event":{"mods":["AchievementEnabler","BaseMod","Colored Map","DeckTracker","Minty Spire (QoL Compilation)","Permanent Neow","Quick Restart","Rare Cards Sparkle","SuperFastMode"],"gold_per_floor":[116,116,127,137,62,62,91,91,116,136,167,183,196,196,196,292,292,267,88,88,105,155,155,165,165,192,210,210,210,210],"floor_reached":29,"language":"KOR","playtime":790,"items_purged":["Alpha","EmptyBody"],"score":294,"play_id":"75d9befe-57a4-4526-a3aa-acb7dc22a751","local_time":"20210206204850","is_ascension_mode":true,"campfire_choices":[{"data":"Eruption","floor":6,"key":"SMITH"},{"data":"Adaptation","floor":8,"key":"SMITH"},{"floor":15,"key":"REST"},{"floor":23,"key":"REST"},{"data":"MentalFortress","floor":25,"key":"SMITH"},{"floor":28,"key":"REST"}],"circlet_count":0,"master_deck":["Strike_P","Strike_P","Strike_P","Defend_P","Defend_P","Defend_P+1","Defend_P+1","Eruption+1","Vigilance","Meditate","Adaptation+1","FollowUp","EmptyFist","Scrawl","Adaptation","MentalFortress+1"],"relics":["PureWater","Toy Ornithopter","Ancient Tea Set","Nunchaku","SacredBark","Bag of Preparation"],"acts_visited":["Exordium","TheCity"],"potions_floor_usage":[16],"damage_taken":[{"damage":1,"enemies":"Cultist","floor":1,"turns":4},{"damage":8,"enemies":"Jaw Worm","floor":3,"turns":6},{"damage":2,"enemies":"2 Louse","floor":4,"turns":3},{"damage":13,"enemies":"3 Sentries","floor":7,"turns":11},{"damage":7,"enemies":"Red Slaver","floor":10,"turns":2},{"damage":13,"enemies":"Gremlin Nob","floor":11,"turns":3},{"damage":0,"enemies":"Exordium Thugs","floor":12,"turns":3},{"damage":4,"enemies":"Looter","floor":13,"turns":2},{"damage":11,"enemies":"Hexaghost","floor":16,"turns":7},{"damage":36,"enemies":"2 Thieves","floor":18,"turns":5},{"damage":17,"enemies":"Shell Parasite","floor":21,"turns":3},{"damage":6,"enemies":"Centurion and Healer","floor":24,"turns":3},{"damage":21,"enemies":"Snake Plant","floor":27,"turns":6},{"damage":0,"enemies":"Shelled Parasite and Fungi","floor":29,"turns":1}],"seed_played":"3186168254517087309","potions_obtained":[{"floor":7,"key":"LiquidBronze"},{"floor":11,"key":"ColorlessPotion"},{"floor":13,"key":"Regen Potion"},{"floor":18,"key":"Fire Potion"}],"is_trial":false,"path_per_floor":["M","?","M","M","$","R","E","R","T","M","E","M","M","?","R","B",null,"M","$","?","M","?","R","M","R","T","M","R","M"],"character_chosen":"WATCHER","items_purchased":["MentalFortress"],"campfire_rested":3,"item_purchase_floors":[19],"current_hp_per_floor":[71,76,68,66,66,66,53,53,53,46,33,33,29,14,37,31,66,30,30,30,13,13,36,30,30,30,9,32,32,32],"gold":210,"neow_bonus":"TRANSFORM_CARD","is_daily":false,"chose_seed":false,"campfire_upgraded":3,"win_rate":0.0,"timestamp":1612612130,"path_taken":["M","?","M","M","$","R","E","R","T","M","E","M","M","?","R","BOSS","M","$","?","M","?","R","M","R","T","?","R","M"],"items_purchased_type":["Card"],"build_version":"2020-12-22","purchased_purges":2,"victory":false,"max_hp_per_floor":[72,77,77,77,77,77,77,77,77,77,77,77,77,77,77,77,77,77,77,77,77,77,77,77,77,77,77,77,77,77],"card_choices":[{"not_picked":["Consecrate","Crescendo"],"picked":"EmptyBody","floor":1},{"not_picked":["CutThroughFate","WreathOfFlame"],"picked":"Meditate","floor":3},{"not_picked":["Consecrate","BowlingBash"],"picked":"Adaptation","floor":4},{"not_picked":["SandsOfTime","BattleHymn"],"picked":"FollowUp","floor":7},{"not_picked":["Protect","Crescendo","ThirdEye"],"picked":"SKIP","floor":10},{"not_picked":["CarveReality","EmptyMind"],"picked":"EmptyFist","floor":11},{"not_picked":["Wallop","CutThroughFate"],"picked":"Scrawl","floor":12},{"not_picked":["Vengeance","Protect"],"picked":"Adaptation","floor":13},{"not_picked":["Consecrate","ThirdEye","WaveOfTheHand"],"picked":"SKIP","floor":18},{"not_picked":["BowlingBash","LikeWater","FollowUp"],"picked":"SKIP","floor":21},{"not_picked":["BowlingBash","Evaluate+1","Collect"],"picked":"SKIP","floor":24},{"not_picked":["BowlingBash","CutThroughFate","Crescendo"],"picked":"SKIP","floor":27}],"player_experience":559993,"relics_obtained":[{"floor":7,"key":"Toy Ornithopter"},{"floor":9,"key":"Ancient Tea Set"},{"floor":11,"key":"Nunchaku"},{"floor":26,"key":"Bag of Preparation"}],"event_choices":[{"damage_healed":0,"gold_gain":0,"player_choice":"Donut","damage_taken":0,"max_hp_gain":5,"max_hp_loss":0,"event_name":"Big Fish","floor":2,"gold_loss":0},{"damage_healed":0,"gold_gain":0,"player_choice":"Entered Light","damage_taken":15,"max_hp_gain":0,"max_hp_loss":0,"event_name":"Shining Light","floor":14,"gold_loss":0,"cards_upgraded":["Defend_P","Defend_P"]},{"damage_healed":0,"gold_gain":0,"player_choice":"Ignored","damage_taken":0,"max_hp_gain":0,"max_hp_loss":0,"event_name":"Ghosts","floor":20,"gold_loss":0},{"damage_healed":0,"gold_gain":100,"player_choice":"Bet on Murderer","damage_taken":0,"max_hp_gain":0,"max_hp_loss":0,"event_name":"The Joust","floor":22,"gold_loss":50}],"is_beta":false,"boss_relics":[{"not_picked":["Coffee Dripper","Velvet Choker"],"picked":"SacredBark"}],"items_purged_floors":[5,19],"is_endless":false,"potions_floor_spawned":[7,11,13,18,21],"killed_by":"Shelled Parasite and Fungi","ascension_level":5}}