{"host":"kkntor5wdjky96yl","time":1612586456,"event":{"mods":["AchievementEnabler","BaseMod","Colored Map","KOR Keyword Fix","Minty Spire (QoL Compilation)","Shop Mod","StSLib","SuperFastMode","Swap Starting Deck Mod"],"gold_per_floor":[117,131,56,56,56,56,89,89,89,89,89,102,102,120,120,215,215,232,244,36,135,60,85,104,104,131,103,103,103,130,130,130,230,230,246,246,246,18,18,18,18,53,53,53,53,67,87,105,105,105,105,105,15,40,40,40],"floor_reached":55,"language":"KOR","playtime":1914,"items_purged":["Strike_G","Strike_G","Strike_G"],"score":827,"play_id":"baa3b056-18c9-42b8-98e4-b3d888e49676","local_time":"20210206134056","is_ascension_mode":false,"campfire_choices":[{"data":"Neutralize","floor":6.0,"key":"SMITH"},{"data":"Phantasmal Killer","floor":8.0,"key":"SMITH"},{"floor":10.0,"key":"RECALL"},{"data":"Cloak And Dagger","floor":15.0,"key":"SMITH"},{"data":"Adrenaline","floor":25.0,"key":"SMITH"},{"data":"Adrenaline","floor":28.0,"key":"SMITH"},{"floor":32.0,"key":"REST"},{"data":"Burst","floor":40.0,"key":"SMITH"},{"data":"Survivor","floor":44.0,"key":"SMITH"},{"floor":49.0,"key":"REST"},{"data":"Defend_G","floor":52.0,"key":"SMITH"}],"circlet_count":0,"master_deck":["Strike_G","Defend_G+1","Defend_G","Defend_G","Survivor+1","Neutralize+1","Blade Dance+1","Escape Plan","Phantasmal Killer+1","Blade Dance+1","Cloak And Dagger+1","Adrenaline+1","Setup+1","Slice+1","Adrenaline+1","Finisher+1","Burst+1","CurseOfTheBell","PiercingWail+1","Storm of Steel+1","Finesse+1","Slice+1","Cloak And Dagger+1","Acrobatics+1","Backflip+1","Wraith Form v2"],"relics":["Ring of the Snake","NeowsBlessing","Molten Egg 2","SlaversCollar","MerchantsRug","PreservedInsect","Art of War","Vajra","Toxic Egg 2","Ice Cream","Bottled Lightning","Oddly Smooth Stone"],"acts_visited":["Exordium","TheCity","TheBeyond","TheEnding"],"potions_floor_usage":[55,55],"damage_taken":[{"damage":0.0,"enemies":"2 Louse","floor":1.0,"turns":1.0},{"damage":0.0,"enemies":"Jaw Worm","floor":2.0,"turns":1.0},{"damage":0.0,"enemies":"Gremlin Nob","floor":7.0,"turns":1.0},{"damage":0.0,"enemies":"Small Slimes","floor":12.0,"turns":2.0},{"damage":1.0,"enemies":"Red Slaver","floor":14.0,"turns":2.0},{"damage":10.0,"enemies":"Slime Boss","floor":16.0,"turns":8.0},{"damage":2.0,"enemies":"3 Byrds","floor":18.0,"turns":4.0},{"damage":7.0,"enemies":"2 Thieves","floor":19.0,"turns":2.0},{"damage":23.0,"enemies":"Slavers","floor":23.0,"turns":6.0},{"damage":4.0,"enemies":"Chosen and Byrds","floor":24.0,"turns":6.0},{"damage":0.0,"enemies":"Book of Stabbing","floor":30.0,"turns":3.0},{"damage":46.0,"enemies":"Collector","floor":33.0,"turns":11.0},{"damage":11.0,"enemies":"3 Darklings","floor":35.0,"turns":6.0},{"damage":0.0,"enemies":"Reptomancer","floor":42.0,"turns":2.0},{"damage":0.0,"enemies":"Orb Walker","floor":46.0,"turns":1.0},{"damage":30.0,"enemies":"Sphere and 2 Shapes","floor":47.0,"turns":5.0},{"damage":45.0,"enemies":"Transient","floor":48.0,"turns":5.0},{"damage":36.0,"enemies":"Donu and Deca","floor":50.0,"turns":6.0},{"damage":0.0,"enemies":"Shield and Spear","floor":54.0,"turns":8.0},{"damage":62,"enemies":"The Heart","floor":55,"turns":8}],"seed_played":"2037309878057194192","potions_obtained":[{"floor":2.0,"key":"Poison Potion"},{"floor":12.0,"key":"Poison Potion"},{"floor":16.0,"key":"ColorlessPotion"},{"floor":23.0,"key":"Swift Potion"},{"floor":24.0,"key":"SpeedPotion"},{"floor":30.0,"key":"Regen Potion"},{"floor":42.0,"key":"ColorlessPotion"},{"floor":46.0,"key":"Regen Potion"},{"floor":54.0,"key":"Fruit Juice"}],"is_trial":false,"path_per_floor":["M","M","$","?","?","R","E","R","T","R","?","M","?","M","R","B",null,"M","M","$","?","?","E","M","R","T","$","R","?","E","?","R","B",null,"M","?","?","$","?","R","?","E","T","R","?","M","M","M","R","B",null,"R","$","E","B"],"character_chosen":"THE_SILENT","items_purchased":["MerchantsRug","FairyPotion","Storm of Steel+1","Backflip+1","Dexterity Potion","SpeedPotion"],"campfire_rested":2,"item_purchase_floors":[20,27,38,53,53,53],"current_hp_per_floor":[70,70,70,70,70,70,70,70,70,70,63,63,63,62,62,52,70,68,61,61,61,61,38,34,34,34,34,34,34,34,34,55,24,70,59,59,59,59,59,59,59,59,59,59,59,59,29,19,38,16,66,66,66,71,9,9],"gold":40,"neow_bonus":"THREE_ENEMY_KILL","is_daily":false,"chose_seed":false,"campfire_upgraded":8,"win_rate":0.0,"timestamp":1612586456,"path_taken":["M","M","$","?","?","R","E","R","T","R","?","M","?","?","R","BOSS","M","M","$","?","?","E","M","R","T","?","R","?","E","?","R","BOSS","M","?","?","$","?","R","?","E","T","R","?","M","M","M","R","BOSS","R","$","E","BOSS"],"items_purchased_type":["Relic","Potion","Card","Card","Potion","Potion"],"build_version":"2020-12-22","purchased_purges":3,"victory":false,"max_hp_per_floor":[70,70,70,70,70,70,70,70,70,70,70,70,70,70,70,70,70,70,70,70,70,70,70,70,70,70,70,70,70,70,70,70,70,70,70,70,70,70,70,70,70,70,70,70,66,66,66,66,66,66,66,66,66,71,71,71],"card_choices":[{"not_picked":["Prepared","Cloak And Dagger"],"picked":"Blade Dance","floor":1.0},{"not_picked":["All Out Attack","Expertise"],"picked":"Escape Plan","floor":2.0},{"not_picked":["Flying Knee+1","Acrobatics"],"picked":"Phantasmal Killer","floor":7.0},{"not_picked":["Quick Slash+1","Dagger Throw+1"],"picked":"Blade Dance","floor":12.0},{"not_picked":["Acrobatics","Dodge and Roll"],"picked":"Cloak And Dagger","floor":14.0},{"not_picked":["Unload+1","Phantasmal Killer"],"picked":"Adrenaline","floor":16.0},{"not_picked":["Dagger Throw+1","Bane+1"],"picked":"Setup+1","floor":18.0},{"not_picked":["Dodge and Roll+1","Dagger Spray+1"],"picked":"Slice+1","floor":19.0},{"not_picked":["Heel Hook+1","Bouncing Flask"],"picked":"Adrenaline","floor":23.0},{"not_picked":["Underhanded Strike+1","Dagger Throw+1","Riddle With Holes+1"],"picked":"SKIP","floor":24.0},{"not_picked":["Escape Plan","Night Terror"],"picked":"Finisher+1","floor":30.0},{"not_picked":["A Thousand Cuts","Envenom"],"picked":"Burst","floor":33.0},{"not_picked":["Prepared+1","Backstab+1"],"picked":"PiercingWail+1","floor":35.0},{"not_picked":["Forethought+1","Violence+1"],"picked":"Finesse+1","floor":41.0},{"not_picked":["Poisoned Stab+1","Outmaneuver+1"],"picked":"Slice+1","floor":42.0},{"not_picked":["Heel Hook+1","Flechettes+1"],"picked":"Cloak And Dagger+1","floor":46.0},{"not_picked":["Reflex+1","Endless Agony+1","Quick Slash+1"],"picked":"SKIP","floor":47.0},{"not_picked":["Deadly Poison+1","Slice+1"],"picked":"Acrobatics+1","floor":48.0},{"not_picked":["Finisher+1","Masterful Stab+1"],"picked":"Wraith Form v2","floor":54.0}],"player_experience":131968,"relics_obtained":[{"floor":7.0,"key":"Molten Egg 2"},{"floor":23.0,"key":"PreservedInsect"},{"floor":26.0,"key":"Snake Skull"},{"floor":30.0,"key":"Art of War"},{"floor":34.0,"key":"Vajra"},{"floor":34.0,"key":"Toxic Egg 2"},{"floor":34.0,"key":"Ice Cream"},{"floor":42.0,"key":"Bottled Lightning"},{"floor":43.0,"key":"Mummified Hand"},{"floor":54.0,"key":"Oddly Smooth Stone"}],"event_choices":[{"damage_healed":0.0,"max_hp_gain":0.0,"max_hp_loss":0.0,"gold_gain":0.0,"event_name":"Liars Game","player_choice":"Ignored","floor":4.0,"gold_loss":0.0,"damage_taken":0.0},{"damage_healed":0.0,"max_hp_gain":0.0,"max_hp_loss":0.0,"gold_gain":0.0,"event_name":"Living Wall","player_choice":"Grow","floor":5.0,"gold_loss":0.0,"damage_taken":0.0,"cards_upgraded":["Blade Dance"]},{"cards_removed":["Defend_G"],"damage_healed":0.0,"max_hp_gain":0.0,"max_hp_loss":0.0,"gold_gain":0.0,"event_name":"Golden Wing","player_choice":"Card Removal","floor":11.0,"gold_loss":0.0,"damage_taken":7.0},{"damage_healed":0.0,"max_hp_gain":0.0,"max_hp_loss":0.0,"gold_gain":0.0,"event_name":"Accursed Blacksmith","player_choice":"Forge","floor":13.0,"gold_loss":0.0,"damage_taken":0.0,"cards_upgraded":["Blade Dance"]},{"damage_healed":0.0,"max_hp_gain":0.0,"max_hp_loss":0.0,"gold_gain":99.0,"event_name":"Nest","player_choice":"Stole From Cult","floor":21.0,"gold_loss":0.0,"damage_taken":0.0},{"cards_removed":["Defend_G"],"damage_healed":0.0,"max_hp_gain":0.0,"max_hp_loss":0.0,"gold_gain":0.0,"event_name":"Beggar","player_choice":"Gave Gold","floor":22.0,"gold_loss":75.0,"damage_taken":0.0},{"damage_healed":0.0,"max_hp_gain":0.0,"max_hp_loss":0.0,"gold_gain":0.0,"event_name":"The Mausoleum","player_choice":"Ignored","floor":29.0,"gold_loss":0.0,"damage_taken":0.0},{"damage_healed":0.0,"max_hp_gain":0.0,"max_hp_loss":0.0,"gold_gain":0.0,"event_name":"Cursed Tome","player_choice":"Ignored","floor":31.0,"gold_loss":0.0,"damage_taken":0.0},{"damage_healed":0.0,"max_hp_gain":0.0,"max_hp_loss":0.0,"gold_gain":0.0,"event_name":"Tomb of Lord Red Mask","player_choice":"Ignored","floor":36.0,"gold_loss":0.0,"damage_taken":0.0},{"damage_healed":0.0,"max_hp_gain":0.0,"max_hp_loss":0.0,"gold_gain":0.0,"event_name":"Mysterious Sphere","player_choice":"Ignored","floor":37.0,"gold_loss":0.0,"damage_taken":0.0},{"cards_removed":["Strike_G"],"damage_healed":0.0,"max_hp_gain":0.0,"max_hp_loss":0.0,"gold_gain":0.0,"event_name":"Falling","player_choice":"Removed Attack","floor":39.0,"gold_loss":0.0,"damage_taken":0.0},{"damage_healed":0.0,"max_hp_gain":0.0,"max_hp_loss":0.0,"gold_gain":0.0,"event_name":"SensoryStone","player_choice":"Memory 1","floor":41.0,"gold_loss":0.0,"damage_taken":0.0},{"damage_healed":0.0,"max_hp_gain":0.0,"max_hp_loss":4.0,"gold_gain":0.0,"event_name":"Winding Halls","player_choice":"Max HP","floor":45.0,"gold_loss":0.0,"damage_taken":0.0}],"is_beta":false,"boss_relics":[{"not_picked":["SacredBark","Runic Pyramid"],"picked":"SlaversCollar"},{"not_picked":["Runic Dome","Philosopher\u0027s Stone"],"picked":"Calling Bell"}],"items_purged_floors":[3,20,38],"is_endless":false,"potions_floor_spawned":[2,12,16,23,24,30,42,46,54],"killed_by":"The Heart","ascension_level":0}}