{"host":"xp5rvh2jwe2ejyfm","time":1612651898,"event":{"mods":["2.2 Compatiblity","Aspiration","BaseMod","Better Altar","Better Match","Better Note","Better Sensory Stone","Better Skull","BetterRewards","Colored Powertips","Conspire","Downfall","GifTheSpireLib","Gremlin Mod","GungeonMod","Hermit","Hubris","Jorbs\u0027s Wanderer Trilogy","Minty Spire (QoL Compilation)","Potionbrewer","Quick Restart","Replay The Spire","Robot Space Explorer","Shade Mod","Somnambulant","StSLib","The Bug Knight","The Clintock","The Construct","The Cursed","The Disciple","The Forsaken","The Hierophant","The Necromancer","The Runesmith","The Servant 0.9.4","The Valiant","The Witch","TheFirefly","thorton"],"gold_per_floor":[119,134,134,151,162,162,162],"floor_reached":6,"language":"ENG","playtime":264,"items_purged":[],"score":38,"play_id":"5d0f5f90-734e-46eb-8c87-72ca27536b8d","local_time":"20210206175138","is_ascension_mode":false,"campfire_choices":[],"circlet_count":0,"master_deck":["Strike_Witch","Strike_Witch","Strike_Witch","Strike_Witch","Defend_Witch","Defend_Witch","Defend_Witch","Defend_Witch","Hexguard","ZombieSpit","FatalRay","Shrooms","TwistedMind+1","LivingBomb","MagicFang"],"relics":["BlackCat"],"acts_visited":["Exordium"],"potions_floor_usage":[],"damage_taken":[{"damage":2,"enemies":"Small Slimes","floor":1,"turns":5},{"damage":0,"enemies":"2 Louse","floor":2,"turns":3},{"damage":0,"enemies":"Cultist","floor":4,"turns":4},{"damage":0,"enemies":"3 Louse","floor":5,"turns":2},{"damage":60,"enemies":"Gremlin Nob","floor":6,"turns":6}],"seed_played":"6781716614160749689","potions_obtained":[{"floor":1,"key":"Adrenaline Potion"}],"is_trial":false,"path_per_floor":["M","M","?","M","M","E"],"character_chosen":"WITCH","items_purchased":[],"campfire_rested":0,"item_purchase_floors":[],"current_hp_per_floor":[65,65,65,65,65,5,5],"gold":162,"neow_bonus":"ONE_RANDOM_RARE_CARD","is_daily":false,"chose_seed":false,"campfire_upgraded":0,"win_rate":0.0,"timestamp":1612651898,"path_taken":["M","M","?","M","M","E"],"items_purchased_type":[],"build_version":"2020-12-22","purchased_purges":0,"victory":false,"max_hp_per_floor":[67,67,67,67,67,67,67],"card_choices":[{"not_picked":["KarmaDrain","GnarledBody"],"picked":"Shrooms","floor":1},{"not_picked":["RoilingBarrier","KarmaDrain"],"picked":"TwistedMind","floor":2},{"not_picked":["GhoulTouch","BoneCarving"],"picked":"LivingBomb","floor":4},{"not_picked":["SaltCircle","Atonement"],"picked":"MagicFang","floor":5}],"player_experience":453372,"relics_obtained":[],"event_choices":[],"is_beta":false,"boss_relics":[],"items_purged_floors":[],"is_endless":false,"potions_floor_spawned":[1],"killed_by":"Gremlin Nob","ascension_level":0}}