{"host":"hf8wn58z41rkrmnq","time":1612600452,"event":{"mods":["BaseMod","Better Third Choice","BetterRewards","Colored Map","Colored Powertips","Infinite Spire","Minty Spire (QoL Compilation)","Quick Restart","Relic Sorter","Relic Stats","Replay The Spire","Spicy Shops","StSLib"],"gold_per_floor":[209,209,17,57,57,57,95,168,168,168,18,18,143,143,143,143,143],"floor_reached":16,"language":"ENG","playtime":924,"items_purged":["Strike_R"],"score":97,"play_id":"34e443c5-c8df-4bb4-8f15-c043d2e2c5e9","local_time":"20210206033412","is_ascension_mode":true,"campfire_choices":[{"data":"HandOfGreed","floor":6.0,"key":"SMITH"},{"data":"ReplayReversal","floor":10.0,"key":"SMITH"},{"floor":12.0,"key":"REST"}],"circlet_count":0,"master_deck":["Strike_R","Strike_R","Strike_R","Defend_R","Defend_R","Defend_R","Bash","HandOfGreed+1","ReplayReversal+1","Body Slam","Defy Death"],"relics":["Burning Blood","Golden Idol","Frozen Egg 2","Ancient Tea Set","Gremlin Food"],"acts_visited":["Exordium"],"potions_floor_usage":[16],"damage_taken":[{"damage":9.0,"enemies":"2 Louse","floor":1.0,"turns":3.0},{"damage":1.0,"enemies":"Cultist","floor":4.0,"turns":4.0},{"damage":2.0,"enemies":"Jaw Worm","floor":7.0,"turns":4.0},{"damage":27.0,"enemies":"Large Slime","floor":8.0,"turns":8.0},{"damage":32.0,"enemies":"3 Sentries","floor":13.0,"turns":8.0},{"damage":48,"enemies":"Fading Forest","floor":16,"turns":7}],"seed_played":"2544210429238913586","potions_obtained":[{"floor":1.0,"key":"Block Potion"},{"floor":8.0,"key":"Dexterity Potion"}],"is_trial":false,"path_per_floor":["M","?","$","M","?","R","M","M","T","R","$","R","?","?","R_BF","B"],"character_chosen":"IRONCLAD","items_purchased":["HandOfGreed","Ancient Tea Set"],"campfire_rested":1,"item_purchase_floors":[3,11],"current_hp_per_floor":[77,57,57,62,62,62,66,45,45,45,45,69,43,43,43,0,0],"gold":143,"neow_bonus":"HUNDRED_GOLD","is_daily":false,"chose_seed":false,"campfire_upgraded":2,"win_rate":0.0,"timestamp":1612600452,"path_taken":["M","?","$","M","?","R","?","M","T","R","$","R","?","?","R_BF","BOSS"],"items_purchased_type":["Card","Relic"],"build_version":"2020-12-22","purchased_purges":1,"victory":false,"max_hp_per_floor":[80,80,80,80,80,80,80,80,80,80,80,80,80,80,80,80,80],"relic_stats":{"counters":[6,34],"Golden Idol":35,"obtain_stats":[{"Gremlin Food":13,"Golden Idol":2,"Frozen Egg 2":9,"Ancient Tea Set":11,"Burning Blood":0},{"Gremlin Food":5,"Golden Idol":1,"Frozen Egg 2":4,"Ancient Tea Set":4,"Burning Blood":0},{"Gremlin Food":27,"Golden Idol":3,"Frozen Egg 2":19,"Ancient Tea Set":19,"Burning Blood":0}],"Burning Blood":30},"card_choices":[{"not_picked":["Hemokinesis","ReplayTheSpireMod:Strike From Hell","Intimidate"],"picked":"SKIP","floor":1.0},{"not_picked":["Massacre","Pommel Strike"],"picked":"ReplayReversal","floor":4.0},{"not_picked":["Combust","Flex","Burning Pact"],"picked":"SKIP","floor":7.0},{"not_picked":["Combust","Run Through","ReplayTheSpireMod:Limb From Limb"],"picked":"SKIP","floor":8.0}],"player_experience":234185,"relics_obtained":[{"floor":9.0,"key":"Frozen Egg 2"},{"floor":13.0,"key":"Gremlin Food"}],"event_choices":[{"damage_healed":0.0,"max_hp_gain":0.0,"max_hp_loss":0.0,"gold_gain":0.0,"event_name":"Golden Idol","player_choice":"Take Damage","floor":2.0,"gold_loss":0.0,"damage_taken":20.0,"relics_obtained":["Golden Idol"]},{"cards_removed":["Strike_R"],"damage_healed":0.0,"max_hp_gain":0.0,"max_hp_loss":0.0,"gold_gain":0.0,"event_name":"Bonfire Elementals","player_choice":"Offered Basic","floor":5.0,"gold_loss":0.0,"damage_taken":0.0},{"damage_healed":0.0,"max_hp_gain":0.0,"max_hp_loss":0.0,"gold_gain":0.0,"event_name":"Dead Adventurer","player_choice":"Searched \u00272\u0027 times","floor":13.0,"gold_loss":0.0,"damage_taken":0.0},{"damage_healed":0,"gold_gain":0,"player_choice":"1 cards matched","damage_taken":0,"max_hp_gain":0,"max_hp_loss":0,"event_name":"Match and Keep!","floor":14,"gold_loss":0,"cards_obtained":["Body Slam"]}],"is_beta":false,"boss_relics":[],"items_purged_floors":[11],"is_endless":false,"potions_floor_spawned":[1,8],"killed_by":"Fading Forest","ascension_level":2}}