{"host":"rn4c402gwd40h2z6","time":1612616652,"event":{"mods":["A Penny For Your Troubles","Act Like it!","Ascension Unlocker","BaseMod","CapriCore","Card Forge","Challenge The Spire","Data Control","Downfall","Easy Mod","FoggyMod","Infinite Spire","Minty Spire (QoL Compilation)","Permanent Neow","Quick Restart","Random Character Button","RumiaBox-露米娅的神秘盒子","Spicy Shops","StSLib","The IronCluck","[LAZYMAN]RSMod","noobMod","slay the spire mod where everything is the same but ironclad has a cowboy hat","【功能Mod】混沌之环修复补丁","【功能Mod】聪明的最终Boss","【遗物卡牌】REMEMod","魔戒"],"gold_per_floor":[113,63,63,63,338,367,367,402,484,510,526,601,601,601,601,696,696,712,729,146,146,146,146,162,162,185,185,185,217,42,42,42,137,137,150,150,175,175,189,189,189,201,228,0,300,317,372,722,722,613,613,613,133,167,167],"floor_reached":56,"language":"ZHS","playtime":3485,"items_purged":["downfall:Bewildered","Bite"],"score":1266,"play_id":"c50c6fbb-63bd-47a1-bdf1-920a8696ee79","local_time":"20210206210412","is_ascension_mode":true,"campfire_choices":[{"floor":7,"key":"RECALL"},{"data":"infinitespire:UltimateForm","floor":13,"key":"SMITH"},{"data":"Slimebound:PrepareCrush","floor":15,"key":"SMITH"},{"data":"RingOfDestiny:ThreeRaffles","floor":23,"key":"SMITH"},{"data":"Apotheosis","floor":27,"key":"SMITH"},{"data":"EasyMod:card_1","floor":32,"key":"SMITH"},{"data":"RingOfDestiny:CatGash","floor":40,"key":"SMITH"},{"data":"EasyMod:card_1","floor":49,"key":"SMITH"},{"data":"RingOfDestiny:CatGash","floor":52,"key":"SMITH"}],"circlet_count":0,"master_deck":["EasyMod:card_1","RingOfDestiny:Defend_PU+1","RingOfDestiny:Defend_PU+1","RingOfDestiny:Defend_PU+1","RingOfDestiny:FirstInvest","RingOfDestiny:DiamondOfDeath","Slimebound:PrepareCrush+1","infinitespire:UltimateForm+1","RingOfDestiny:ThreeRaffles","RingOfDestiny:GoldFinger","dwlrmod:ColdlightOracle","RingOfDestiny:GoldFinger","dwlrmod:Chameleos","RingOfDestiny:MultipleInvest","RingOfDestiny:MultipleInvest","Iron Wave","RingOfDestiny:InvestMagic","RingOfDestiny:ThreeRaffles+1","RingOfDestiny:Superior","Apotheosis+1","Bite","Bite","Bite","Bite","RingOfDestiny:FreePlay","RingOfDestiny:CatGash+1","RitualDagger","RingOfDestiny:Wilful+1","RingOfDestiny:Rich","Dramatic Entrance","Dramatic Entrance+1"],"relics":["RingOfDestiny:DogEyes","Hammer of Thor","Seething Fire","Anvil of the Gods","REME_ComplimentaryCards","ice","NeowsBlessing","Baka2","EasyMod:Easy_9","dwlrmod:ProjectRecorder","Pear","Orichalcum","EasyMod:Easy_0","expansioncontent:StudyCardRelic","GodSword4","Pen Nib","GodSword5","Slimebound:StickyStick","sneckomod:BabySnecko","infinitespire:ShieldingShard","Busted Crown","REME_DuelDisc","EasyMod:Easy_2","Red Mask","infinitespire:Magic Flask","Old Coin","ClockworkSouvenir","Shuriken"],"acts_visited":["Exordium","TheCity","TheBeyond","RingOfDestiny:BlackNoah"],"potions_floor_usage":[],"damage_taken":[{"damage":0,"enemies":"2 Louse","floor":1,"turns":1},{"damage":0,"enemies":"Lagavulin","floor":6,"turns":2},{"damage":0,"enemies":"Gremlin Nob","floor":8,"turns":1},{"damage":11,"enemies":"3 Sentries","floor":10,"turns":4},{"damage":0,"enemies":"Jaw Worm","floor":11,"turns":1},{"damage":1,"enemies":"Slime Boss","floor":16,"turns":5},{"damage":0,"enemies":"Spheric Guardian","floor":18,"turns":1},{"damage":0,"enemies":"3 Byrds","floor":19,"turns":1},{"damage":0,"enemies":"Cultist and Chosen","floor":24,"turns":2},{"damage":23,"enemies":"Gremlin Leader","floor":29,"turns":3},{"damage":30,"enemies":"Collector","floor":33,"turns":5},{"damage":6,"enemies":"3 Shapes","floor":35,"turns":1},{"damage":0,"enemies":"Orb Walker","floor":37,"turns":1},{"damage":0,"enemies":"Transient","floor":39,"turns":6},{"damage":6,"enemies":"4 Shapes","floor":42,"turns":1},{"damage":0,"enemies":"Spire Growth","floor":46,"turns":1},{"damage":0,"enemies":"2 Orb Walkers","floor":47,"turns":1},{"damage":0,"enemies":"Mind Bloom Boss Battle","floor":48,"turns":2},{"damage":0,"enemies":"Time Eater","floor":50,"turns":7},{"damage":9,"enemies":"RingOfDestiny:fyra","floor":54,"turns":2},{"damage":0,"enemies":"RingOfDestiny:Rita","floor":55,"turns":5}],"seed_played":"8838640098502518190","potions_obtained":[{"floor":6,"key":"SkillPotion"},{"floor":8,"key":"bronze:BurnAndBuffPotion"},{"floor":11,"key":"Fire Potion"}],"is_trial":false,"path_per_floor":["M","?","?","$","?","E","R","E","T","E","M","?","R","?","R","B",null,"M","M","$","?","?","R","M","?","T","R","?","E","$","?","R","B",null,"M","AVR","M","?","M","R","?","M","T","?","?","M","?","?","R","B",null,"R","$","E","B",null],"character_chosen":"Purchemist","items_purchased":["GodSword4","Pen Nib","Apotheosis","ClockworkSouvenir","Shuriken","Dramatic Entrance"],"campfire_rested":0,"item_purchase_floors":[20,20,20,53,53,53],"current_hp_per_floor":[90,90,68,68,68,68,68,78,78,87,87,76,76,76,76,75,100,100,100,100,69,69,69,69,63,63,63,63,42,42,42,42,16,69,65,65,69,69,69,69,69,63,63,63,63,66,69,69,69,69,69,69,69,60,69],"gold":167,"neow_bonus":"THREE_ENEMY_KILL","is_daily":false,"chose_seed":false,"campfire_upgraded":8,"win_rate":0.0,"timestamp":1612616652,"path_taken":["M","?","?","?","?","E","R","E","T","E","?","?","R","?","R","BOSS","M","?","?","?","?","R","?","?","T","R","?","E","?","?","R","BOSS","M","AVR","?","?","?","R","?","?","T","?","?","?","?","?","R","BOSS","R","$","E","BOSS"],"items_purchased_type":["Relic","Relic","Card","Relic","Relic","Card"],"build_version":"2020-12-22","purchased_purges":2,"victory":true,"max_hp_per_floor":[90,90,90,90,90,90,90,100,100,100,100,100,100,100,100,100,100,100,100,100,69,69,69,69,69,69,69,69,69,69,69,69,69,69,69,69,69,69,69,69,69,69,69,69,69,69,69,69,69,69,69,69,69,69,69],"card_choices":[{"not_picked":["RingOfDestiny:Laugh","RingOfDestiny:CrushDiamond"],"picked":"RingOfDestiny:CatGash","floor":1},{"not_picked":["infinitespire:NeuralNetwork","infinitespire:TheBestDefense"],"picked":"infinitespire:UltimateForm","floor":3},{"not_picked":["RingOfDestiny:Filter","RingOfDestiny:Windfall"],"picked":"RingOfDestiny:GoldFinger","floor":6},{"not_picked":["dwlrmod:IllusoryFlash","dwlrmod:GralTheShark"],"picked":"dwlrmod:ColdlightOracle","floor":8},{"not_picked":["RingOfDestiny:Laugh","RingOfDestiny:StayUpLate"],"picked":"RingOfDestiny:GoldFinger","floor":8},{"not_picked":["dwlrmod:Infest","dwlrmod:VividHorrors"],"picked":"dwlrmod:Chameleos","floor":10},{"not_picked":["RingOfDestiny:RaiseMoney","RingOfDestiny:Filter"],"picked":"RingOfDestiny:MultipleInvest","floor":10},{"not_picked":["RingOfDestiny:Extraction","RingOfDestiny:Disdain"],"picked":"RingOfDestiny:MultipleInvest","floor":11},{"not_picked":["RingOfDestiny:Extraction","RingOfDestiny:Act"],"picked":"RingOfDestiny:InvestMagic","floor":16},{"not_picked":["RingOfDestiny:Disdain","RingOfDestiny:RaiseMoney+1"],"picked":"RingOfDestiny:ThreeRaffles","floor":18},{"not_picked":["RingOfDestiny:BloodBorne+1","RingOfDestiny:Wilful"],"picked":"RingOfDestiny:Superior","floor":19},{"not_picked":["RingOfDestiny:Concentrate","RingOfDestiny:Wilful"],"picked":"RingOfDestiny:CatGash","floor":24},{"not_picked":["RingOfDestiny:Extraction","RingOfDestiny:Windfall"],"picked":"RingOfDestiny:Wilful+1","floor":29},{"not_picked":["RingOfDestiny:ScrewRules","RingOfDestiny:GoldProtect"],"picked":"RingOfDestiny:Rich","floor":33},{"not_picked":["RingOfDestiny:BloodAvalanche"],"picked":"SKIP","floor":35},{"not_picked":["RingOfDestiny:Laugh"],"picked":"SKIP","floor":37},{"not_picked":["RingOfDestiny:BuyBuyBuy+1"],"picked":"SKIP","floor":39},{"not_picked":["RingOfDestiny:SwornRevenge"],"picked":"SKIP","floor":42},{"not_picked":["RingOfDestiny:Rebate+1"],"picked":"SKIP","floor":46},{"not_picked":["RingOfDestiny:NoInvest"],"picked":"SKIP","floor":54},{"not_picked":["RingOfDestiny:NoInvest"],"picked":"SKIP","floor":54}],"player_experience":125025,"relics_obtained":[{"floor":1,"key":"Baka"},{"floor":6,"key":"Baka2"},{"floor":6,"key":"EasyMod:Easy_9"},{"floor":6,"key":"dwlrmod:ProjectRecorder"},{"floor":8,"key":"Pear"},{"floor":8,"key":"Orichalcum"},{"floor":10,"key":"EasyMod:Easy_0"},{"floor":24,"key":"GodSword5"},{"floor":26,"key":"Slimebound:StickyStick"},{"floor":29,"key":"infinitespire:ShieldingShard"},{"floor":43,"key":"EasyMod:Easy_2"},{"floor":47,"key":"infinitespire:Magic Flask"},{"floor":48,"key":"Old Coin"}],"event_choices":[{"cards_removed":["RingOfDestiny:Defend_PU"],"damage_healed":0,"gold_gain":0,"player_choice":"Card Removal","damage_taken":0,"max_hp_gain":0,"max_hp_loss":0,"event_name":"The Cleric","floor":2,"gold_loss":50},{"damage_healed":0,"gold_gain":275,"player_choice":"Desecrate","damage_taken":0,"max_hp_gain":0,"max_hp_loss":0,"event_name":"Golden Shrine","floor":5,"gold_loss":0,"cards_obtained":["Regret"]},{"damage_healed":0,"gold_gain":75,"player_choice":"Gather Gold","damage_taken":11,"max_hp_gain":0,"max_hp_loss":0,"event_name":"World of Goop","floor":12,"gold_loss":0},{"cards_removed":["Regret"],"damage_healed":0,"gold_gain":0,"player_choice":"Took Card","damage_taken":0,"max_hp_gain":0,"max_hp_loss":0,"event_name":"NoteForYourself","floor":14,"gold_loss":0,"cards_obtained":["Iron Wave"]},{"damage_healed":0,"gold_gain":0,"player_choice":"Became a vampire","damage_taken":0,"max_hp_gain":0,"max_hp_loss":31,"event_name":"Vampires","floor":21,"gold_loss":0,"cards_obtained":["Bite","Bite","Bite","Bite","Bite"]},{"damage_healed":0,"gold_gain":0,"player_choice":"Simplicity","damage_taken":0,"max_hp_gain":0,"max_hp_loss":0,"event_name":"Back to Basics","floor":22,"gold_loss":0,"cards_upgraded":["RingOfDestiny:Defend_PU","RingOfDestiny:Defend_PU","RingOfDestiny:Defend_PU"]},{"damage_healed":0,"gold_gain":0,"player_choice":"Joined the Cult","damage_taken":6,"max_hp_gain":0,"max_hp_loss":0,"event_name":"Nest","floor":25,"gold_loss":0,"cards_obtained":["RitualDagger"]},{"cards_removed":["RingOfDestiny:Metaphysics"],"damage_healed":0,"gold_gain":0,"player_choice":"Purged","damage_taken":0,"max_hp_gain":0,"max_hp_loss":0,"event_name":"Purifier","floor":31,"gold_loss":0},{"damage_healed":0,"gold_gain":0,"player_choice":"Upgraded","damage_taken":0,"max_hp_gain":0,"max_hp_loss":0,"event_name":"Upgrade Shrine","floor":38,"gold_loss":0,"cards_upgraded":["EasyMod:card_1"]},{"damage_healed":0,"gold_gain":0,"player_choice":"Got Potions","damage_taken":0,"max_hp_gain":0,"max_hp_loss":0,"event_name":"Lab","floor":41,"gold_loss":0},{"damage_healed":0,"gold_gain":0,"player_choice":"Paid","damage_taken":0,"relics_obtained":["Red Mask"],"max_hp_gain":0,"max_hp_loss":0,"event_name":"Tomb of Lord Red Mask","floor":44,"gold_loss":228},{"damage_healed":0,"gold_gain":300,"player_choice":"Gold","damage_taken":0,"max_hp_gain":0,"max_hp_loss":0,"event_name":"Wheel of Change","floor":45,"gold_loss":0},{"damage_healed":0,"gold_gain":0,"player_choice":"Fight","damage_taken":0,"max_hp_gain":0,"max_hp_loss":0,"event_name":"Mysterious Sphere","floor":47,"gold_loss":0},{"damage_healed":0,"gold_gain":0,"player_choice":"Fight","damage_taken":0,"max_hp_gain":0,"max_hp_loss":0,"event_name":"MindBloom","floor":48,"gold_loss":0}],"is_beta":false,"boss_relics":[{"not_picked":["AddBug","Runic Dome"],"picked":"expansioncontent:StudyCardRelic"},{"not_picked":["Astrolabe","Fusion Hammer"],"picked":"Busted Crown"}],"items_purged_floors":[30,30],"is_endless":false,"potions_floor_spawned":[6,8,11,29,33,39,46,47],"ascension_level":1}}