{"host":"mnpd8gh7cwxsn5kh","time":1612653797,"event":{"mods":["BaseMod","Bestiary","Block Reminder","Colored Map","Colored Powertips","Highlight Path","Minty Spire (QoL Compilation)","Relic Sorter","Relic Stats"],"gold_per_floor":[124,136,161,184,210,257,269,307,342,389,36,36,48,68,68,169,169,182,197,197,297,308,334,350,385,385,385,415,415,415,425,425,525,525,544,819,291,302,314,346,361,361,387,180,208,208,239,239,239,239],"floor_reached":51,"language":"ENG","playtime":5499,"items_purged":[],"score":1325,"play_id":"e8fe6e77-5025-4b60-b654-3c79a0c0ca67","local_time":"20210207002317","is_ascension_mode":true,"campfire_choices":[{"data":"Feed","floor":12,"key":"SMITH"},{"data":"Fiend Fire","floor":15,"key":"SMITH"},{"data":"Dark Embrace","floor":27,"key":"SMITH"},{"data":"Shockwave","floor":30,"key":"SMITH"},{"data":"Spot Weakness","floor":32,"key":"SMITH"},{"data":"Spot Weakness","floor":49,"key":"SMITH"}],"circlet_count":0,"master_deck":["AscendersBane","Strike_R+1","Strike_R+1","Strike_R+1","Strike_R+1","Defend_R+1","Defend_R+1","Defend_R+1","Bash+1","Twin Strike","Shockwave+1","Metallicize","Spot Weakness+1","Fiend Fire+1","Feed+1","Warcry","Battle Trance","Clothesline","Corruption","Dual Wield+1","Disarm","Shrug It Off+1","Ghostly Armor","Seeing Red+1","Dark Embrace+1","True Grit+1","Burning Pact","Immolate","Rage+1","Feel No Pain","Battle Trance+1","Headbutt+1","Shrug It Off+1","Shrug It Off","Spot Weakness+1","Pummel+1"],"relics":["Black Blood","MawBank","Art of War","Pen Nib","Whetstone","Boot","Happy Flower","Nunchaku","Orichalcum","Omamori","Self Forming Clay","Juzu Bracelet","Coffee Dripper","Matryoshka","ClockworkSouvenir","War Paint","Letter Opener","MealTicket","TheAbacus","Meat on the Bone","Singing Bowl"],"acts_visited":["Exordium","TheCity","TheBeyond"],"potions_floor_usage":[3,6,8,8,14,16,23,33,33,47,50],"damage_taken":[{"damage":2,"enemies":"Jaw Worm","floor":1,"turns":5},{"damage":2,"enemies":"Cultist","floor":3,"turns":4},{"damage":0,"enemies":"2 Louse","floor":4,"turns":4},{"damage":4,"enemies":"2 Fungi Beasts","floor":5,"turns":4},{"damage":29,"enemies":"3 Sentries","floor":6,"turns":7},{"damage":25,"enemies":"Gremlin Nob","floor":8,"turns":5},{"damage":12,"enemies":"Lagavulin","floor":10,"turns":5},{"damage":1,"enemies":"Red Slaver","floor":13,"turns":3},{"damage":0,"enemies":"Exordium Thugs","floor":14,"turns":2},{"damage":26,"enemies":"Hexaghost","floor":16,"turns":8},{"damage":11,"enemies":"Chosen","floor":18,"turns":6},{"damage":29,"enemies":"Spheric Guardian","floor":19,"turns":4},{"damage":10,"enemies":"Snecko","floor":22,"turns":4},{"damage":20,"enemies":"Gremlin Leader","floor":23,"turns":9},{"damage":13,"enemies":"Centurion and Healer","floor":24,"turns":5},{"damage":31,"enemies":"Slavers","floor":25,"turns":3},{"damage":16,"enemies":"Book of Stabbing","floor":28,"turns":6},{"damage":20,"enemies":"Sentry and Sphere","floor":31,"turns":6},{"damage":31,"enemies":"Champ","floor":33,"turns":10},{"damage":13,"enemies":"3 Shapes","floor":35,"turns":6},{"damage":30,"enemies":"3 Darklings","floor":38,"turns":5},{"damage":3,"enemies":"Sphere and 2 Shapes","floor":39,"turns":3},{"damage":3,"enemies":"Nemesis","floor":40,"turns":7},{"damage":5,"enemies":"Jaw Worm Horde","floor":41,"turns":4},{"damage":33,"enemies":"Giant Head","floor":45,"turns":8},{"damage":15,"enemies":"Reptomancer","floor":47,"turns":7},{"damage":73,"enemies":"Time Eater","floor":50,"turns":11}],"seed_played":"-2925514541082002611","potions_obtained":[{"floor":3,"key":"EntropicBrew"},{"floor":6,"key":"Ancient Potion"},{"floor":8,"key":"DuplicationPotion"},{"floor":13,"key":"Fire Potion"},{"floor":14,"key":"Dexterity Potion"},{"floor":16,"key":"ElixirPotion"},{"floor":22,"key":"Explosive Potion"},{"floor":25,"key":"Swift Potion"},{"floor":31,"key":"Strength Potion"},{"floor":38,"key":"ColorlessPotion"},{"floor":40,"key":"Swift Potion"},{"floor":41,"key":"BloodPotion"}],"is_trial":false,"path_per_floor":["M","?","M","M","M","E","?","E","T","E","$","R","M","M","R","B",null,"M","M","?","?","M","E","M","E","T","R","E","?","R","M","R","B",null,"M","?","$","M","M","E","M","$","T","$","E","?","E","?","R","B",null],"character_chosen":"IRONCLAD","items_purchased":["Happy Flower","Nunchaku","Battle Trance","Matryoshka","Feel No Pain","Battle Trance","ClockworkSouvenir","TheAbacus","Shrug It Off"],"campfire_rested":0,"item_purchase_floors":[11,11,11,37,37,37,37,44,44],"current_hp_per_floor":[76,76,80,80,80,57,57,38,38,35,35,35,44,54,54,34,77,78,65,65,65,71,67,70,59,59,59,55,55,55,51,51,32,97,100,100,100,82,95,108,115,115,115,130,109,109,106,108,108,85],"gold":239,"neow_bonus":"RANDOM_COMMON_RELIC","is_daily":false,"chose_seed":false,"campfire_upgraded":6,"win_rate":0.0,"timestamp":1612653797,"path_taken":["M","?","?","M","M","E","?","E","T","E","$","R","?","M","R","BOSS","M","?","?","?","M","E","M","E","T","R","E","?","R","M","R","BOSS","M","?","$","M","M","E","M","?","T","$","E","?","E","?","R","BOSS"],"items_purchased_type":["Relic","Relic","Card","Relic","Card","Card","Relic","Relic","Card"],"build_version":"2020-12-22","purchased_purges":0,"victory":true,"max_hp_per_floor":[80,80,80,80,80,80,80,80,80,83,83,83,87,91,91,91,91,91,95,95,95,99,103,107,115,115,115,115,115,115,119,119,119,119,123,123,123,123,127,131,131,131,131,131,131,131,131,133,133,133],"relic_stats":{"Happy Flower":[39],"Singing Bowl":2,"counters":[27,151],"Self Forming Clay":[102],"Black Blood":256,"Pen Nib":[18],"Juzu Bracelet":2,"Whetstone":["Strike_R","Bash"],"Letter Opener":[60],"Orichalcum":[90],"War Paint":["Shrug It Off","Battle Trance"],"MawBank":132,"Boot":[11],"Nunchaku":[17],"TheAbacus":[24],"MealTicket":15,"Art of War":[24],"obtain_stats":[{"Happy Flower":11,"Singing Bowl":47,"Self Forming Clay":26,"Black Blood":17,"Pen Nib":8,"Omamori":25,"Juzu Bracelet":28,"Whetstone":9,"Letter Opener":43,"Orichalcum":23,"War Paint":40,"MawBank":0,"Boot":10,"Burning Blood":0,"ClockworkSouvenir":37,"Nunchaku":11,"Matryoshka":37,"TheAbacus":44,"MealTicket":43,"Art of War":6,"Coffee Dripper":34,"Meat on the Bone":45},{"Happy Flower":7,"Singing Bowl":26,"Self Forming Clay":16,"Black Blood":10,"Pen Nib":6,"Omamori":16,"Juzu Bracelet":17,"Whetstone":6,"Letter Opener":24,"Orichalcum":14,"War Paint":23,"MawBank":0,"Boot":7,"Burning Blood":0,"ClockworkSouvenir":20,"Nunchaku":7,"Matryoshka":20,"TheAbacus":24,"MealTicket":24,"Art of War":5,"Coffee Dripper":19,"Meat on the Bone":25},{"Happy Flower":34,"Singing Bowl":140,"Self Forming Clay":78,"Black Blood":47,"Pen Nib":29,"Omamori":78,"Juzu Bracelet":84,"Whetstone":29,"Letter Opener":125,"Orichalcum":70,"War Paint":121,"MawBank":0,"Boot":34,"Burning Blood":0,"ClockworkSouvenir":106,"Nunchaku":34,"Matryoshka":106,"TheAbacus":125,"MealTicket":125,"Art of War":24,"Coffee Dripper":100,"Meat on the Bone":133}],"Meat on the Bone":12},"card_choices":[{"not_picked":["Wild Strike","Fire Breathing"],"picked":"Twin Strike","floor":1},{"not_picked":["Sentinel","Havoc"],"picked":"Metallicize","floor":3},{"not_picked":["Clothesline","Disarm"],"picked":"Spot Weakness","floor":4},{"not_picked":["Clothesline","Pommel Strike"],"picked":"Fiend Fire","floor":5},{"not_picked":["True Grit","Sentinel"],"picked":"Hemokinesis","floor":6},{"not_picked":["Disarm","Warcry"],"picked":"Feed","floor":8},{"not_picked":["Havoc","Perfected Strike"],"picked":"Warcry","floor":10},{"not_picked":["Cleave","Anger","Bloodletting"],"picked":"SKIP","floor":13},{"not_picked":["Sword Boomerang","Flex"],"picked":"Clothesline","floor":14},{"not_picked":["Limit Break","Barricade"],"picked":"Corruption","floor":16},{"not_picked":["Twin Strike","Headbutt"],"picked":"Dual Wield+1","floor":18},{"not_picked":["Clothesline","Cleave"],"picked":"Disarm","floor":19},{"not_picked":["Intimidate","Clothesline"],"picked":"Shrug It Off","floor":22},{"not_picked":["Brutality","Carnage"],"picked":"Ghostly Armor","floor":23},{"not_picked":["Heavy Blade+1","Pommel Strike+1"],"picked":"Seeing Red+1","floor":24},{"not_picked":["Ghostly Armor+1","Hemokinesis"],"picked":"Dark Embrace","floor":25},{"not_picked":["Perfected Strike","Headbutt"],"picked":"True Grit+1","floor":28},{"not_picked":["Brutality","Body Slam","Sword Boomerang"],"picked":"SKIP","floor":31},{"not_picked":["Juggernaut","Fiend Fire"],"picked":"Immolate","floor":33},{"not_picked":["Sword Boomerang+1","Clothesline"],"picked":"Rage+1","floor":35},{"not_picked":["Reckless Charge+1","Evolve+1"],"picked":"Headbutt+1","floor":38},{"not_picked":["Cleave+1","Fire Breathing","Dropkick+1"],"picked":"SKIP","floor":39},{"not_picked":["Body Slam","Havoc","Reckless Charge+1"],"picked":"SKIP","floor":40},{"not_picked":["Heavy Blade","Wild Strike"],"picked":"Shrug It Off+1","floor":41},{"not_picked":["Fire Breathing+1","Dual Wield+1"],"picked":"Spot Weakness","floor":45},{"not_picked":["Ghostly Armor+1","Body Slam"],"picked":"Pummel+1","floor":47},{"not_picked":["Jack Of All Trades","PanicButton","Panacea"],"picked":"Singing Bowl","floor":48}],"player_experience":364037,"relics_obtained":[{"floor":6,"key":"Art of War"},{"floor":8,"key":"Pen Nib"},{"floor":9,"key":"Whetstone"},{"floor":10,"key":"Boot"},{"floor":23,"key":"Orichalcum"},{"floor":25,"key":"Omamori"},{"floor":26,"key":"Self Forming Clay"},{"floor":28,"key":"Juzu Bracelet"},{"floor":40,"key":"War Paint"},{"floor":43,"key":"Letter Opener"},{"floor":43,"key":"MealTicket"},{"floor":45,"key":"Meat on the Bone"},{"floor":47,"key":"Singing Bowl"}],"event_choices":[{"damage_healed":0,"gold_gain":0,"cards_transformed":["Strike_R"],"player_choice":"Transformed","damage_taken":0,"max_hp_gain":0,"max_hp_loss":0,"event_name":"Transmorgrifier","floor":2,"gold_loss":0,"cards_obtained":["Shockwave"]},{"damage_healed":0,"gold_gain":0,"player_choice":"Bought 0 Potions","damage_taken":0,"max_hp_gain":0,"max_hp_loss":0,"event_name":"The Woman in Blue","floor":7,"gold_loss":0},{"damage_healed":0,"gold_gain":0,"player_choice":"Simplicity","damage_taken":0,"max_hp_gain":0,"max_hp_loss":0,"event_name":"Back to Basics","floor":20,"gold_loss":0,"cards_upgraded":["Strike_R","Strike_R","Strike_R","Defend_R","Defend_R","Defend_R","Defend_R"]},{"damage_healed":0,"gold_gain":100,"player_choice":"Pray","damage_taken":0,"max_hp_gain":0,"max_hp_loss":0,"event_name":"Golden Shrine","floor":21,"gold_loss":0},{"damage_healed":0,"gold_gain":0,"cards_transformed":["Hemokinesis"],"player_choice":"Transformed","damage_taken":0,"max_hp_gain":0,"max_hp_loss":0,"event_name":"Transmorgrifier","floor":29,"gold_loss":0,"cards_obtained":["Burning Pact"]},{"damage_healed":0,"gold_gain":275,"player_choice":"Desecrate","damage_taken":0,"max_hp_gain":0,"max_hp_loss":0,"event_name":"Golden Shrine","floor":36,"gold_loss":0,"cards_obtained":["Regret"]},{"cards_removed":["Defend_R"],"damage_healed":0,"gold_gain":0,"player_choice":"Removed Skill","damage_taken":0,"max_hp_gain":0,"max_hp_loss":0,"event_name":"Falling","floor":46,"gold_loss":0},{"damage_healed":0,"gold_gain":0,"player_choice":"Memory 1","damage_taken":0,"max_hp_gain":0,"max_hp_loss":0,"event_name":"SensoryStone","floor":48,"gold_loss":0}],"is_beta":false,"boss_relics":[{"not_picked":["Pandora\u0027s Box","Runic Dome"],"picked":"Black Blood"},{"not_picked":["Philosopher\u0027s Stone","SacredBark"],"picked":"Coffee Dripper"}],"items_purged_floors":[],"is_endless":false,"potions_floor_spawned":[3,6,8,13,14,16,22,25,28,31,38,40,41],"ascension_level":11}}