{"host":"r53pw7z744tg3fxg","time":1612622361,"event":{"mods":["AchievementEnabler","BaseMod","Colored Map","Colored Powertips","Highlight Path","Minty Spire (QoL Compilation)","Quick Restart","Transform Curses"],"gold_per_floor":[113,34,47,62,73,102,102,177,204,204,204,204,223,257,257,257,257],"floor_reached":16,"language":"ENG","playtime":672,"items_purged":[],"score":209,"play_id":"9df67af8-573a-48ae-bc0b-2b1f44411c81","local_time":"20210206073921","is_ascension_mode":true,"campfire_choices":[{"floor":7.0,"key":"REST"},{"data":"Magnetism","floor":11.0,"key":"SMITH"},{"floor":15.0,"key":"REST"}],"circlet_count":0,"master_deck":["AscendersBane","Strike_P+1","Strike_P","Strike_P","Strike_P","Defend_P+1","Defend_P","Defend_P","Defend_P","Eruption+1","Vigilance+1","Writhe","Magnetism+1","Consecrate","LessonLearned","CarveReality","ThirdEye","FlurryOfBlows","WheelKick","Injury","CutThroughFate","Wallop"],"relics":["PureWater","Regal Pillow","Potion Belt","Golden Idol","Toy Ornithopter"],"acts_visited":["Exordium"],"potions_floor_usage":[16],"damage_taken":[{"damage":10.0,"enemies":"Small Slimes","floor":1.0,"turns":5.0},{"damage":7.0,"enemies":"Jaw Worm","floor":3.0,"turns":5.0},{"damage":0.0,"enemies":"Cultist","floor":4.0,"turns":3.0},{"damage":0.0,"enemies":"Exordium Wildlife","floor":5.0,"turns":2.0},{"damage":28.0,"enemies":"Lagavulin","floor":6.0,"turns":10.0},{"damage":4.0,"enemies":"Looter","floor":13.0,"turns":4.0},{"damage":22.0,"enemies":"Gremlin Nob","floor":14.0,"turns":3.0},{"damage":65,"enemies":"The Guardian","floor":16,"turns":12}],"seed_played":"-3636835466092385732","potions_obtained":[{"floor":3.0,"key":"SpeedPotion"},{"floor":4.0,"key":"SpeedPotion"},{"floor":6.0,"key":"Dexterity Potion"}],"is_trial":false,"path_per_floor":["M","$","M","M","M","E","R","?","T","?","R","?","M","E","R","B"],"character_chosen":"WATCHER","items_purchased":["LessonLearned"],"campfire_rested":2,"item_purchase_floors":[2],"current_hp_per_floor":[51,51,44,44,44,16,51,40,40,40,40,40,36,14,49,0,0],"gold":257,"neow_bonus":"RANDOM_COLORLESS_2","is_daily":false,"chose_seed":false,"campfire_upgraded":1,"win_rate":0.0,"timestamp":1612622361,"path_taken":["M","$","M","M","M","E","R","?","T","?","R","?","M","E","R","BOSS"],"items_purchased_type":["Card"],"build_version":"2020-12-22","purchased_purges":0,"victory":false,"max_hp_per_floor":[68,68,68,68,68,68,68,68,68,68,68,68,68,68,68,68,68],"card_choices":[{"not_picked":["Chrysalis","Panache"],"picked":"Magnetism","floor":0.0},{"not_picked":["Protect","Meditate"],"picked":"Consecrate","floor":1.0},{"not_picked":["Worship","Crescendo"],"picked":"CarveReality","floor":3.0},{"not_picked":["LessonLearned","Protect"],"picked":"ThirdEye","floor":4.0},{"not_picked":["Vault","Fasting2"],"picked":"FlurryOfBlows","floor":5.0},{"not_picked":["TalkToTheHand","Collect"],"picked":"WheelKick","floor":6.0},{"not_picked":["Weave","Halt"],"picked":"CutThroughFate","floor":13.0},{"not_picked":["LessonLearned","Perseverance"],"picked":"Wallop","floor":14.0}],"player_experience":1441826,"relics_obtained":[{"floor":6.0,"key":"Regal Pillow"},{"floor":9.0,"key":"Potion Belt"},{"floor":14.0,"key":"Toy Ornithopter"}],"event_choices":[{"damage_healed":0.0,"max_hp_gain":0.0,"max_hp_loss":0.0,"gold_gain":75.0,"event_name":"World of Goop","player_choice":"Gather Gold","floor":8.0,"gold_loss":0.0,"damage_taken":11.0},{"damage_healed":0.0,"max_hp_gain":0.0,"max_hp_loss":0.0,"gold_gain":0.0,"event_name":"Living Wall","player_choice":"Grow","floor":10.0,"gold_loss":0.0,"damage_taken":0.0,"cards_upgraded":["Eruption"]},{"damage_healed":0.0,"max_hp_gain":0.0,"max_hp_loss":0.0,"gold_gain":0.0,"event_name":"Golden Idol","player_choice":"Take Wound","floor":12.0,"gold_loss":0.0,"damage_taken":0.0,"relics_obtained":["Golden Idol"],"cards_obtained":["Injury"]}],"is_beta":false,"boss_relics":[],"items_purged_floors":[],"is_endless":false,"potions_floor_spawned":[3,4,6],"killed_by":"The Guardian","ascension_level":18}}