{"host":"gk9qdtkqd8dwfeg2","time":1612602206,"event":{"mods":["Act Like it!","BaseMod","Colored Powertips","Gensokyo","Minty Spire (QoL Compilation)","Quick Restart","Replay The Spire","Shop Mod","StSLib","TestMod","The Servant 0.9.4","Waifu the Spire","WarShipGirlsR/’ΩΩ¢…Ÿ≈ÆR mod"],"gold_per_floor":[109,126,126,126,143,68,103,131,131,144,179,17,47,58,58,130,130,149,161,161,161,208,235,235,252,334,352,352,379,169,188,188,267,267,277,289,289,144,144,171,171,171,171,171,181,211,227,238,238,238,238,238,238,10,40,40],"floor_reached":57,"language":"ZHS","playtime":3331,"items_purged":["Pain","Bash"],"score":3670,"play_id":"b86359a2-43c4-4b3e-9094-b63afd8b75da","local_time":"20210206170326","is_ascension_mode":true,"campfire_choices":[{"data":"Corruption","floor":15,"key":"SMITH"},{"data":"Body Slam","floor":24,"key":"SMITH"},{"data":"Dark Embrace","floor":32,"key":"SMITH"},{"data":"Abandon","floor":41,"key":"SMITH"},{"floor":49,"key":"RECALL"},{"data":"Sentinel","floor":53,"key":"SMITH"}],"circlet_count":0,"master_deck":["AscendersBane","Strike_R","Defend_R","Defend_R","Defend_R+1","Defend_R+1","Second Wind","Abandon+1","Injury","Corruption+1","Ghostly Armor","Fire Breathing","Sentinel+1","Dark Embrace+1","ReplayTheSpireMod:Corrosion Curse","Impervious+1","Body Slam+1","CommonCold","Entrench","Shrug It Off","Fiend Fire+1","Replay:Many Hands","ReplayReversal+1","Defy Death","Gensokyo:PrivateSquare","Pride","ReplayTheSpireMod:LeadingStrike","ReplayTheSpireMod:Necrogeddon","Shockwave"],"relics":["Burning Blood","testmod-TestBox","testmod-TurbochargingSystem","Dead Branch","Gensokyo:LunaticRedEyes","Replay:Rubber Ducky","Replay:PocketPolymizer","White Beast Statue","Potion Belt","OrangePellets","Dream Catcher","Philosopher\u0027s Stone","Gensokyo:SongOfSouls","ReplayTheSpireMod:Ring of Collecting","Ring of Searing","Mummified Hand","Ring of Hypnosis","The Courier","testmod-AssaultLearning","MerchantsRug","testmod-EnergyCheck","Guide Book","Onion Ring","Ring of Peace","testmod-Hope","Gensokyo:EmptyGrave","Anchor","Simple Rune"],"acts_visited":["Exordium","Gensokyo:Gensokyo","Gensokyo:Gensokyoer","TheEnding"],"potions_floor_usage":[13,16,25,27,33,35,51],"damage_taken":[{"damage":12,"enemies":"Gensokyo:Gryphon","floor":1,"turns":3},{"damage":11,"enemies":"Gensokyo:2_Kodama","floor":2,"turns":4},{"damage":1,"enemies":"Gensokyo:3_Fairies","floor":5,"turns":5},{"damage":9,"enemies":"Gensokyo:Mamizou","floor":7,"turns":2},{"damage":3,"enemies":"Gensokyo:Aya","floor":8,"turns":5},{"damage":3,"enemies":"Gensokyo:3_Kodama","floor":10,"turns":4},{"damage":9,"enemies":"Gensokyo:Aya","floor":11,"turns":2},{"damage":12,"enemies":"Gensokyo:Cirno","floor":13,"turns":5},{"damage":5,"enemies":"Gensokyo:Python_and_Kodama","floor":14,"turns":3},{"damage":11,"enemies":"Gensokyo:Yukari","floor":16,"turns":4},{"damage":6,"enemies":"Gensokyo:3_Dogs","floor":18,"turns":4},{"damage":1,"enemies":"Gensokyo:2_Gloops","floor":19,"turns":4},{"damage":0,"enemies":"Gensokyo:Tenshi","floor":23,"turns":2},{"damage":3,"enemies":"Gensokyo:Wraith","floor":25,"turns":4},{"damage":0,"enemies":"Gensokyo:3_Gloops","floor":27,"turns":3},{"damage":8,"enemies":"Gensokyo:Koishi","floor":29,"turns":3},{"damage":5,"enemies":"Gensokyo:Chomper_and_Gloop","floor":31,"turns":3},{"damage":10,"enemies":"Gensokyo:Eternal_Rivals","floor":33,"turns":5},{"damage":10,"enemies":"Gensokyo:AncientGuardian","floor":35,"turns":3},{"damage":11,"enemies":"Gensokyo:3_Boulders","floor":36,"turns":2},{"damage":6,"enemies":"Gensokyo:Doremy","floor":40,"turns":2},{"damage":8,"enemies":"Gensokyo:Sharpion","floor":45,"turns":3},{"damage":7,"enemies":"Gensokyo:Marisa","floor":46,"turns":2},{"damage":15,"enemies":"Gensokyo:4_Bats","floor":47,"turns":5},{"damage":12,"enemies":"Gensokyo:Rafflesia","floor":48,"turns":4},{"damage":15,"enemies":"Gensokyo:Yuyuko","floor":50,"turns":4},{"damage":15,"enemies":"Gensokyo:Shinki","floor":51,"turns":5},{"damage":4,"enemies":"Shield and Spear","floor":55,"turns":1},{"damage":20,"enemies":"The Heart","floor":56,"turns":4}],"seed_played":"3428334241868569542","potions_obtained":[{"floor":1,"key":"AttackPotion"},{"floor":2,"key":"FearPotion"},{"floor":11,"key":"DistilledChaos"},{"floor":13,"key":"Fire Potion"},{"floor":14,"key":"Ancient Potion"},{"floor":16,"key":"Energy Potion"},{"floor":18,"key":"SpeedPotion"},{"floor":22,"key":"LiquidBronze"},{"floor":25,"key":"testmod-SpacePotion"},{"floor":27,"key":"SkillPotion"},{"floor":29,"key":"Dexterity Potion"},{"floor":31,"key":"Adrenaline Potion"},{"floor":33,"key":"Energy Potion"},{"floor":35,"key":"Regen Potion"},{"floor":40,"key":"testmod-TimePotion"},{"floor":45,"key":"SkillPotion"},{"floor":47,"key":"PowerPotion"}],"is_trial":false,"path_per_floor":["M","M","?","?","M","$","E","?","T","M","E","$","E","M","R","B",null,"M","M","?","?","?","E","R","M","T","M","?","E","$","M","R","B",null,"M","M","?","COS","?","E","R","?","T","?","M","E","M","M","R","B","B",null,"R","$","E","B",null],"character_chosen":"IRONCLAD","items_purchased":["OrangePellets","MerchantsRug","Shrug It Off","ReplayTheSpireMod:Necrogeddon","Languid Potion"],"campfire_rested":0,"item_purchase_floors":[12,30,30,54,54],"current_hp_per_floor":[44,39,39,39,44,44,41,44,44,47,44,44,38,39,39,34,65,65,70,70,70,46,52,52,55,55,61,61,59,59,60,60,56,70,66,61,61,61,61,61,61,61,61,61,59,58,59,53,53,53,53,64,64,64,66,52],"gold":40,"neow_bonus":"ONE_RARE_RELIC","is_daily":false,"chose_seed":false,"campfire_upgraded":5,"win_rate":0.0,"timestamp":1612602206,"path_taken":["M","M","?","?","?","?","E","?","T","?","E","$","E","M","R","BOSS","M","M","?","?","?","E","R","?","T","M","?","E","?","?","R","BOSS","M","M","?","COS","?","E","R","?","T","?","M","E","M","M","R","BOSS","BOSS","R","$","E","BOSS"],"items_purchased_type":["Relic","Relic","Card","Card","Potion"],"build_version":"2020-12-22","purchased_purges":2,"victory":true,"max_hp_per_floor":[75,75,75,75,75,75,75,75,75,75,75,75,75,75,75,75,75,75,75,75,75,75,75,75,75,75,75,75,75,75,75,75,75,75,75,75,75,75,75,75,75,75,75,68,68,68,68,68,68,68,68,68,68,68,68,68],"card_choices":[{"not_picked":["Massacre","Shrug It Off"],"picked":"Second Wind","floor":1},{"not_picked":["Burning Pact","ReplayReversal"],"picked":"Abandon","floor":2},{"not_picked":["Dual Wield","Inflame","Heavy Blade"],"picked":"SKIP","floor":5},{"not_picked":["Perfected Strike","Ghostly Armor"],"picked":"Corruption","floor":7},{"not_picked":["Clothesline","Massacre","Ghostly Armor"],"picked":"SKIP","floor":8},{"not_picked":["Clothesline","Massacre"],"picked":"Ghostly Armor","floor":8},{"not_picked":["Wild Strike","Run Through"],"picked":"Fire Breathing","floor":10},{"not_picked":["Power Through","Fiend Fire"],"picked":"Sentinel","floor":11},{"not_picked":["Wild Strike","ReplayTheSpireMod:Stacked"],"picked":"Dark Embrace","floor":13},{"not_picked":["Iron Wave","Twin Strike"],"picked":"ReplayTheSpireMod:Corrosion Curse","floor":14},{"not_picked":["Hemogenesis","Bludgeon"],"picked":"Impervious","floor":16},{"not_picked":["True Grit","Sword Boomerang+1","Havoc"],"picked":"SKIP","floor":18},{"not_picked":["ReplayReversal+1","Twin Strike+1"],"picked":"Body Slam","floor":19},{"not_picked":["Body Slam","Whirlwind"],"picked":"Entrench","floor":22},{"not_picked":["Fire Breathing","ReplayTheSpireMod:Limb From Limb","Massacre+1"],"picked":"SKIP","floor":23},{"not_picked":["Rage","Heavy Blade","Flex"],"picked":"SKIP","floor":25},{"not_picked":["Blood for Blood","ReplayTheSpireMod:Muscle Training","Combust+1"],"picked":"SKIP","floor":27},{"not_picked":["Hemogenesis","True Grit","Body Slam"],"picked":"SKIP","floor":29},{"not_picked":["Wild Strike","Metallicize","Twin Strike"],"picked":"SKIP","floor":31},{"not_picked":["Havoc","Cleave","Replay:Undeath\u0027s Touch"],"picked":"SKIP","floor":35},{"not_picked":["Flex","ReplayTheSpireMod:Strike From Hell+1"],"picked":"Shockwave","floor":36},{"not_picked":["Evolve","Rampage"],"picked":"ReplayReversal+1","floor":40},{"not_picked":["Run Through+1","Clash","Thunderclap"],"picked":"SKIP","floor":45},{"not_picked":["Bloodletting","Battle Trance","Twin Strike"],"picked":"SKIP","floor":46},{"not_picked":["ReplayTheSpireMod:Muscle Training","Metallicize","Life Link"],"picked":"SKIP","floor":47},{"not_picked":["Anger","ReplayTheSpireMod:Stacked","Battle Trance"],"picked":"SKIP","floor":48},{"not_picked":["Brutality","Clothesline"],"picked":"Shockwave","floor":55}],"player_experience":699998,"relics_obtained":[{"floor":7,"key":"Replay:PocketPolymizer"},{"floor":8,"key":"White Beast Statue"},{"floor":11,"key":"Potion Belt"},{"floor":13,"key":"Dream Catcher"},{"floor":21,"key":"ReplayTheSpireMod:Ring of Collecting"},{"floor":21,"key":"Ring of Searing"},{"floor":22,"key":"Regal Pillow"},{"floor":23,"key":"Mummified Hand"},{"floor":26,"key":"Ring of Hypnosis"},{"floor":26,"key":"The Courier"},{"floor":29,"key":"testmod-AssaultLearning"},{"floor":40,"key":"Onion Ring"},{"floor":43,"key":"Ring of Peace"},{"floor":43,"key":"testmod-Hope"},{"floor":46,"key":"Anchor"},{"floor":55,"key":"Simple Rune"}],"event_choices":[],"is_beta":false,"boss_relics":[{"not_picked":["ChewingGum","Black Blood"],"picked":"Philosopher\u0027s Stone"},{"not_picked":["Painkiller Herb","Runic Cube"],"picked":"testmod-EnergyCheck"}],"items_purged_floors":[6,30],"is_endless":false,"potions_floor_spawned":[1,2,10,11,13,14,16,18,19,23,25,27,29,31,33,35,36,40,45,46,47,48,55],"ascension_level":20}}