{"host":"xz7n3qy1zq36rzpg","time":1612571637,"event":{"mods":["BaseMod","Colored Map","Colored Powertips","Highlight Path","Minty Spire (QoL Compilation)","Quick Restart","Shop Mod"],"gold_per_floor":[110,110,110,123,133,152,152,181,181,181,29,56,7,17,17,122,122,136,154,54,0,0,35,48,0,0,19,19,19],"floor_reached":28,"language":"ENG","playtime":1622,"items_purged":["Strike_G","Defend_G"],"score":298,"play_id":"41fc8b81-aad5-471a-9166-52a22d427548","local_time":"20210206013357","is_ascension_mode":true,"campfire_choices":[{"data":"Dagger Spray","floor":7,"key":"SMITH"},{"data":"Cloak And Dagger","floor":10,"key":"SMITH"},{"data":"Survivor","floor":15,"key":"SMITH"}],"circlet_count":0,"master_deck":["Strike_G+1","Strike_G+1","Strike_G+1","Strike_G+1","Defend_G+1","Defend_G+1","Defend_G+1","Defend_G+1","Survivor+1","Neutralize+1","All Out Attack","Cloak And Dagger+1","Dagger Spray+1","Quick Slash","Dagger Throw","Footwork+1","Well Laid Plans+1","Quick Slash","Envenom+1","Dagger Spray","Bouncing Flask","Noxious Fumes+1"],"relics":["Ring of the Snake","NeowsBlessing","Centennial Puzzle","Tough Bandages","Frozen Egg 2","Bottled Tornado","SacredBark","Ninja Scroll","StrikeDummy"],"acts_visited":["Exordium","TheCity"],"potions_floor_usage":[8,14,16,23,27,28,28],"damage_taken":[{"damage":0,"enemies":"2 Louse","floor":1,"turns":1},{"damage":0,"enemies":"Cultist","floor":4,"turns":1},{"damage":0,"enemies":"Small Slimes","floor":5,"turns":1},{"damage":4,"enemies":"Blue Slaver","floor":6,"turns":3},{"damage":9,"enemies":"Lagavulin","floor":8,"turns":5},{"damage":5,"enemies":"3 Sentries","floor":12,"turns":5},{"damage":3,"enemies":"Exordium Wildlife","floor":14,"turns":2},{"damage":36,"enemies":"The Guardian","floor":16,"turns":14},{"damage":7,"enemies":"Shell Parasite","floor":18,"turns":7},{"damage":12,"enemies":"3 Byrds","floor":19,"turns":3},{"damage":21,"enemies":"Slavers","floor":23,"turns":4},{"damage":16,"enemies":"Snake Plant","floor":24,"turns":4},{"damage":13,"enemies":"Shelled Parasite and Fungi","floor":27,"turns":8},{"damage":12,"enemies":"Book of Stabbing","floor":28,"turns":3}],"seed_played":"344057276431749053","potions_obtained":[{"floor":1,"key":"GamblersBrew"},{"floor":4,"key":"CultistPotion"},{"floor":8,"key":"Explosive Potion"},{"floor":12,"key":"Block Potion"},{"floor":16,"key":"AttackPotion"},{"floor":24,"key":"Weak Potion"}],"is_trial":false,"path_per_floor":["M","?","?","M","M","M","R","E","T","R","$","E","?","M","R","B",null,"M","M","$","?","?","E","M","$","T","M","E"],"character_chosen":"THE_SILENT","items_purchased":["Footwork+1","SkillPotion"],"campfire_rested":0,"item_purchase_floors":[11,25],"current_hp_per_floor":[70,67,67,67,67,63,63,54,54,54,54,49,49,46,46,10,70,63,51,51,51,51,30,14,14,14,1,0,0],"gold":19,"neow_bonus":"THREE_ENEMY_KILL","is_daily":false,"chose_seed":false,"campfire_upgraded":3,"win_rate":0.0,"timestamp":1612571637,"path_taken":["M","?","?","?","M","M","R","E","T","R","$","E","?","M","R","BOSS","M","M","$","?","?","E","M","?","T","M","E"],"items_purchased_type":["Card","Potion"],"build_version":"2020-12-22","purchased_purges":2,"victory":false,"max_hp_per_floor":[70,70,70,70,70,70,70,70,70,70,70,70,70,70,70,70,70,70,70,70,70,70,70,70,70,70,70,70,70],"card_choices":[{"not_picked":["Finisher","Deflect"],"picked":"All Out Attack","floor":1},{"not_picked":["Tactician","Riddle With Holes"],"picked":"Cloak And Dagger","floor":4},{"not_picked":["Tools of the Trade","Poisoned Stab"],"picked":"Dagger Spray","floor":5},{"not_picked":["Eviscerate","Skewer"],"picked":"Quick Slash","floor":6},{"not_picked":["Outmaneuver","All Out Attack"],"picked":"Dagger Throw","floor":8},{"not_picked":["Adrenaline","Acrobatics"],"picked":"Well Laid Plans+1","floor":12},{"not_picked":["Escape Plan","Bane"],"picked":"Quick Slash","floor":14},{"not_picked":["Doppelganger","Venomology"],"picked":"Envenom+1","floor":16},{"not_picked":["Well Laid Plans+1","Flying Knee"],"picked":"Dagger Spray","floor":18},{"not_picked":["PiercingWail","Eviscerate+1"],"picked":"Bouncing Flask","floor":19},{"not_picked":["Underhanded Strike","Glass Knife"],"picked":"Noxious Fumes+1","floor":23},{"not_picked":["Finisher+1","Flying Knee","Concentrate+1"],"picked":"SKIP","floor":24},{"not_picked":["Slice","PiercingWail+1","Flechettes+1"],"picked":"SKIP","floor":27}],"player_experience":450449,"relics_obtained":[{"floor":8,"key":"Tough Bandages"},{"floor":9,"key":"Frozen Egg 2"},{"floor":12,"key":"Bottled Tornado"},{"floor":23,"key":"Ninja Scroll"},{"floor":26,"key":"StrikeDummy"}],"event_choices":[{"damage_healed":0,"gold_gain":0,"player_choice":"Success","damage_taken":3,"relics_obtained":["Centennial Puzzle"],"max_hp_gain":0,"max_hp_loss":0,"event_name":"Scrap Ooze","floor":2,"gold_loss":0},{"damage_healed":0,"gold_gain":0,"player_choice":"Upgraded","damage_taken":0,"max_hp_gain":0,"max_hp_loss":0,"event_name":"Upgrade Shrine","floor":3,"gold_loss":0,"cards_upgraded":["Neutralize"]},{"damage_healed":0,"gold_gain":0,"player_choice":"Left Gold","damage_taken":0,"max_hp_gain":0,"max_hp_loss":0,"event_name":"World of Goop","floor":13,"gold_loss":49},{"damage_healed":0,"gold_gain":0,"player_choice":"Paid Fearfully","damage_taken":0,"max_hp_gain":0,"max_hp_loss":0,"event_name":"Masked Bandits","floor":21,"gold_loss":54},{"damage_healed":0,"gold_gain":0,"player_choice":"Simplicity","damage_taken":0,"max_hp_gain":0,"max_hp_loss":0,"event_name":"Back to Basics","floor":22,"gold_loss":0,"cards_upgraded":["Strike_G","Strike_G","Strike_G","Strike_G","Defend_G","Defend_G","Defend_G","Defend_G"]}],"is_beta":false,"boss_relics":[{"not_picked":["Black Star","Velvet Choker"],"picked":"SacredBark"}],"items_purged_floors":[11,20],"is_endless":false,"potions_floor_spawned":[1,4,8,12,16,24],"killed_by":"Book of Stabbing","ascension_level":4}}