{"host":"sav7uxregyirlf69","time":1612625496,"event":{"mods":["AchievementEnabler","BaseMod","Colored Map","DeckTracker","Keyboard Shortcuts","Minty Spire (QoL Compilation)","READ ME - Guardian Mod","StSLib","SuperFastMode"],"gold_per_floor":[113,113,188,30,49,49,75,75,75,107,124,124,142,67,67,138,138,155,70,34,34,46,46,96,115,115,115,129,129,4,19,19,92,92,105,115,115,132,184,184,184],"floor_reached":40,"language":"KOR","playtime":813,"items_purged":["Defend_R"],"score":1038,"play_id":"2595dcc3-924a-4166-8d78-8d40bdb030bf","local_time":"20210207003136","is_ascension_mode":true,"campfire_choices":[{"data":"Uppercut","floor":6.0,"key":"SMITH"},{"data":"Burning Pact","floor":15.0,"key":"SMITH"},{"data":"Dark Embrace","floor":23.0,"key":"SMITH"},{"data":"1","floor":32.0,"key":"LIFT"}],"circlet_count":0,"master_deck":["AscendersBane","Defend_R","Defend_R","Bash","Havoc","Dropkick","Uppercut+1","Fire Breathing+1","Burning Pact+1","Offering","Feel No Pain","Dark Embrace+1","Shockwave","Pommel Strike+1","Shrug It Off","CurseOfTheBell"],"relics":["Burning Blood","Juzu Bracelet","Sundial","Letter Opener","Magic Flower","Empty Cage","Girya","Ornamental Fan","Calling Bell","Happy Flower","The Courier","Incense Burner"],"acts_visited":["Exordium","TheCity","TheBeyond"],"potions_floor_usage":[],"damage_taken":[{"damage":11.0,"enemies":"Jaw Worm","floor":1.0,"turns":5.0},{"damage":1.0,"enemies":"2 Louse","floor":5.0,"turns":3.0},{"damage":35.0,"enemies":"Gremlin Nob","floor":7.0,"turns":4.0},{"damage":15.0,"enemies":"Lagavulin","floor":10.0,"turns":6.0},{"damage":0.0,"enemies":"Cultist","floor":11.0,"turns":3.0},{"damage":7.0,"enemies":"Large Slime","floor":13.0,"turns":4.0},{"damage":6.0,"enemies":"Slime Boss","floor":16.0,"turns":5.0},{"damage":6.0,"enemies":"Spheric Guardian","floor":18.0,"turns":3.0},{"damage":20.0,"enemies":"Shell Parasite","floor":22.0,"turns":3.0},{"damage":19.0,"enemies":"Centurion and Healer","floor":25.0,"turns":6.0},{"damage":6.0,"enemies":"Chosen and Byrds","floor":28.0,"turns":2.0},{"damage":13.0,"enemies":"Shelled Parasite and Fungi","floor":31.0,"turns":2.0},{"damage":6.0,"enemies":"Automaton","floor":33.0,"turns":2.0},{"damage":26.0,"enemies":"3 Darklings","floor":35.0,"turns":2.0},{"damage":32.0,"enemies":"3 Shapes","floor":36.0,"turns":4.0},{"damage":9,"enemies":"Jaw Worm Horde","floor":38,"turns":2},{"damage":15,"enemies":"2 Orb Walkers","floor":39,"turns":3},{"damage":21,"enemies":"Nemesis","floor":40,"turns":4}],"seed_played":"5769502504617370987","potions_obtained":[{"floor":1.0,"key":"LiquidMemories"},{"floor":10.0,"key":"LiquidBronze"},{"floor":18.0,"key":"Ancient Potion"},{"floor":28.0,"key":"Dexterity Potion"},{"floor":38,"key":"SkillPotion"}],"is_trial":false,"path_per_floor":["M","?","?","$","M","R","E","?","T","E","M","T","M","?","R","B",null,"M","?","$","?","M","R","?","M","T","?","M","?","$","M","R","B",null,"M","M","?","M","?","E"],"character_chosen":"IRONCLAD","items_purchased":["Uppercut","Fire Breathing","Dark Embrace","Shrug It Off"],"campfire_rested":0,"item_purchase_floors":[4,4,20,30],"current_hp_per_floor":[63,56,45,45,50,50,21,21,21,12,18,18,20,20,20,23,57,60,60,60,60,49,49,49,39,39,39,42,42,42,38,38,41,61,44,21,21,21,15,0,0],"gold":184,"neow_bonus":"TRANSFORM_TWO_CARDS","is_daily":false,"chose_seed":false,"campfire_upgraded":3,"win_rate":0.0,"timestamp":1612625496,"path_taken":["M","?","?","$","M","R","E","?","T","E","M","?","M","?","R","BOSS","M","?","$","?","M","R","?","M","T","?","M","?","$","M","R","BOSS","M","M","?","M","?","E"],"items_purchased_type":["Card","Card","Card","Card"],"build_version":"2020-12-22","purchased_purges":1,"victory":false,"max_hp_per_floor":[68,68,68,68,68,68,68,68,68,68,68,68,68,68,68,68,68,68,68,68,68,68,68,68,68,68,68,68,68,68,68,68,68,68,68,68,68,68,68,68,68],"card_choices":[{"not_picked":["Twin Strike","Havoc"],"picked":"Dropkick","floor":1.0},{"not_picked":["Whirlwind","Pommel Strike"],"picked":"Burning Pact","floor":5.0},{"not_picked":["Ghostly Armor","Rupture","Clothesline"],"picked":"SKIP","floor":7.0},{"not_picked":["Cleave","Twin Strike"],"picked":"Offering","floor":10.0},{"not_picked":["Heavy Blade","Intimidate"],"picked":"Feel No Pain","floor":11.0},{"not_picked":["Anger","Inflame","Body Slam"],"picked":"SKIP","floor":13.0},{"not_picked":["Clothesline","Wild Strike","Headbutt"],"picked":"SKIP","floor":18.0},{"not_picked":["Flame Barrier+1","Flex","Entrench+1"],"picked":"SKIP","floor":22.0},{"not_picked":["Thunderclap","Sword Boomerang","Uppercut"],"picked":"SKIP","floor":25.0},{"not_picked":["Power Through","Perfected Strike"],"picked":"Pommel Strike+1","floor":28.0},{"not_picked":["Havoc","Thunderclap","Clash"],"picked":"SKIP","floor":31.0},{"not_picked":["Clash","Heavy Blade","Iron Wave"],"picked":"SKIP","floor":35.0},{"not_picked":["Pommel Strike+1","Reckless Charge","Wild Strike"],"picked":"SKIP","floor":36.0},{"not_picked":["Disarm","Twin Strike","Havoc"],"picked":"SKIP","floor":38}],"player_experience":1512824,"relics_obtained":[{"floor":7.0,"key":"Juzu Bracelet"},{"floor":9.0,"key":"Sundial"},{"floor":10.0,"key":"Letter Opener"},{"floor":12.0,"key":"Magic Flower"},{"floor":26.0,"key":"Ornamental Fan"},{"floor":34.0,"key":"Happy Flower"},{"floor":34.0,"key":"The Courier"},{"floor":34.0,"key":"Incense Burner"}],"event_choices":[{"cards_removed":["Strike_R"],"damage_healed":0.0,"max_hp_gain":0.0,"max_hp_loss":0.0,"gold_gain":0.0,"event_name":"Golden Wing","player_choice":"Card Removal","floor":2.0,"gold_loss":0.0,"damage_taken":7.0},{"damage_healed":0.0,"max_hp_gain":0.0,"max_hp_loss":0.0,"gold_gain":75.0,"event_name":"World of Goop","player_choice":"Gather Gold","floor":3.0,"gold_loss":0.0,"damage_taken":11.0},{"damage_healed":0.0,"max_hp_gain":0.0,"max_hp_loss":0.0,"gold_gain":0.0,"event_name":"Living Wall","player_choice":"Grow","floor":8.0,"gold_loss":0.0,"damage_taken":0.0,"cards_upgraded":["Fire Breathing"]},{"cards_removed":["Strike_R"],"damage_healed":0.0,"max_hp_gain":0.0,"max_hp_loss":0.0,"gold_gain":0.0,"event_name":"The Cleric","player_choice":"Card Removal","floor":14.0,"gold_loss":75.0,"damage_taken":0.0},{"damage_healed":0.0,"max_hp_gain":0.0,"max_hp_loss":0.0,"gold_gain":0.0,"event_name":"Addict","player_choice":"Obtained Relic","floor":19.0,"gold_loss":85.0,"damage_taken":0.0,"relics_obtained":["Girya"]},{"damage_healed":0.0,"max_hp_gain":0.0,"max_hp_loss":0.0,"gold_gain":0.0,"event_name":"The Library","player_choice":"Read","floor":21.0,"gold_loss":0.0,"damage_taken":0.0,"cards_obtained":["Shockwave"]},{"damage_healed":0.0,"max_hp_gain":0.0,"max_hp_loss":0.0,"gold_gain":50.0,"event_name":"Nest","player_choice":"Stole From Cult","floor":24.0,"gold_loss":0.0,"damage_taken":0.0},{"damage_healed":0.0,"max_hp_gain":0.0,"max_hp_loss":0.0,"gold_gain":0.0,"event_name":"Vampires","player_choice":"Ignored","floor":27.0,"gold_loss":0.0,"damage_taken":0.0},{"damage_healed":0.0,"max_hp_gain":0.0,"max_hp_loss":0.0,"gold_gain":0.0,"event_name":"The Mausoleum","player_choice":"Ignored","floor":29.0,"gold_loss":0.0,"damage_taken":0.0},{"cards_removed":["Heavy Blade"],"damage_healed":0.0,"max_hp_gain":0.0,"max_hp_loss":0.0,"gold_gain":0.0,"event_name":"Falling","player_choice":"Removed Attack","floor":37.0,"gold_loss":0.0,"damage_taken":0.0},{"damage_healed":0,"gold_gain":0,"player_choice":"Fight","damage_taken":0,"max_hp_gain":0,"max_hp_loss":0,"event_name":"Mysterious Sphere","floor":39,"gold_loss":0}],"is_beta":false,"boss_relics":[{"not_picked":["Mark of Pain","Cursed Key"],"picked":"Empty Cage"},{"not_picked":["Snecko Eye","Velvet Choker"],"picked":"Calling Bell"}],"items_purged_floors":[30],"is_endless":false,"potions_floor_spawned":[1,10,11,18,22,28,33,38],"killed_by":"Nemesis","ascension_level":20}}