{"host":"fff5e1uasnm04x18","time":1612583139,"event":{"mods":["BaseMod","Downfall","Highlight Path","Minty Spire (QoL Compilation)","StSLib"],"gold_per_floor":[99,199,184,201,218,236,317,317,330,349,349,367,367,45,61,61,61,61],"floor_reached":16,"language":"ENG","playtime":4179,"items_purged":[],"score":94,"play_id":"f2ff7763-3e32-4a70-90df-7251a5474776","local_time":"20210205224539","is_ascension_mode":false,"campfire_choices":[{"data":"Slimebound:CorrosiveSpit","floor":1,"key":"SMITH"},{"data":"Slimebound:Repurpose","floor":11,"key":"SMITH"},{"data":"Slimebound:Equalize","floor":13,"key":"SMITH"}],"circlet_count":0,"master_deck":["Slimebound:Strike_Slimebound","Slimebound:Strike_Slimebound","Slimebound:Strike_Slimebound+1","Slimebound:Tackle","Slimebound:Defend_Slimebound","Slimebound:Defend_Slimebound+1","Slimebound:Defend_Slimebound","Slimebound:Defend_Slimebound","Slimebound:Split+1","Slimebound:CorrosiveSpit+1","Slimebound:Schlurp","Slimebound:Repurpose+1","Slimebound:RejuvenatingLick","downfall:Malfunctioning","Slimebound:Equalize+1","Slimebound:Replication","Slimebound:LivingWall","Slimebound:PrepareCrush","Slimebound:LevelUp"],"relics":["Slimebound:AbsorbEndCombat","Sundial","Shovel"],"acts_visited":["Exordium"],"potions_floor_usage":[],"damage_taken":[{"damage":0,"enemies":"downfall:FleeingMerchant","floor":3,"turns":4},{"damage":0,"enemies":"2 Louse","floor":4,"turns":3},{"damage":10,"enemies":"Small Slimes","floor":5,"turns":3},{"damage":1,"enemies":"Jaw Worm","floor":6,"turns":4},{"damage":8,"enemies":"Lots of Slimes","floor":9,"turns":4},{"damage":0,"enemies":"2 Fungi Beasts","floor":10,"turns":2},{"damage":11,"enemies":"Lots of Slimes","floor":12,"turns":4},{"damage":0,"enemies":"downfall:FleeingMerchant","floor":14,"turns":4},{"damage":42,"enemies":"Exordium Wildlife","floor":15,"turns":5},{"damage":72,"enemies":"WA_ARCHETYPE_RETAIN","floor":16,"turns":7}],"seed_played":"-5699295982140198917","potions_obtained":[{"floor":4,"key":"sneckomod:MuddlingPotion"},{"floor":5,"key":"Block Potion"},{"floor":12,"key":"Strength Potion"},{"floor":15,"key":"hexamod:SoulburnPotion"}],"is_trial":false,"path_per_floor":["R","?","$","M","M","M","T","?","M","M","R","M","R","$","M","B"],"character_chosen":"SLIMEBOUND","items_purchased":["Shovel"],"campfire_rested":0,"item_purchase_floors":[14],"current_hp_per_floor":[71,71,71,71,61,66,66,66,66,71,71,67,67,71,41,0,0,0],"gold":61,"neow_bonus":"TEN_PERCENT_HP_BONUS","is_daily":false,"chose_seed":false,"campfire_upgraded":3,"win_rate":0.0,"timestamp":1612583139,"path_taken":["R","?","$","M","M","M","T","?","M","M","R","M","R","?","M","BOSS"],"items_purchased_type":["Relic"],"build_version":"2020-12-22","purchased_purges":0,"victory":false,"max_hp_per_floor":[71,71,71,71,71,71,71,71,71,71,71,71,71,71,71,71,71,71],"card_choices":[{"not_picked":["Slimebound:SplitLeeching","Slimebound:Equalize"],"picked":"Slimebound:Schlurp","floor":3},{"not_picked":["Slimebound:FlameTackle","Slimebound:GoopSpray"],"picked":"Slimebound:Repurpose","floor":4},{"not_picked":["Slimebound:Prepare","Slimebound:Schlurp","Slimebound:SplitMire"],"picked":"SKIP","floor":5},{"not_picked":["Slimebound:FormOfPuddle","Slimebound:GrowthPunch"],"picked":"Slimebound:RejuvenatingLick","floor":6},{"not_picked":["Slimebound:SplitLeeching","Slimebound:PressTheAttack"],"picked":"Slimebound:Equalize","floor":9},{"not_picked":["Slimebound:SplitLeeching","Slimebound:HauntingLick"],"picked":"Slimebound:Replication","floor":10},{"not_picked":["Slimebound:SplitLeeching","Slimebound:LeechEnergy"],"picked":"Slimebound:LivingWall","floor":12},{"not_picked":["Slimebound:SamplingLick","Slimebound:LeechEnergy"],"picked":"Slimebound:PrepareCrush","floor":14},{"not_picked":["Slimebound:ViciousTackle","Slimebound:BestDefense"],"picked":"Slimebound:LevelUp","floor":15}],"player_experience":502870,"relics_obtained":[{"floor":7,"key":"Sundial"}],"event_choices":[],"is_beta":false,"boss_relics":[],"items_purged_floors":[],"is_endless":false,"potions_floor_spawned":[4,5,12,15],"killed_by":"WA_ARCHETYPE_RETAIN","ascension_level":0}}