{"host":"c0rqchpxu0yjpthq","time":1612627976,"event":{"mods":["Arknights","BaseMod","Challenge The Spire","HololiveMod","Minty Spire (QoL Compilation)","Relic Stats","Spicy Shops","StSLib"],"gold_per_floor":[118,131,131,7,25,54,329,355,355,355,2,22,49,49,49,151,151,166,181,181,196,556,587,605,639,639,659,22,49,23,35,35,131,131,151,8,58,69,86,113,52,52,52,77,95,114,133,166,166,166,166],"floor_reached":50,"language":"ZHS","playtime":3943,"items_purged":["Pain"],"score":687,"play_id":"3bddd94b-da70-4432-b00f-1a893cb9f961","local_time":"20210207001256","is_ascension_mode":false,"campfire_choices":[{"floor":10.0,"key":"REST"},{"floor":15.0,"key":"REST"},{"floor":32.0,"key":"REST"},{"data":"Storm","floor":42,"key":"SMITH"},{"data":"Capacitor","floor":49,"key":"SMITH"}],"circlet_count":0,"master_deck":["Strike_B","Strike_B","Strike_B","Strike_B","Defend_B","Defend_B","Defend_B","Defend_B","Zap","Dualcast","Decay","Loop","Hello World","Fission","Regret","Chill+1","Self Repair","Defragment","Amplify","Creative AI","Capacitor+1","Loop","Electrodynamics","Fission","Discovery","Skim","Aggregate+1","Rainbow","Loop","Storm+1","Storm+1","Mayhem","Dramatic Entrance+1","Hololive_Recruit","Intimidate+1","PanicButton+1","Hololive_Sequa+1","Deep Breath+1","Parasite","Hololive_CallDoris+1"],"relics":["FrozenCore","Lizard Tail","Bottled Tornado","Gambling Chip","Thread and Needle","Orrery","HornCleat","War Paint","Bag of Marbles","Boot","Membership Card","Pear","Molten Egg 2","PrismaticShard","Lantern","Nunchaku","Hololive_Finger","TungstenRod","StoneCalendar","Oddly Smooth Stone","Sundial","Ice Cream","Juzu Bracelet","Mercury Hourglass"],"acts_visited":["Exordium","TheCity","TheBeyond"],"potions_floor_usage":[40,44,48],"damage_taken":[{"damage":3.0,"enemies":"Cultist","floor":1.0,"turns":3.0},{"damage":5.0,"enemies":"Jaw Worm","floor":2.0,"turns":4.0},{"damage":5.0,"enemies":"2 Louse","floor":5.0,"turns":3.0},{"damage":32.0,"enemies":"Gremlin Nob","floor":6.0,"turns":5.0},{"damage":19.0,"enemies":"Lagavulin","floor":8.0,"turns":9.0},{"damage":23.0,"enemies":"Red Slaver","floor":12.0,"turns":7.0},{"damage":8.0,"enemies":"Gremlin Nob","floor":13.0,"turns":5.0},{"damage":19.0,"enemies":"Slime Boss","floor":16.0,"turns":14.0},{"damage":8.0,"enemies":"Shell Parasite","floor":18.0,"turns":7.0},{"damage":22.0,"enemies":"Spheric Guardian","floor":19.0,"turns":8.0},{"damage":5.0,"enemies":"Snake Plant","floor":21.0,"turns":7.0},{"damage":59.0,"enemies":"Slavers","floor":23.0,"turns":9.0},{"damage":17.0,"enemies":"Snecko","floor":24.0,"turns":10.0},{"damage":28.0,"enemies":"Book of Stabbing","floor":25.0,"turns":8.0},{"damage":5.0,"enemies":"Cultist and Chosen","floor":27.0,"turns":6.0},{"damage":6.0,"enemies":"Gremlin Leader","floor":29.0,"turns":3.0},{"damage":12.0,"enemies":"Centurion and Healer","floor":31.0,"turns":3.0},{"damage":3.0,"enemies":"Champ","floor":33.0,"turns":6.0},{"damage":3.0,"enemies":"Orb Walker","floor":35.0,"turns":2.0},{"damage":6.0,"enemies":"Mind Bloom Boss Battle","floor":37.0,"turns":5.0},{"damage":5.0,"enemies":"3 Darklings","floor":38.0,"turns":3.0},{"damage":12,"enemies":"4 Shapes","floor":39,"turns":5},{"damage":14,"enemies":"Reptomancer","floor":40,"turns":4},{"damage":15,"enemies":"Nemesis","floor":44,"turns":5},{"damage":1,"enemies":"Sphere and 2 Shapes","floor":45,"turns":3},{"damage":0,"enemies":"Jaw Worm Horde","floor":46,"turns":3},{"damage":5,"enemies":"Writhing Mass","floor":47,"turns":4},{"damage":5,"enemies":"Reptomancer","floor":48,"turns":4},{"damage":129,"enemies":"Awakened One","floor":50,"turns":7}],"seed_played":"8929568882832817418","potions_obtained":[{"floor":2.0,"key":"Dexterity Potion"},{"floor":5.0,"key":"BlessingOfTheForge"},{"floor":8.0,"key":"FairyPotion"},{"floor":18.0,"key":"Explosive Potion"},{"floor":21.0,"key":"Strength Potion"},{"floor":31.0,"key":"SkillPotion"},{"floor":33.0,"key":"Fruit Juice"},{"floor":35.0,"key":"FairyPotion"},{"floor":37.0,"key":"BlessingOfTheForge"},{"floor":39,"key":"FearPotion"},{"floor":47,"key":"AttackPotion"}],"is_trial":false,"path_per_floor":["M","M","$","$","M","E","?","E","T","R","$","M","E","$","R","B",null,"M","M","?","M","?","E","M","E","T","M","$","E","$","M","R","B",null,"M","$","?","M","M","E","$","R","T","E","M","M","M","E","R","B"],"character_chosen":"DEFECT","items_purchased":["Hello World","Orrery","Capacitor","Membership Card","Pear","Molten Egg 2","PrismaticShard","Lantern","Mayhem","Dramatic Entrance+1","PowerPotion","TungstenRod","Sundial"],"campfire_rested":3,"item_purchase_floors":[4,11,11,28,28,28,28,28,28,28,30,36,41],"current_hp_per_floor":[72,67,67,67,62,30,30,11,11,33,33,17,16,16,38,19,75,74,59,59,61,25,44,34,13,13,15,25,26,26,14,39,48,90,87,87,88,83,78,71,71,71,71,63,62,62,57,66,66,0,0],"gold":166,"neow_bonus":"ONE_RARE_RELIC","is_daily":false,"chose_seed":false,"campfire_upgraded":2,"win_rate":0.0,"timestamp":1612627976,"path_taken":["M","M","?","$","M","E","?","E","T","R","$","?","E","?","R","BOSS","M","M","?","?","?","E","?","E","T","M","?","E","$","M","R","BOSS","M","$","?","M","M","E","$","R","T","E","M","M","M","E","R","BOSS"],"items_purchased_type":["Card","Relic","Card","Relic","Relic","Relic","Relic","Relic","Card","Card","Potion","Relic","Relic"],"build_version":"2020-12-22","purchased_purges":1,"victory":false,"max_hp_per_floor":[75,75,75,75,75,75,75,75,75,75,75,75,75,75,75,75,75,75,75,75,75,75,75,75,75,75,75,85,85,85,85,85,90,90,90,90,90,90,90,90,90,90,90,90,90,90,90,90,90,90,90],"relic_stats":{"counters":[29,160],"StoneCalendar":[52],"Juzu Bracelet":0,"War Paint":["Chill","Aggregate"],"Boot":[27],"FrozenCore":[37],"Mercury Hourglass":[33],"Lizard Tail":37,"Nunchaku":[5],"Sundial":[0],"Gambling Chip":[33],"obtain_stats":[{"Ice Cream":43,"Lantern":28,"StoneCalendar":37,"Juzu Bracelet":44,"Bottled Tornado":6,"Boot":26,"PrismaticShard":28,"FrozenCore":17,"Lizard Tail":0,"Nunchaku":29,"HornCleat":13,"Sundial":41,"Gambling Chip":8,"Hololive_Finger":34,"Cracked Core":0,"Pear":28,"Oddly Smooth Stone":40,"Thread and Needle":9,"War Paint":23,"Mercury Hourglass":48,"Orrery":11,"Molten Egg 2":28,"Bag of Marbles":25,"Membership Card":28,"TungstenRod":36},{"Ice Cream":23,"Lantern":15,"StoneCalendar":20,"Juzu Bracelet":24,"Bottled Tornado":4,"Boot":14,"PrismaticShard":15,"FrozenCore":8,"Lizard Tail":0,"Nunchaku":16,"HornCleat":7,"Sundial":23,"Gambling Chip":5,"Hololive_Finger":18,"Cracked Core":0,"Pear":15,"Oddly Smooth Stone":23,"Thread and Needle":5,"War Paint":12,"Mercury Hourglass":28,"Orrery":5,"Molten Egg 2":15,"Bag of Marbles":14,"Membership Card":15,"TungstenRod":19},{"Ice Cream":134,"Lantern":103,"StoneCalendar":122,"Juzu Bracelet":139,"Bottled Tornado":14,"Boot":97,"PrismaticShard":103,"FrozenCore":49,"Lizard Tail":0,"Nunchaku":106,"HornCleat":35,"Sundial":134,"Gambling Chip":23,"Hololive_Finger":115,"Cracked Core":0,"Pear":103,"Oddly Smooth Stone":134,"Thread and Needle":23,"War Paint":79,"Mercury Hourglass":153,"Orrery":23,"Molten Egg 2":103,"Bag of Marbles":97,"Membership Card":103,"TungstenRod":117}],"TungstenRod":27},"card_choices":[{"not_picked":["Coolheaded","Gash","Barrage"],"picked":"SKIP","floor":1.0},{"not_picked":["Hello World","Beam Cell"],"picked":"Loop","floor":2.0},{"not_picked":["Blizzard","Coolheaded","Gash"],"picked":"SKIP","floor":5.0},{"not_picked":["Coolheaded","Reprogram"],"picked":"Fission","floor":6.0},{"not_picked":["Storm","Auto Shields"],"picked":"Chill","floor":8.0},{"not_picked":["Defragment","Hologram"],"picked":"Self Repair","floor":11.0},{"not_picked":["Beam Cell","Hologram"],"picked":"Defragment","floor":11.0},{"not_picked":["Scrape","Consume"],"picked":"Amplify","floor":11.0},{"not_picked":["Thunder Strike","Genetic Algorithm"],"picked":"Creative AI","floor":11.0},{"not_picked":["Streamline","Leap","Tempest"],"picked":"SKIP","floor":12.0},{"not_picked":["Steam","Beam Cell"],"picked":"Loop","floor":13.0},{"not_picked":["Reboot","Buffer"],"picked":"Electrodynamics","floor":16.0},{"not_picked":["Hologram","Sweeping Beam","Steam"],"picked":"SKIP","floor":18.0},{"not_picked":["Barrage","Scrape","Auto Shields"],"picked":"SKIP","floor":19.0},{"not_picked":["Loop+1","Rip and Tear+1"],"picked":"Aggregate","floor":21.0},{"not_picked":["Stack+1","Chill"],"picked":"Rainbow","floor":23.0},{"not_picked":["Auto Shields","Steam+1"],"picked":"Loop","floor":24.0},{"not_picked":["Streamline","Compile Driver"],"picked":"Storm","floor":25.0},{"not_picked":["Coolheaded","Beam Cell"],"picked":"Storm+1","floor":27.0},{"not_picked":["EmptyFist+1","Iron Wave+1","Blade Dance+1"],"picked":"SKIP","floor":29.0},{"not_picked":["Hologram","Corruption","Compile Driver+1"],"picked":"SKIP","floor":31.0},{"not_picked":["Glass Knife+1","ats:Roar Of Ursus"],"picked":"Hololive_Recruit","floor":33.0},{"not_picked":["ats:Leaping Hammer+1","ats:Ignite+1"],"picked":"Intimidate+1","floor":35.0},{"not_picked":["Fasting2","Expertise+1"],"picked":"PanicButton+1","floor":38},{"not_picked":["Compile Driver+1","ats:Closed Bolt Burst Fire+1","FlurryOfBlows+1"],"picked":"SKIP","floor":39},{"not_picked":["ats:Explosion Area Strengthen+1","Blind","CutThroughFate+1"],"picked":"SKIP","floor":40},{"not_picked":["Carnage+1","Hello World"],"picked":"Hololive_Sequa+1","floor":44},{"not_picked":["Backflip+1","Endless Agony+1"],"picked":"Deep Breath+1","floor":45},{"not_picked":["Sword Boomerang+1","Halt","All For One+1"],"picked":"SKIP","floor":46},{"not_picked":["Stack+1","Clash+1","Flame Barrier"],"picked":"SKIP","floor":47},{"not_picked":["Swivel+1","Hololive_Watashimo"],"picked":"Hololive_CallDoris+1","floor":48}],"player_experience":28576,"relics_obtained":[{"floor":6.0,"key":"Bottled Tornado"},{"floor":8.0,"key":"Gambling Chip"},{"floor":9.0,"key":"Thread and Needle"},{"floor":13.0,"key":"HornCleat"},{"floor":23.0,"key":"War Paint"},{"floor":25.0,"key":"Bag of Marbles"},{"floor":26.0,"key":"Boot"},{"floor":29.0,"key":"Nunchaku"},{"floor":37.0,"key":"StoneCalendar"},{"floor":40,"key":"Oddly Smooth Stone"},{"floor":43,"key":"Ice Cream"},{"floor":44,"key":"Juzu Bracelet"},{"floor":48,"key":"Mercury Hourglass"}],"event_choices":[{"damage_healed":0.0,"max_hp_gain":0.0,"max_hp_loss":0.0,"gold_gain":275.0,"event_name":"Golden Shrine","player_choice":"Desecrate","floor":7.0,"gold_loss":0.0,"damage_taken":0.0,"cards_obtained":["Regret"]},{"damage_healed":0.0,"max_hp_gain":0.0,"max_hp_loss":0.0,"gold_gain":0.0,"event_name":"Match and Keep!","player_choice":"3 cards matched","floor":20.0,"gold_loss":0.0,"damage_taken":0.0,"cards_obtained":["Fission","Discovery","Skim"]},{"damage_healed":0.0,"max_hp_gain":0.0,"max_hp_loss":0.0,"gold_gain":360.0,"event_name":"Knowing Skull","player_choice":"GOLD GOLD GOLD GOLD ","floor":22.0,"potions_obtained":[],"gold_loss":0.0,"damage_taken":36.0,"cards_obtained":[]},{"damage_healed":0.0,"max_hp_gain":0.0,"max_hp_loss":0.0,"gold_gain":0.0,"event_name":"MindBloom","player_choice":"Fight","floor":37.0,"gold_loss":0.0,"damage_taken":0.0}],"is_beta":false,"boss_relics":[{"not_picked":["Cursed Key","Velvet Choker"],"picked":"FrozenCore"},{"not_picked":["Hololive_ChaosS","Empty Cage"],"picked":"Hololive_Finger"}],"items_purged_floors":[28],"is_endless":false,"potions_floor_spawned":[2,5,8,18,21,31,33,35,37,39,47],"killed_by":"Awakened One","ascension_level":0}}