{"host":"19r1ww88x2tc73i0","time":1612601485,"event":{"mods":["BaseMod","BetterRewards","Colored Map","Minty Spire (QoL Compilation)","Relic Stats","StSLib","SuperFastMode","slay the spire mod where everything is the same but ironclad has a cowboy hat"],"gold_per_floor":[118,118,118,118,118,158,183,227,305,230,243,256,2,40,40,134,134,157,157,247,265,265,265,290,290,316,334,112,147,147,178,178,269,269,292,317,342,13,27,60,60,91,91,132,132,132,151,166,166,166,166,166],"floor_reached":51,"language":"ENG","playtime":2519,"items_purged":["Strike_G"],"score":1636,"play_id":"c7ce17d2-5d78-443a-913d-61d363f534e1","local_time":"25640206155125","is_ascension_mode":true,"campfire_choices":[{"data":"Footwork","floor":15.0,"key":"SMITH"},{"floor":23.0,"key":"REST"},{"data":"Glass Knife","floor":25.0,"key":"SMITH"},{"data":"Crippling Poison","floor":30.0,"key":"SMITH"},{"floor":32.0,"key":"REST"},{"data":"A Thousand Cuts","floor":41,"key":"SMITH"},{"floor":49,"key":"RECALL"}],"circlet_count":0,"master_deck":["AscendersBane","Defend_G","Defend_G","Defend_G","Defend_G","Survivor","Neutralize+1","Riddle With Holes+1","Dagger Spray+1","Malaise+1","Quick Slash","Sucker Punch","Infinite Blades","Backstab+1","Footwork+1","Terror","Glass Knife+1","Flying Knee+1","Envenom","Underhanded Strike+1","Dash","PiercingWail","Crippling Poison+1","A Thousand Cuts+1","Noxious Fumes+1","Bouncing Flask","Blur","Well Laid Plans","Expertise+1"],"relics":["Astrolabe","Golden Idol","Bronze Scales","Unceasing Top","Calipers","Toy Ornithopter","Meat on the Bone","Mango","Snecko Eye","Nilry\u0027s Codex","Mummified Hand","Ancient Tea Set","Sling","The Specimen","Sundial","Coffee Dripper","TwistedFunnel","PreservedInsect","Incense Burner","Whetstone","Regal Pillow"],"acts_visited":["Exordium","TheCity","TheBeyond"],"potions_floor_usage":[50],"damage_taken":[{"damage":7.0,"enemies":"2 Louse","floor":1.0,"turns":3.0},{"damage":12.0,"enemies":"Lagavulin","floor":6.0,"turns":6.0},{"damage":2.0,"enemies":"Small Slimes","floor":7.0,"turns":2.0},{"damage":7.0,"enemies":"3 Sentries","floor":8.0,"turns":5.0},{"damage":7.0,"enemies":"Jaw Worm","floor":11.0,"turns":2.0},{"damage":2.0,"enemies":"2 Fungi Beasts","floor":12.0,"turns":3.0},{"damage":2.0,"enemies":"Lagavulin","floor":14.0,"turns":5.0},{"damage":20.0,"enemies":"The Guardian","floor":16.0,"turns":11.0},{"damage":4.0,"enemies":"Shell Parasite","floor":18.0,"turns":4.0},{"damage":15.0,"enemies":"2 Thieves","floor":21.0,"turns":4.0},{"damage":10.0,"enemies":"Shelled Parasite and Fungi","floor":24.0,"turns":6.0},{"damage":7.0,"enemies":"Sentry and Sphere","floor":27.0,"turns":4.0},{"damage":19.0,"enemies":"Book of Stabbing","floor":29.0,"turns":5.0},{"damage":24.0,"enemies":"Gremlin Leader","floor":31.0,"turns":4.0},{"damage":33.0,"enemies":"Automaton","floor":33.0,"turns":8.0},{"damage":3.0,"enemies":"Orb Walker","floor":35.0,"turns":2.0},{"damage":0.0,"enemies":"3 Shapes","floor":36.0,"turns":3.0},{"damage":10.0,"enemies":"Writhing Mass","floor":37.0,"turns":6.0},{"damage":1,"enemies":"Transient","floor":39,"turns":6},{"damage":0,"enemies":"Nemesis","floor":40,"turns":5},{"damage":11,"enemies":"Giant Head","floor":42,"turns":4},{"damage":0,"enemies":"Reptomancer","floor":44,"turns":3},{"damage":19,"enemies":"Spire Growth","floor":47,"turns":3},{"damage":0,"enemies":"3 Darklings","floor":48,"turns":3},{"damage":43,"enemies":"Donu and Deca","floor":50,"turns":8},{"damage":51,"enemies":"Awakened One","floor":51,"turns":10}],"seed_played":"-2734546367090092944","potions_obtained":[{"floor":1.0,"key":"EntropicBrew"},{"floor":6.0,"key":"LiquidMemories"},{"floor":16.0,"key":"Explosive Potion"},{"floor":18.0,"key":"DistilledChaos"},{"floor":27.0,"key":"CunningPotion"},{"floor":33.0,"key":"Fire Potion"},{"floor":35.0,"key":"GhostInAJar"}],"is_trial":false,"path_per_floor":["M","?","?","?","T","E","M","E","T","?","M","M","$","E","R","B",null,"M","?","?","M","T","R","M","R","T","M","$","E","R","E","R","B",null,"M","M","M","$","M","E","R","E","T","E","?","$","M","M","R","B","B"],"character_chosen":"THE_SILENT","items_purchased":["Glass Knife","Sling","PiercingWail","TwistedFunnel","PreservedInsect"],"campfire_rested":2,"item_purchase_floors":[13,28,28,38,38],"current_hp_per_floor":[52,52,52,41,41,29,27,20,20,20,25,35,35,47,47,39,65,61,40,28,25,25,47,42,42,42,47,47,40,40,33,55,34,64,61,61,51,51,50,50,50,39,39,39,39,39,32,44,44,18,0,0],"gold":166,"neow_bonus":"BOSS_RELIC","is_daily":false,"chose_seed":false,"campfire_upgraded":4,"win_rate":0.0,"timestamp":1612601485,"path_taken":["M","?","?","?","?","E","?","E","T","?","M","M","?","E","R","BOSS","M","?","?","?","?","R","M","R","T","?","$","E","R","E","R","BOSS","M","?","M","?","M","E","R","E","T","E","?","?","M","M","R","BOSS","BOSS"],"items_purchased_type":["Card","Relic","Card","Relic","Relic"],"build_version":"2020-12-22","purchased_purges":1,"victory":false,"max_hp_per_floor":[66,66,60,60,60,60,60,60,60,60,60,60,60,74,74,74,74,74,74,74,74,74,74,74,74,74,74,74,74,74,74,74,74,74,74,74,74,74,74,74,74,74,74,74,74,74,74,74,74,74,74,74],"relic_stats":{"Regal Pillow":0,"counters":[26,125],"Golden Idol":168,"Astrolabe":["Riddle With Holes","Dagger Spray","Malaise"],"PreservedInsect":240,"Whetstone":["Flying Knee","Backstab"],"Mummified Hand":[139],"Sundial":[8],"Bronze Scales":[338],"Snecko Eye":[162,147,157,159],"obtain_stats":[{"TwistedFunnel":38,"Regal Pillow":44,"Calipers":6,"The Specimen":29,"Golden Idol":3,"Nilry\u0027s Codex":19,"Astrolabe":0,"Mango":14,"PreservedInsect":38,"Incense Burner":40,"Whetstone":42,"Ancient Tea Set":26,"Sling":28,"Mummified Hand":22,"Sundial":31,"Bronze Scales":4,"Snecko Eye":17,"Coffee Dripper":34,"Unceasing Top":5,"Toy Ornithopter":8,"Ring of the Snake":0,"Meat on the Bone":9},{"TwistedFunnel":18,"Regal Pillow":22,"Calipers":2,"The Specimen":13,"Golden Idol":1,"Nilry\u0027s Codex":9,"Astrolabe":0,"Mango":7,"PreservedInsect":18,"Incense Burner":20,"Whetstone":21,"Ancient Tea Set":11,"Sling":12,"Mummified Hand":10,"Sundial":14,"Bronze Scales":1,"Snecko Eye":8,"Coffee Dripper":15,"Unceasing Top":1,"Toy Ornithopter":4,"Ring of the Snake":0,"Meat on the Bone":4},{"TwistedFunnel":83,"Regal Pillow":101,"Calipers":9,"The Specimen":60,"Golden Idol":3,"Nilry\u0027s Codex":41,"Astrolabe":0,"Mango":26,"PreservedInsect":83,"Incense Burner":94,"Whetstone":98,"Ancient Tea Set":51,"Sling":55,"Mummified Hand":45,"Sundial":64,"Bronze Scales":3,"Snecko Eye":37,"Coffee Dripper":72,"Unceasing Top":3,"Toy Ornithopter":16,"Ring of the Snake":0,"Meat on the Bone":16}],"Unceasing Top":[17],"Toy Ornithopter":15,"Meat on the Bone":132},"card_choices":[{"not_picked":["Deadly Poison","Prepared"],"picked":"Quick Slash","floor":1.0},{"not_picked":["Underhanded Strike","Distraction"],"picked":"Sucker Punch","floor":6.0},{"not_picked":["Bane","Tactician"],"picked":"Infinite Blades","floor":7.0},{"not_picked":["Crippling Poison","Sucker Punch"],"picked":"Backstab","floor":8.0},{"not_picked":["Backflip","Dash"],"picked":"Footwork","floor":11.0},{"not_picked":["Crippling Poison","Deadly Poison"],"picked":"Terror","floor":12.0},{"not_picked":["Well Laid Plans","Cloak And Dagger"],"picked":"Flying Knee","floor":14.0},{"not_picked":["Tools of the Trade","Die Die Die"],"picked":"Envenom","floor":16.0},{"not_picked":["Deadly Poison","Blade Dance"],"picked":"Underhanded Strike+1","floor":18.0},{"not_picked":["Acrobatics","Dodge and Roll+1"],"picked":"Dash","floor":21.0},{"not_picked":["Quick Slash","Slice+1","Flying Knee"],"picked":"SKIP","floor":24.0},{"not_picked":["Quick Slash","Slice+1","Flying Knee"],"picked":"SKIP","floor":24.0},{"not_picked":["Masterful Stab+1","Poisoned Stab","Finisher"],"picked":"SKIP","floor":27.0},{"not_picked":["Tactician","Underhanded Strike"],"picked":"Crippling Poison","floor":29.0},{"not_picked":["Skewer","Underhanded Strike+1"],"picked":"A Thousand Cuts","floor":31.0},{"not_picked":["Endless Agony","Predator"],"picked":"Noxious Fumes+1","floor":35.0},{"not_picked":["Bane","Prepared+1"],"picked":"Bouncing Flask","floor":36.0},{"not_picked":["Slice+1","Poisoned Stab"],"picked":"Blur","floor":37.0},{"not_picked":["Noxious Fumes","Eviscerate"],"picked":"Well Laid Plans","floor":39},{"not_picked":["Cloak And Dagger","Choke","Prepared+1"],"picked":"SKIP","floor":40},{"not_picked":["Slice","Unload","Bane+1"],"picked":"SKIP","floor":42},{"not_picked":["Endless Agony","Deadly Poison"],"picked":"Expertise+1","floor":44},{"not_picked":["Quick Slash","Sucker Punch","Dagger Spray"],"picked":"SKIP","floor":47},{"not_picked":["Poisoned Stab","Tools of the Trade","Quick Slash"],"picked":"SKIP","floor":48}],"player_experience":1012629,"relics_obtained":[{"floor":5.0,"key":"Unceasing Top"},{"floor":6.0,"key":"Calipers"},{"floor":8.0,"key":"Toy Ornithopter"},{"floor":9.0,"key":"Meat on the Bone"},{"floor":14.0,"key":"Mango"},{"floor":19.0,"key":"Nilry\u0027s Codex"},{"floor":22.0,"key":"Mummified Hand"},{"floor":26.0,"key":"Ancient Tea Set"},{"floor":29.0,"key":"The Specimen"},{"floor":31.0,"key":"Sundial"},{"floor":40,"key":"Incense Burner"},{"floor":42,"key":"Whetstone"},{"floor":44,"key":"Regal Pillow"}],"event_choices":[{"damage_healed":0.0,"max_hp_gain":0.0,"max_hp_loss":0.0,"gold_gain":0.0,"event_name":"Living Wall","player_choice":"Grow","floor":2.0,"gold_loss":0.0,"damage_taken":0.0,"cards_upgraded":["Neutralize"]},{"damage_healed":0.0,"max_hp_gain":0.0,"max_hp_loss":6.0,"gold_gain":0.0,"event_name":"Golden Idol","player_choice":"Lose Max HP","floor":3.0,"gold_loss":0.0,"damage_taken":0.0,"relics_obtained":["Golden Idol"]},{"damage_healed":0.0,"max_hp_gain":0.0,"max_hp_loss":0.0,"gold_gain":0.0,"event_name":"Scrap Ooze","player_choice":"Success","floor":4.0,"gold_loss":0.0,"damage_taken":11.0,"relics_obtained":["Bronze Scales"]},{"cards_removed":["Strike_G"],"damage_healed":0.0,"max_hp_gain":0.0,"max_hp_loss":0.0,"gold_gain":0.0,"event_name":"The Cleric","player_choice":"Card Removal","floor":10.0,"gold_loss":75.0,"damage_taken":0.0},{"damage_healed":0.0,"max_hp_gain":0.0,"max_hp_loss":0.0,"gold_gain":0.0,"event_name":"Cursed Tome","player_choice":"Obtained Book","floor":19.0,"gold_loss":0.0,"damage_taken":21.0},{"damage_healed":0.0,"max_hp_gain":0.0,"max_hp_loss":0.0,"gold_gain":90.0,"event_name":"Knowing Skull","player_choice":"GOLD ","floor":20.0,"potions_obtained":[],"gold_loss":0.0,"damage_taken":12.0,"cards_obtained":[]},{"cards_removed":["Defend_G"],"damage_healed":0,"gold_gain":0,"player_choice":"Removed Skill","damage_taken":0,"max_hp_gain":0,"max_hp_loss":0,"event_name":"Falling","floor":45,"gold_loss":0}],"is_beta":false,"boss_relics":[{"not_picked":["Black Star","Philosopher\u0027s Stone"],"picked":"Snecko Eye"},{"not_picked":["HoveringKite","Calling Bell"],"picked":"Coffee Dripper"}],"items_purged_floors":[13],"is_endless":false,"potions_floor_spawned":[1,6,16,18,27,29,33,35,36,40,48],"killed_by":"Awakened One","ascension_level":20}}