{"host":"m3txpv198clqze8f","time":1612573543,"event":{"mods":["Act Like it!","BaseMod","Colored Powertips","Friendly Minions","Gensokyo","Marisa£®ÏF”Í°°ƒß¿Ì…≥£©","Minty Spire (QoL Compilation)","Quick Restart","Relic Filter Mod","Reliquary","StSLib"],"gold_per_floor":[115,115,134,84,99,125,140,168,168,194,119,194,94,104,104,104,104],"floor_reached":16,"language":"ZHS","playtime":752,"items_purged":["Strike_MRS","Defend_MRS"],"score":205,"play_id":"fadd2bd6-9896-456b-8800-f0780aa7d1dc","local_time":"20210206090543","is_ascension_mode":true,"campfire_choices":[{"data":"StarDustReverie","floor":15.0,"key":"SMITH"}],"circlet_count":2,"master_deck":["Strike_MRS","Strike_MRS","Defend_MRS","Defend_MRS","MasterSpark","UpSweep","Madness","SprinkleStarSeal","StarDustReverie+1","SporeBomb","UnstableBomb","Wraith","Writhe","Wraith","PulseMagic"],"relics":["MiniHakkero","Circlet","NeowsBlessing","Potion Belt","Ancient Tea Set"],"acts_visited":["Exordium"],"potions_floor_usage":[],"damage_taken":[{"damage":0.0,"enemies":"Jaw Worm","floor":1.0,"turns":1.0},{"damage":0.0,"enemies":"Small Slimes","floor":3.0,"turns":1.0},{"damage":0.0,"enemies":"2 Louse","floor":5.0,"turns":2.0},{"damage":9.0,"enemies":"3 Sentries","floor":6.0,"turns":6.0},{"damage":0.0,"enemies":"Gremlin Gang","floor":7.0,"turns":1.0},{"damage":8.0,"enemies":"Gremlin Nob","floor":8.0,"turns":3.0},{"damage":9.0,"enemies":"3 Sentries","floor":10.0,"turns":18.0},{"damage":2.0,"enemies":"Exordium Thugs","floor":14.0,"turns":2.0},{"damage":3.0,"enemies":"The Guardian","floor":16.0,"turns":5.0}],"seed_played":"-5564683079624028410","potions_obtained":[{"floor":7.0,"key":"Fire Potion"},{"floor":8.0,"key":"PowerPotion"}],"is_trial":false,"path_per_floor":["M","?","M","?","M","E","M","E","T","E","$","?","$","M","R","B"],"character_chosen":"MARISA","items_purchased":[],"campfire_rested":0,"item_purchase_floors":[],"current_hp_per_floor":[75,68,68,68,68,65,71,64,64,75,75,64,64,40,40,48,48],"gold":104,"neow_bonus":"THREE_ENEMY_KILL","is_daily":false,"chose_seed":false,"campfire_upgraded":1,"win_rate":0.0,"timestamp":1612573543,"path_taken":["M","?","M","?","M","E","M","E","T","E","?","?","$","M","R","BOSS","BOSS"],"items_purchased_type":[],"build_version":"2020-12-22","purchased_purges":2,"victory":false,"max_hp_per_floor":[75,75,75,75,75,75,75,75,75,75,75,75,75,75,75,75,75],"card_choices":[{"not_picked":["WitchLeyline","6A","ShootingEcho"],"picked":"SKIP","floor":1.0},{"not_picked":["IllusionStar","LuminesStrike","AsteroidBelt"],"picked":"SKIP","floor":3.0},{"not_picked":["GravityBeat","MilkyWay"],"picked":"SprinkleStarSeal","floor":5.0},{"not_picked":["StarDustReverie","6A","EnergyFlow"],"picked":"SKIP","floor":6.0},{"not_picked":["6A","EnergyFlow"],"picked":"StarDustReverie","floor":6.0},{"not_picked":["MysteriousBeam","ChargeUpSpray"],"picked":"SporeBomb","floor":7.0},{"not_picked":["SuperPerseids","IllusionStar"],"picked":"UnstableBomb","floor":8.0},{"not_picked":["GravityBeat","StarDustReverie","MilkyWay"],"picked":"SKIP","floor":10.0},{"not_picked":["DeepEcoloBomb","SporeBomb"],"picked":"PulseMagic","floor":14.0}],"player_experience":163141,"relics_obtained":[{"floor":6.0,"key":"Potion Belt"},{"floor":8.0,"key":"Ancient Tea Set"},{"floor":9.0,"key":"AT_SilverBalance"},{"floor":10.0,"key":"testmod-Laevatain"}],"event_choices":[{"cards_removed":["Strike_MRS"],"damage_healed":0.0,"max_hp_gain":0.0,"max_hp_loss":0.0,"gold_gain":0.0,"event_name":"Golden Wing","player_choice":"Card Removal","floor":2.0,"gold_loss":0.0,"damage_taken":7.0},{"cards_removed":["Defend_MRS"],"damage_healed":0.0,"max_hp_gain":0.0,"max_hp_loss":0.0,"gold_gain":0.0,"event_name":"The Cleric","player_choice":"Card Removal","floor":4.0,"gold_loss":50.0,"damage_taken":0.0},{"damage_healed":0.0,"max_hp_gain":0.0,"max_hp_loss":0.0,"gold_gain":75.0,"event_name":"World of Goop","player_choice":"Gather Gold","floor":12.0,"gold_loss":0.0,"damage_taken":11.0}],"is_beta":false,"boss_relics":[],"items_purged_floors":[11,13],"is_endless":false,"potions_floor_spawned":[7,8,10,14],"killed_by":"The Guardian","ascension_level":1}}