{"host":"rspt8ghchagqewrq","time":1612624552,"event":{"mods":["AchievementEnabler","BaseMod","Colored Map","Colored Powertips","Minty Spire (QoL Compilation)","Quick Restart"],"gold_per_floor":[166,186,186,186,201,201,229,240,265,265,280,280,280,209,209,310,310,329,329,343,355,355,355,166,176,176,176,176],"floor_reached":27,"language":"FRA","playtime":1254,"items_purged":[],"score":213,"play_id":"76478b4a-eb97-47a2-9acf-6fd3dcf04758","local_time":"20210206161552","is_ascension_mode":false,"campfire_choices":[{"data":"Go for the Eyes","floor":6,"key":"SMITH"},{"floor":10,"key":"REST"},{"data":"Rainbow","floor":15,"key":"SMITH"},{"floor":23,"key":"REST"}],"circlet_count":0,"master_deck":["Zap","Dualcast","Conserve Battery+1","Rip and Tear","Static Discharge","Go for the Eyes+1","Barrage","Auto Shields","Parasite","Rainbow+1","Rainbow","Stack","Redo","Fusion","Seek","Buffer","BootSequence","Fission","Consume","Gash","Turbo","Ball Lightning","Streamline","Chrysalis","Gash+1"],"relics":["Tiny House","PreservedInsect","Vajra","Bag of Preparation","Pandora\u0027s Box","White Beast Statue"],"acts_visited":["Exordium","TheCity"],"potions_floor_usage":[16,21,27],"damage_taken":[{"damage":0,"enemies":"2 Louse","floor":1,"turns":3},{"damage":6,"enemies":"Jaw Worm","floor":2,"turns":3},{"damage":4,"enemies":"Small Slimes","floor":5,"turns":4},{"damage":18,"enemies":"Lagavulin","floor":7,"turns":6},{"damage":6,"enemies":"2 Fungi Beasts","floor":8,"turns":3},{"damage":1,"enemies":"Large Slime","floor":11,"turns":6},{"damage":27,"enemies":"Slime Boss","floor":16,"turns":12},{"damage":14,"enemies":"Chosen","floor":18,"turns":6},{"damage":21,"enemies":"Shell Parasite","floor":20,"turns":5},{"damage":21,"enemies":"Snake Plant","floor":21,"turns":4},{"damage":33,"enemies":"Centurion and Healer","floor":25,"turns":9},{"damage":20,"enemies":"3 Cultists","floor":27,"turns":4}],"seed_played":"-3158559298695440186","potions_obtained":[{"floor":0,"key":"Energy Potion"},{"floor":5,"key":"Ancient Potion"},{"floor":8,"key":"SteroidPotion"},{"floor":20,"key":"SmokeBomb"}],"is_trial":false,"path_per_floor":["M","M","?","?","M","R","E","M","T","R","M","?","?","$","R","B",null,"M","?","M","M","?","R","$","M","T","M"],"character_chosen":"DEFECT","items_purchased":["Rainbow","Chrysalis"],"campfire_rested":2,"item_purchase_floors":[14,24],"current_hp_per_floor":[80,74,58,55,51,51,33,27,27,51,50,50,70,70,70,43,80,66,66,45,24,24,48,48,15,15,0,0],"gold":176,"neow_bonus":"BOSS_RELIC","is_daily":false,"chose_seed":false,"campfire_upgraded":2,"win_rate":0.0,"timestamp":1612624552,"path_taken":["M","M","?","?","M","R","E","M","T","R","?","?","?","$","R","BOSS","M","?","?","M","?","R","$","M","T","?"],"items_purchased_type":["Card","Card"],"build_version":"2020-12-22","purchased_purges":0,"victory":false,"max_hp_per_floor":[80,80,80,80,80,80,80,80,80,80,80,80,80,80,80,80,80,80,80,80,80,80,80,80,80,80,80,80],"card_choices":[{"not_picked":["Cold Snap","Glacier"],"picked":"Conserve Battery","floor":0},{"not_picked":["Cold Snap","Hologram"],"picked":"Rip and Tear","floor":1},{"not_picked":["Hologram","Chill"],"picked":"Static Discharge","floor":2},{"not_picked":["Hologram","Conserve Battery"],"picked":"Go for the Eyes","floor":5},{"not_picked":["Rebound","Go for the Eyes"],"picked":"Barrage","floor":7},{"not_picked":["Coolheaded","Barrage"],"picked":"Stack","floor":8},{"not_picked":["Go for the Eyes","Barrage"],"picked":"Auto Shields","floor":11},{"not_picked":["Seek","Fission"],"picked":"Rainbow","floor":16},{"not_picked":["Leap","Conserve Battery"],"picked":"Gash","floor":18},{"not_picked":["Conserve Battery","Stack"],"picked":"Ball Lightning","floor":20},{"not_picked":["Undo","Tempest"],"picked":"Streamline","floor":21},{"not_picked":["Hologram","Go for the Eyes+1"],"picked":"Gash+1","floor":25}],"player_experience":84241,"relics_obtained":[{"floor":7,"key":"Vajra"},{"floor":9,"key":"Bag of Preparation"},{"floor":26,"key":"White Beast Statue"}],"event_choices":[{"damage_healed":0,"gold_gain":0,"player_choice":"Entered Light","damage_taken":16,"max_hp_gain":0,"max_hp_loss":0,"event_name":"Shining Light","floor":3,"gold_loss":0,"cards_upgraded":["Conserve Battery","Defend_B"]},{"damage_healed":0,"gold_gain":0,"player_choice":"Success","damage_taken":3,"relics_obtained":["PreservedInsect"],"max_hp_gain":0,"max_hp_loss":0,"event_name":"Scrap Ooze","floor":4,"gold_loss":0},{"damage_healed":0,"gold_gain":0,"player_choice":"Ignored","damage_taken":0,"max_hp_gain":0,"max_hp_loss":0,"event_name":"Golden Idol","floor":12,"gold_loss":0},{"damage_healed":20,"gold_gain":0,"player_choice":"Healed and dodged fight","damage_taken":0,"max_hp_gain":0,"max_hp_loss":0,"event_name":"Mushrooms","floor":13,"gold_loss":0,"cards_obtained":["Parasite"]},{"damage_healed":0,"gold_gain":0,"cards_transformed":["Stack"],"player_choice":"Transformed","damage_taken":0,"max_hp_gain":0,"max_hp_loss":0,"event_name":"Transmorgrifier","floor":19,"gold_loss":0,"cards_obtained":["Turbo"]},{"damage_healed":0,"gold_gain":0,"player_choice":"Bought 0 Potions","damage_taken":0,"max_hp_gain":0,"max_hp_loss":0,"event_name":"The Woman in Blue","floor":22,"gold_loss":0}],"is_beta":false,"boss_relics":[{"not_picked":["Black Star","Ectoplasm"],"picked":"Pandora\u0027s Box"}],"items_purged_floors":[],"is_endless":false,"potions_floor_spawned":[5,8,11,20],"killed_by":"3 Cultists","ascension_level":0}}