{"host":"f0gpob8hq9vgebej","time":1612629573,"event":{"mods":["AchievementEnabler","BaseMod","Minty Spire (QoL Compilation)","Quick Restart","SuperFastMode"],"gold_per_floor":[48,116,133,146,146,166,166,195,208,235,254,254,273,302,313,313,389,389,401,412,432,432,200,200,200,232,303,303,318,418,418,418,418,418,418],"floor_reached":33,"language":"KOR","playtime":578,"items_purged":["Defend_R"],"score":541,"play_id":"52afbf2c-014a-43a7-a513-40a5ec207049","local_time":"20210207013933","is_ascension_mode":true,"campfire_choices":[{"data":"Perfected Strike","floor":6.0,"key":"SMITH"},{"data":"Immolate","floor":11.0,"key":"SMITH"},{"data":"Fire Breathing","floor":15.0,"key":"SMITH"},{"data":"Pommel Strike","floor":23.0,"key":"SMITH"},{"floor":27.0,"key":"REST"},{"floor":32.0,"key":"REST"}],"circlet_count":0,"master_deck":["AscendersBane","Strike_R","Strike_R","Strike_R","Strike_R","Strike_R","Defend_R","Defend_R","Defend_R","Bash","Perfected Strike+1","Shrug It Off","Seeing Red","Immolate+1","Battle Trance","Pommel Strike+1","Fire Breathing+1","Impervious","Perfected Strike","Pommel Strike","Second Wind","Havoc"],"relics":["Black Blood","White Beast Statue","Orichalcum","Bag of Marbles","TheAbacus","MutagenicStrength","Strawberry","Question Card","Mango","Singing Bowl","Enchiridion"],"acts_visited":["Exordium","TheCity"],"potions_floor_usage":[33,33],"damage_taken":[{"damage":0.0,"enemies":"2 Louse","floor":1.0,"turns":2.0},{"damage":3.0,"enemies":"Small Slimes","floor":2.0,"turns":3.0},{"damage":11.0,"enemies":"Jaw Worm","floor":3.0,"turns":4.0},{"damage":11.0,"enemies":"2 Fungi Beasts","floor":5.0,"turns":5.0},{"damage":18.0,"enemies":"Gremlin Nob","floor":7.0,"turns":4.0},{"damage":2.0,"enemies":"Large Slime","floor":8.0,"turns":5.0},{"damage":0.0,"enemies":"Exordium Wildlife","floor":10.0,"turns":2.0},{"damage":8.0,"enemies":"Blue Slaver","floor":12.0,"turns":2.0},{"damage":5.0,"enemies":"3 Sentries","floor":13.0,"turns":3.0},{"damage":0.0,"enemies":"2 Fungi Beasts","floor":14.0,"turns":1.0},{"damage":40.0,"enemies":"Hexaghost","floor":16.0,"turns":7.0},{"damage":30.0,"enemies":"Shell Parasite","floor":18.0,"turns":5.0},{"damage":34.0,"enemies":"2 Thieves","floor":19.0,"turns":4.0},{"damage":0.0,"enemies":"3 Cultists","floor":20.0,"turns":3.0},{"damage":35.0,"enemies":"Book of Stabbing","floor":25.0,"turns":5.0},{"damage":30.0,"enemies":"Snake Plant","floor":28.0,"turns":4.0},{"damage":12.0,"enemies":"Colosseum Slavers","floor":29.0,"turns":3.0},{"damage":8.0,"enemies":"Colosseum Nobs","floor":29.0,"turns":3.0},{"damage":30,"enemies":"Automaton","floor":33,"turns":6}],"seed_played":"5424253849985384592","potions_obtained":[{"floor":2.0,"key":"LiquidBronze"},{"floor":7.0,"key":"FearPotion"},{"floor":10.0,"key":"Energy Potion"},{"floor":13.0,"key":"Dexterity Potion"},{"floor":16.0,"key":"SpeedPotion"},{"floor":18.0,"key":"AttackPotion"},{"floor":19.0,"key":"DistilledChaos"},{"floor":20.0,"key":"Swift Potion"},{"floor":25.0,"key":"Strength Potion"},{"floor":28.0,"key":"Strength Potion"},{"floor":29.0,"key":"LiquidBronze"}],"is_trial":false,"path_per_floor":["M","M","M","?","M","R","E","M","T","M","R","M","E","M","R","B",null,"M","M","M","?","$","R","?","E","T","R","M","?","?","?","R","B"],"character_chosen":"IRONCLAD","items_purchased":["TheAbacus"],"campfire_rested":2,"item_purchase_floors":[22],"current_hp_per_floor":[48,74,75,70,70,65,65,53,57,57,63,63,61,62,68,68,34,65,47,25,37,37,37,37,37,21,21,45,27,47,47,26,55,25,25],"gold":418,"neow_bonus":"THREE_CARDS","is_daily":false,"chose_seed":false,"campfire_upgraded":4,"win_rate":0.0,"timestamp":1612629573,"path_taken":["M","M","M","?","M","R","E","M","T","M","R","M","E","M","R","BOSS","M","M","M","?","$","R","?","E","T","R","M","?","?","?","R","BOSS"],"items_purchased_type":["Relic"],"build_version":"2020-12-22","purchased_purges":1,"victory":false,"max_hp_per_floor":[75,75,75,75,75,75,75,75,75,75,75,75,75,75,75,75,75,75,75,75,75,75,75,75,75,82,82,82,82,98,98,98,98,98,98],"card_choices":[{"not_picked":["Headbutt","Body Slam"],"picked":"Perfected Strike","floor":0.0},{"not_picked":["True Grit","Headbutt"],"picked":"Shrug It Off","floor":1.0},{"not_picked":["Shockwave","Infernal Blade","Warcry"],"picked":"SKIP","floor":2.0},{"not_picked":["Clothesline","Anger"],"picked":"Seeing Red","floor":3.0},{"not_picked":["Dropkick","Armaments"],"picked":"Immolate","floor":5.0},{"not_picked":["Ghostly Armor","Armaments"],"picked":"Battle Trance","floor":7.0},{"not_picked":["Iron Wave","Armaments","Warcry"],"picked":"SKIP","floor":8.0},{"not_picked":["Entrench","Thunderclap","Shockwave"],"picked":"SKIP","floor":10.0},{"not_picked":["Iron Wave","Clothesline"],"picked":"Pommel Strike","floor":12.0},{"not_picked":["Seeing Red","Bloodletting"],"picked":"Fire Breathing","floor":13.0},{"not_picked":["Heavy Blade","Shockwave","Flex"],"picked":"SKIP","floor":14.0},{"not_picked":["Immolate","Feed"],"picked":"Impervious","floor":16.0},{"not_picked":["Carnage+1","Headbutt","Cleave"],"picked":"SKIP","floor":18.0},{"not_picked":["Havoc","Thunderclap"],"picked":"Perfected Strike","floor":19.0},{"not_picked":["Headbutt","Anger"],"picked":"Pommel Strike","floor":20.0},{"not_picked":["Rampage","Fire Breathing"],"picked":"Second Wind","floor":25.0},{"not_picked":["Shockwave","Heavy Blade","Cleave"],"picked":"Havoc","floor":28.0},{"not_picked":["Feed","Anger","Twin Strike","Clash"],"picked":"Singing Bowl","floor":29.0}],"player_experience":380729,"relics_obtained":[{"floor":7.0,"key":"White Beast Statue"},{"floor":9.0,"key":"Orichalcum"},{"floor":13.0,"key":"Bag of Marbles"},{"floor":25.0,"key":"Strawberry"},{"floor":26.0,"key":"Question Card"},{"floor":29.0,"key":"Mango"},{"floor":29.0,"key":"Singing Bowl"},{"floor":31.0,"key":"Enchiridion"}],"event_choices":[{"damage_healed":0.0,"max_hp_gain":0.0,"max_hp_loss":0.0,"gold_gain":0.0,"event_name":"Golden Idol","player_choice":"Ignored","floor":4.0,"gold_loss":0.0,"damage_taken":0.0},{"damage_healed":0.0,"max_hp_gain":0.0,"max_hp_loss":0.0,"gold_gain":0.0,"event_name":"Ghosts","player_choice":"Ignored","floor":21.0,"gold_loss":0.0,"damage_taken":0.0},{"damage_healed":0.0,"max_hp_gain":0.0,"max_hp_loss":0.0,"gold_gain":0.0,"event_name":"Drug Dealer","player_choice":"Inject Mutagens","floor":24.0,"gold_loss":0.0,"damage_taken":0.0,"relics_obtained":["MutagenicStrength"]},{"damage_healed":0.0,"max_hp_gain":0.0,"max_hp_loss":0.0,"gold_gain":0.0,"event_name":"Colosseum","player_choice":"Fight","floor":29.0,"gold_loss":0.0,"damage_taken":0.0},{"damage_healed":0.0,"max_hp_gain":0.0,"max_hp_loss":0.0,"gold_gain":0.0,"event_name":"Colosseum","player_choice":"Fought Nobs","floor":29.0,"gold_loss":0.0,"damage_taken":0.0},{"damage_healed":0.0,"max_hp_gain":0.0,"max_hp_loss":0.0,"gold_gain":0.0,"event_name":"The Mausoleum","player_choice":"Ignored","floor":30.0,"gold_loss":0.0,"damage_taken":0.0},{"damage_healed":0.0,"max_hp_gain":0.0,"max_hp_loss":0.0,"gold_gain":0.0,"event_name":"Cursed Tome","player_choice":"Obtained Book","floor":31.0,"gold_loss":0.0,"damage_taken":21.0}],"is_beta":false,"boss_relics":[{"not_picked":["Coffee Dripper","Runic Cube"],"picked":"Black Blood"}],"items_purged_floors":[22],"is_endless":false,"potions_floor_spawned":[2,7,8,10,12,13,14,16,18,19,20,25,28,29,29],"killed_by":"Automaton","ascension_level":17}}