{"host":"mhzgc0zma59jtmoj","time":1612589643,"event":{"mods":["BaseMod","BetterRewards","Custom Start","Glutton Mod","Ironclad Rager","Minty Spire (QoL Compilation)","Replay The Spire","Somnambulant","StSLib","The Cursed","The Hierophant","The Jungle","The Marked","The Necromancer","Treasure Hunter"],"gold_per_floor":[115,131,181,181,191,221,233,183,183,203,378,393,393,424,424,520,570,585,597,390,417,433,433,452,452,452,452,452,467,342,355,355,504,504,520,314,314,314,328,345,362,362,362,380,380,409,409,324,324,324,324,324,222,248,248],"floor_reached":56,"language":"ENG","playtime":3726,"items_purged":["ICR:ProbingStrike","Shame","Dualcast","ICR:AutoDefend","ICR:AutoDefend","Zap"],"score":1288,"play_id":"5a88f429-30a8-47a4-811e-391d83f9b5f6","local_time":"20210206003403","is_ascension_mode":false,"campfire_choices":[{"data":"Defragment","floor":13,"key":"SMITH"},{"data":"Defragment","floor":15,"key":"SMITH"},{"floor":23,"key":"REST"},{"data":"Fission","floor":25,"key":"SMITH"},{"floor":28,"key":"RECALL"},{"data":"ICR:FrostFall","floor":45,"key":"SMITH"},{"data":"ICR:ChainLightning","floor":49,"key":"SMITH"},{"data":"FIFO Queue","floor":52,"key":"SMITH"}],"circlet_count":0,"master_deck":["ICR:AutoDefend","Spreading Infection","Ball Lightning+1","Defragment+1","Doubt","Injury","Defragment+1","Fission+1","Clumsy","Self Repair","Crystallizer+1","FIFO Queue+1","ICR:FrostFall+1","Overencumbered","Hallucinations","Thunder Strike+1","ReplayGash+1","Gash+1","ICR:ChainLightning+1"],"relics":["Cracked Core","Ring of Misfortune","Ring of Greed","Smiling Mask","Tiny Chest","Gremlin Horn","Shuriken","Tiny House","Runic Capacitor","ReplayFunnel","Oddly Smooth Stone","theJungle:SpiritDisease","Replay:Rubber Ducky","Inserter","Membership Card","Spirit Poop","Molten Egg 2","Toy Ornithopter","Unceasing Top","BargainBundle","Replay:Bottled Eggs"],"acts_visited":["Exordium","Exordium","TheBeyond","TheEnding"],"potions_floor_usage":[14,18,33,50],"damage_taken":[{"damage":0,"enemies":"Cultist","floor":1,"turns":4},{"damage":0,"enemies":"Small Slimes","floor":2,"turns":4},{"damage":0,"enemies":"Jaw Worm","floor":5,"turns":6},{"damage":11,"enemies":"Lagavulin","floor":6,"turns":6},{"damage":0,"enemies":"Blue Slaver","floor":7,"turns":3},{"damage":15,"enemies":"Exordium Wildlife","floor":10,"turns":5},{"damage":0,"enemies":"Exordium Thugs","floor":12,"turns":6},{"damage":4,"enemies":"3 Sentries","floor":14,"turns":6},{"damage":17,"enemies":"Slime Boss","floor":16,"turns":10},{"damage":28,"enemies":"theJungle:GiantWrat","floor":18,"turns":9},{"damage":27,"enemies":"theJungle:Flameango_and_Byrd","floor":19,"turns":10},{"damage":12,"enemies":"theJungle:Snecko_Cultist_And_Trap","floor":22,"turns":6},{"damage":12,"enemies":"theJungle:Lyon","floor":24,"turns":5},{"damage":15,"enemies":"theJungle:2_Flameangoes","floor":29,"turns":5},{"damage":9,"enemies":"theJungle:SlimyTreeVines","floor":31,"turns":5},{"damage":0,"enemies":"theJungle:QueenSpyder","floor":33,"turns":50},{"damage":16,"enemies":"3 Darklings","floor":35,"turns":7},{"damage":7,"enemies":"Orb Walker","floor":39,"turns":4},{"damage":23,"enemies":"3 Darklings","floor":40,"turns":5},{"damage":2,"enemies":"Transient","floor":41,"turns":5},{"damage":0,"enemies":"Jaw Worm Horde","floor":44,"turns":6},{"damage":0,"enemies":"Giant Head","floor":46,"turns":9},{"damage":50,"enemies":"Donu and Deca","floor":50,"turns":8},{"damage":30,"enemies":"Shield and Spear","floor":54,"turns":8},{"damage":44,"enemies":"The Heart","floor":55,"turns":11}],"seed_played":"-1157528641455322495","potions_obtained":[{"floor":5,"key":"FocusPotion"},{"floor":7,"key":"ColorlessPotion"},{"floor":10,"key":"Milkshake"},{"floor":16,"key":"Adrenaline Potion"},{"floor":33,"key":"EssenceOfSteel"},{"floor":39,"key":"Death Potion"},{"floor":54,"key":"SpeedPotion"}],"is_trial":false,"path_per_floor":["M","M","?","?","M","E","M","$","T","M","?","M","R","E","R","B",null,"M","M","$","T","M","R","M","R","T","?","R","M","$","M","R","B",null,"M","$","T","?","M","M","M","?","T","M","R","E","T","$","R","B",null,"R","$","E","B",null],"character_chosen":"DEFECT","items_purchased":["Runic Capacitor","ICR:FrostFall","Membership Card","ICR:ChainLightning","BargainBundle"],"campfire_rested":1,"item_purchase_floors":[20,30,36,48,53],"current_hp_per_floor":[75,75,75,75,75,64,64,64,64,49,49,49,49,45,45,28,80,52,25,25,25,20,44,39,39,39,39,39,31,31,35,35,42,80,71,71,71,71,71,55,60,60,60,67,67,74,74,74,74,36,80,80,80,57,20],"gold":248,"neow_bonus":"DEFECT_WARDEN","is_daily":false,"chose_seed":false,"campfire_upgraded":6,"win_rate":0.0,"timestamp":1612589643,"path_taken":["M","M","?","?","M","E","?","$","T","M","?","M","R","E","R","BOSS","M","M","$","?","M","R","M","R","T","?","R","M","?","?","R","BOSS","M","$","?","?","M","M","?","?","T","M","R","E","?","$","R","BOSS","R","$","E","BOSS"],"items_purchased_type":["Relic","Card","Relic","Card","Relic"],"build_version":"2020-12-22","purchased_purges":6,"victory":true,"max_hp_per_floor":[75,75,75,75,75,75,75,75,75,75,75,75,75,75,75,75,80,80,80,80,80,80,80,80,80,80,80,80,80,80,80,80,80,80,80,80,80,80,80,80,80,80,80,80,80,80,80,80,80,80,80,80,80,80,80],"card_choices":[{"not_picked":["Rebound","FTL","Consume"],"picked":"SKIP","floor":1},{"not_picked":["Hello World","Turbo","Stack"],"picked":"SKIP","floor":2},{"not_picked":["Rebound","Turbo"],"picked":"Ball Lightning","floor":5},{"not_picked":["ReplayTheSpireMod:Repulse","Seek"],"picked":"Defragment","floor":6},{"not_picked":["TH:CursedSword","TH:DeckOfManyThings"],"picked":"SKIP","floor":6},{"not_picked":["Rebound","Crystallizer","Streamline"],"picked":"SKIP","floor":7},{"not_picked":["TH:CopperCoins","TH:TreasureMap"],"picked":"SKIP","floor":9},{"not_picked":["Coolheaded","Stack","Lockon"],"picked":"SKIP","floor":10},{"not_picked":["BasicCrystalCard","Skim","Panic Button"],"picked":"SKIP","floor":12},{"not_picked":["ReplaySolidLightProjector","Compile Driver"],"picked":"Defragment","floor":14},{"not_picked":["TH:DeckOfManyThings","TH:Mimic"],"picked":"SKIP","floor":14},{"not_picked":["Reboot","ReplayTheSpireMod:Fabricate Wheel"],"picked":"Fission","floor":16},{"not_picked":["Cold Snap+1","Storm","Coolheaded"],"picked":"SKIP","floor":18},{"not_picked":["ReplayTheSpireMod:Calculation Training","Time Bomb"],"picked":"Self Repair","floor":19},{"not_picked":["TH:PixieDust","TH:BikiniMail"],"picked":"SKIP","floor":21},{"not_picked":["Go for the Eyes","Streamline"],"picked":"Crystallizer+1","floor":22},{"not_picked":["Rebound","Beam Cell"],"picked":"FIFO Queue","floor":24},{"not_picked":["TH:Mimic","TH:PixieDust"],"picked":"SKIP","floor":26},{"not_picked":["Compile Driver+1","Static Discharge","Stack"],"picked":"SKIP","floor":29},{"not_picked":["Streamline","Redo","Cold Snap"],"picked":"SKIP","floor":31},{"not_picked":["Multi-Cast","ReplayTheSpireMod:Fabricate Wheel"],"picked":"Thunder Strike","floor":33},{"not_picked":["Heatsinks+1","Rebound+1","Melter+1"],"picked":"SKIP","floor":35},{"not_picked":["TH:CursedSword","TH:ElvenBoots"],"picked":"SKIP","floor":37},{"not_picked":["Gash+1","Rebound+1"],"picked":"ReplayGash+1","floor":39},{"not_picked":["Hologram+1","FTL","Streamline"],"picked":"SKIP","floor":40},{"not_picked":["Hologram+1","Hello World","Reinforced Body"],"picked":"SKIP","floor":41},{"not_picked":["TH:CopperCoins","TH:CursedSword"],"picked":"SKIP","floor":43},{"not_picked":["Streamline+1","Aggregate+1","ReplayTheSpireMod:System Scan+1"],"picked":"SKIP","floor":44},{"not_picked":["Doom and Gloom+1","Conserve Battery"],"picked":"Gash+1","floor":46},{"not_picked":["TH:PixieDust","TH:BikiniMail"],"picked":"SKIP","floor":46},{"not_picked":["TH:CursedSword","TH:PixieDust"],"picked":"SKIP","floor":47},{"not_picked":["TH:BikiniMail","TH:Mimic"],"picked":"SKIP","floor":54},{"not_picked":["Tempest","All For One+1","Compile Driver+1"],"picked":"SKIP","floor":54}],"player_experience":245729,"relics_obtained":[{"floor":3,"key":"Ring of Misfortune"},{"floor":3,"key":"Ring of Greed"},{"floor":3,"key":"Smiling Mask"},{"floor":3,"key":"Tiny Chest"},{"floor":6,"key":"Gremlin Horn"},{"floor":14,"key":"Shuriken"},{"floor":21,"key":"ReplayFunnel"},{"floor":26,"key":"Oddly Smooth Stone"},{"floor":33,"key":"Replay:Rubber Ducky"},{"floor":37,"key":"Spirit Poop"},{"floor":43,"key":"Molten Egg 2"},{"floor":46,"key":"Toy Ornithopter"},{"floor":47,"key":"Unceasing Top"},{"floor":54,"key":"Replay:Bottled Eggs"}],"event_choices":[{"damage_healed":0,"gold_gain":0,"player_choice":"Bought 0 Potions","damage_taken":0,"max_hp_gain":0,"max_hp_loss":0,"event_name":"The Woman in Blue","floor":4,"gold_loss":0},{"damage_healed":0,"gold_gain":175,"player_choice":"AGREE","damage_taken":0,"max_hp_gain":0,"max_hp_loss":0,"event_name":"Liars Game","floor":11,"gold_loss":0,"cards_obtained":["Doubt"]},{"damage_healed":0,"gold_gain":0,"player_choice":"Ignored","damage_taken":0,"max_hp_gain":0,"max_hp_loss":0,"event_name":"Tomb of Lord Red Mask","floor":38,"gold_loss":0},{"cards_removed":["ICR:AutoDefend"],"damage_healed":0,"gold_gain":0,"player_choice":"Removed Skill","damage_taken":0,"max_hp_gain":0,"max_hp_loss":0,"event_name":"Falling","floor":42,"gold_loss":0}],"is_beta":false,"boss_relics":[{"not_picked":["Painkiller Herb","FrozenCore"],"picked":"Tiny House"},{"not_picked":["Fusion Hammer","Pandora\u0027s Box"],"picked":"Inserter"}],"items_purged_floors":[8,20,30,36,48,53],"is_endless":false,"potions_floor_spawned":[5,7,10,16,19,29,31,39,54],"ascension_level":0}}