{"host":"b9sas8jv6tsy9swm","time":1612619818,"event":{"mods":["AchievementEnabler","BaseMod","Minty Spire (QoL Compilation)","Permanent Neow","Quick Restart","Replay The Spire","StSLib"],"gold_per_floor":[360,376,392,257,257,192,192,218,268,268,268,268,129,164,164,268,568,555,430,340,351,369,369,369],"floor_reached":23,"language":"ZHS","playtime":1226,"items_purged":["Strike_R","Regret","Strike_R"],"score":269,"play_id":"449e2806-0076-4f11-a25c-11211a2dca2a","local_time":"20210206215658","is_ascension_mode":true,"campfire_choices":[{"data":"Armaments","floor":7.0,"key":"SMITH"},{"floor":10,"key":"REST"},{"data":"Power Through","floor":15,"key":"SMITH"}],"circlet_count":0,"master_deck":["Strike_R","Strike_R","Strike_R","Defend_R","Defend_R","Defend_R+1","Bash","Armaments+1","Body Slam","Body Slam+1","Seeing Red+1","Power Through+1","Burning Pact","Berserk","CurseOfTheBell","Dark Embrace","Corruption"],"relics":["Burning Blood","ReplayTheSpireMod:Ring of Exchange","Ring of Panic","Chameleon Ring","King of Hearts","Pet Ghost","Pen Nib","Potion Belt","Calling Bell","Blood Vial","Blue Candle","Old Coin"],"acts_visited":["Exordium","TheCity"],"potions_floor_usage":[18,23],"damage_taken":[{"damage":6.0,"enemies":"Cultist","floor":1.0,"turns":3.0},{"damage":4.0,"enemies":"Jaw Worm","floor":2.0,"turns":4.0},{"damage":5.0,"enemies":"Small Slimes","floor":3.0,"turns":4.0},{"damage":53.0,"enemies":"Lagavulin","floor":6.0,"turns":10.0},{"damage":21.0,"enemies":"3 Sentries","floor":8.0,"turns":6.0},{"damage":12,"enemies":"Lagavulin","floor":14,"turns":5},{"damage":6,"enemies":"Hexaghost","floor":16,"turns":8},{"damage":5,"enemies":"2 Thieves","floor":18,"turns":4},{"damage":17,"enemies":"Spheric Guardian","floor":21,"turns":7},{"damage":35,"enemies":"Snecko","floor":22,"turns":6},{"damage":55,"enemies":"Gremlin Leader","floor":23,"turns":4}],"seed_played":"1242756309938836521","potions_obtained":[{"floor":2.0,"key":"Cursed Concoction"},{"floor":3.0,"key":"Reflective Coating"},{"floor":16,"key":"Fire Potion"},{"floor":21,"key":"BloodPotion"},{"floor":22,"key":"Death Potion"}],"is_trial":false,"path_per_floor":["M","M","M","$","?","E","R","E","T","R","?","?","$","E","R","B",null,"M","$","?","M","M","E"],"character_chosen":"IRONCLAD","items_purchased":["Seeing Red+1","Burning Pact"],"campfire_rested":1,"item_purchase_floors":[4,13],"current_hp_per_floor":[72,72,72,72,72,25,25,10,10,31,31,31,31,25,25,25,60,63,63,63,54,27,0,0],"gold":369,"neow_bonus":"TWO_FIFTY_GOLD","is_daily":false,"chose_seed":false,"campfire_upgraded":2,"win_rate":0.0,"timestamp":1612619818,"path_taken":["M","M","M","$","?","E","R","E","T","R","?","?","$","E","R","BOSS","M","$","?","?","M","E"],"items_purchased_type":["Card","Card"],"build_version":"2020-12-22","purchased_purges":3,"victory":false,"max_hp_per_floor":[72,72,72,72,72,72,72,72,72,72,72,72,72,72,72,72,72,72,72,72,72,72,72,72],"card_choices":[{"not_picked":["Clothesline","Evolve"],"picked":"Armaments","floor":1.0},{"not_picked":["Anger","Headbutt"],"picked":"Body Slam","floor":2.0},{"not_picked":["ReplayTheSpireMod:Strike From Hell","Disarm"],"picked":"Body Slam","floor":3.0},{"not_picked":["Hemokinesis","Anger","Seeing Red"],"picked":"SKIP","floor":6.0},{"not_picked":["Battle Trance","True Grit"],"picked":"Power Through","floor":8.0},{"not_picked":["ReplayTheSpireMod:Muscle Training","Power Through","Spot Weakness"],"picked":"SKIP","floor":14},{"not_picked":["Brutality","Reaper"],"picked":"Berserk","floor":16},{"not_picked":["Armaments","Shrug It Off","Heavy Blade+1"],"picked":"SKIP","floor":18},{"not_picked":["Cleave+1","Dropkick"],"picked":"Dark Embrace","floor":21},{"not_picked":["Clothesline","Defy Death"],"picked":"Corruption","floor":22}],"player_experience":366790,"relics_obtained":[{"floor":5.0,"key":"ReplayTheSpireMod:Ring of Exchange"},{"floor":5.0,"key":"Ring of Panic"},{"floor":6.0,"key":"Chameleon Ring"},{"floor":8.0,"key":"King of Hearts"},{"floor":9.0,"key":"Pet Ghost"},{"floor":14,"key":"Potion Belt"},{"floor":17,"key":"Blood Vial"},{"floor":17,"key":"Blue Candle"},{"floor":17,"key":"Old Coin"}],"event_choices":[{"damage_healed":0,"gold_gain":0,"player_choice":"Box","damage_taken":0,"relics_obtained":["Pen Nib"],"max_hp_gain":0,"max_hp_loss":0,"event_name":"Big Fish","floor":12,"gold_loss":0,"cards_obtained":["Regret"]},{"cards_removed":["Defend_R"],"damage_healed":0,"gold_gain":0,"player_choice":"Upgrade and Remove","damage_taken":0,"max_hp_gain":0,"max_hp_loss":0,"event_name":"Designer","floor":20,"gold_loss":90,"cards_upgraded":["Defend_R"]}],"is_beta":false,"boss_relics":[{"not_picked":["Kintsugi","Mark of Pain"],"picked":"Calling Bell"}],"items_purged_floors":[4,13,19],"is_endless":false,"potions_floor_spawned":[2,3,16,21,22],"killed_by":"Gremlin Leader","ascension_level":6}}