{"host":"s5d39dhq0ddhxhke","time":1612627350,"event":{"mods":["AchievementEnabler","BaseMod","Colored Map","Minty Spire (QoL Compilation)","Smile Girya","SuperFastMode"],"gold_per_floor":[118,130,130,146,157,177,203,215,239,66,101,113,125,162,174,260,272,304,341,372,309,321,333,345,357,396,408,420,449,386,415,415,491,491,507,507,561,561,561,561,580,606,606,606,531,40,40,59,59,59],"floor_reached":51,"language":"ENG","playtime":1533,"items_purged":["Strike_R","Strike_R"],"score":1335,"play_id":"bcd53ce0-986a-4bf3-a03e-76629d1762ec","local_time":"20210206180230","is_ascension_mode":true,"campfire_choices":[{"floor":13,"key":"REST"},{"floor":15,"key":"REST"},{"data":"Bludgeon","floor":23,"key":"SMITH"},{"data":"Bludgeon","floor":25,"key":"SMITH"},{"data":"Shockwave","floor":27,"key":"SMITH"},{"floor":32,"key":"REST"},{"data":"Immolate","floor":40,"key":"SMITH"},{"data":"Carnage","floor":44,"key":"SMITH"},{"data":"Heavy Blade","floor":49,"key":"SMITH"}],"circlet_count":0,"master_deck":["AscendersBane","Defend_R","Defend_R","Defend_R","Bash+1","Heavy Blade+1","Carnage+1","Shockwave+1","Bludgeon+1","Bludgeon+1","Second Wind","Reaper","Immolate+1"],"relics":["Snecko Eye","Ginger","Potion Belt","OrangePellets","MawBank","Regal Pillow","Runic Dome","Red Mask","Pear","Art of War","Juzu Bracelet","Black Star","WingedGreaves","Darkstone Periapt","Akabeko","Molten Egg 2","StoneCalendar"],"acts_visited":["Exordium","TheCity","TheBeyond"],"potions_floor_usage":[8,11,19,33,37,37,49,50,50],"damage_taken":[{"damage":7,"enemies":"Jaw Worm","floor":1,"turns":2},{"damage":2,"enemies":"Cultist","floor":2,"turns":4},{"damage":1,"enemies":"2 Louse","floor":4,"turns":3},{"damage":6,"enemies":"Blue Slaver","floor":5,"turns":3},{"damage":1,"enemies":"Looter","floor":6,"turns":2},{"damage":20,"enemies":"Lagavulin","floor":7,"turns":5},{"damage":6,"enemies":"3 Louse","floor":8,"turns":2},{"damage":20,"enemies":"3 Sentries","floor":11,"turns":8},{"damage":15,"enemies":"Lagavulin","floor":14,"turns":3},{"damage":13,"enemies":"Slime Boss","floor":16,"turns":4},{"damage":0,"enemies":"Spheric Guardian","floor":18,"turns":2},{"damage":0,"enemies":"Masked Bandits","floor":19,"turns":2},{"damage":16,"enemies":"2 Thieves","floor":20,"turns":2},{"damage":1,"enemies":"3 Cultists","floor":29,"turns":3},{"damage":24,"enemies":"Slavers","floor":31,"turns":3},{"damage":46,"enemies":"Automaton","floor":33,"turns":6},{"damage":14,"enemies":"3 Shapes","floor":35,"turns":5},{"damage":12,"enemies":"2 Orb Walkers","floor":37,"turns":2},{"damage":4,"enemies":"3 Darklings","floor":41,"turns":2},{"damage":4,"enemies":"Giant Head","floor":42,"turns":4},{"damage":1,"enemies":"Transient","floor":48,"turns":6},{"damage":62,"enemies":"Donu and Deca","floor":50,"turns":5}],"seed_played":"-4508371630674228260","potions_obtained":[{"floor":2,"key":"PowerPotion"},{"floor":4,"key":"BloodPotion"},{"floor":8,"key":"Block Potion"},{"floor":11,"key":"Energy Potion"},{"floor":18,"key":"Ancient Potion"},{"floor":20,"key":"FearPotion"},{"floor":29,"key":"Strength Potion"},{"floor":35,"key":"SkillPotion"},{"floor":37,"key":"Fruit Juice"}],"is_trial":false,"path_per_floor":["M","M","?","M","M","M","E","M","T","$","E","?","R","E","R","B",null,"M","?","M","?","T","R","?","R","T","R","?","M","$","E","R","B",null,"M","?","?","?","?","R","M","E","T","R","?","$","?","M","R","B",null],"character_chosen":"IRONCLAD","items_purchased":["OrangePellets","StoneCalendar","Dexterity Potion"],"campfire_rested":3,"item_purchase_floors":[10,46,46],"current_hp_per_floor":[61,59,59,58,52,51,31,40,40,40,20,20,42,27,64,51,69,69,69,53,53,63,63,63,63,63,63,63,62,62,38,78,42,74,77,77,69,69,69,69,65,69,69,69,69,69,69,80,85,23],"gold":59,"neow_bonus":"BOSS_RELIC","is_daily":false,"chose_seed":false,"campfire_upgraded":6,"win_rate":0.0,"timestamp":1612627350,"path_taken":["M","M","?","M","M","M","E","M","T","?","E","?","R","E","R","BOSS","M","?","M","?","?","R","?","R","T","R","?","M","$","E","R","BOSS","M","?","?","?","?","R","M","E","T","R","?","$","?","M","R","BOSS"],"items_purchased_type":["Relic","Relic","Potion"],"build_version":"2020-12-22","purchased_purges":2,"victory":true,"max_hp_per_floor":[75,75,75,75,75,75,75,75,75,75,75,75,75,75,75,75,75,75,75,75,75,85,85,85,85,85,85,85,85,85,85,85,85,85,85,81,81,81,81,81,81,81,81,81,81,81,81,81,86,86],"card_choices":[{"not_picked":["Armaments","Pummel","Sword Boomerang"],"picked":"SKIP","floor":1},{"not_picked":["Entrench","Anger"],"picked":"Heavy Blade","floor":2},{"not_picked":["Dropkick","Body Slam"],"picked":"Carnage","floor":4},{"not_picked":["Sword Boomerang","Rupture","Headbutt"],"picked":"SKIP","floor":5},{"not_picked":["Pommel Strike","Battle Trance","Clash"],"picked":"SKIP","floor":6},{"not_picked":["Burning Pact","Infernal Blade"],"picked":"Barricade","floor":7},{"not_picked":["Thunderclap","Combust"],"picked":"Shockwave","floor":8},{"not_picked":["Flex","Anger"],"picked":"Bludgeon","floor":11},{"not_picked":["Body Slam","Perfected Strike","Dual Wield"],"picked":"SKIP","floor":14},{"not_picked":["Berserk","Impervious"],"picked":"Bludgeon","floor":16},{"not_picked":["Iron Wave","Perfected Strike","Armaments"],"picked":"SKIP","floor":18},{"not_picked":["Dual Wield","Cleave","Twin Strike"],"picked":"SKIP","floor":20},{"not_picked":["Body Slam","Cleave","Anger"],"picked":"SKIP","floor":29},{"not_picked":["Shockwave","Havoc"],"picked":"Reaper","floor":31},{"not_picked":["Offering","Juggernaut"],"picked":"Immolate","floor":33},{"not_picked":["Whirlwind","Cleave","Twin Strike"],"picked":"SKIP","floor":35},{"not_picked":["Wild Strike","Battle Trance","Shockwave+1"],"picked":"SKIP","floor":41},{"not_picked":["Shrug It Off","Iron Wave","Sentinel"],"picked":"SKIP","floor":42},{"not_picked":["Sentinel","Headbutt+1","Juggernaut"],"picked":"SKIP","floor":48}],"player_experience":481641,"relics_obtained":[{"floor":7,"key":"Ginger"},{"floor":9,"key":"Potion Belt"},{"floor":11,"key":"MawBank"},{"floor":14,"key":"Regal Pillow"},{"floor":19,"key":"Red Mask"},{"floor":22,"key":"Pear"},{"floor":26,"key":"Art of War"},{"floor":31,"key":"Juzu Bracelet"},{"floor":37,"key":"WingedGreaves"},{"floor":42,"key":"Darkstone Periapt"},{"floor":42,"key":"Akabeko"},{"floor":43,"key":"Molten Egg 2"}],"event_choices":[{"damage_healed":0,"gold_gain":0,"player_choice":"Upgraded","damage_taken":0,"max_hp_gain":0,"max_hp_loss":0,"event_name":"Upgrade Shrine","floor":3,"gold_loss":0,"cards_upgraded":["Bash"]},{"damage_healed":0,"gold_gain":0,"player_choice":"Ignored","damage_taken":0,"max_hp_gain":0,"max_hp_loss":0,"event_name":"Shining Light","floor":12,"gold_loss":0},{"damage_healed":0,"gold_gain":0,"player_choice":"Fought Bandits","damage_taken":0,"max_hp_gain":0,"max_hp_loss":0,"event_name":"Masked Bandits","floor":19,"gold_loss":0},{"cards_removed":["Strike_R"],"damage_healed":0,"gold_gain":0,"player_choice":"Gave Gold","damage_taken":0,"max_hp_gain":0,"max_hp_loss":0,"event_name":"Beggar","floor":21,"gold_loss":75},{"damage_healed":0,"gold_gain":0,"cards_transformed":["Strike_R","Defend_R"],"player_choice":"Became Test Subject","damage_taken":0,"max_hp_gain":0,"max_hp_loss":0,"event_name":"Drug Dealer","floor":24,"gold_loss":0,"cards_obtained":["Clash","Second Wind"]},{"cards_removed":["Clash"],"damage_healed":0,"gold_gain":0,"player_choice":"Elegance","damage_taken":0,"max_hp_gain":0,"max_hp_loss":0,"event_name":"Back to Basics","floor":28,"gold_loss":0},{"damage_healed":0,"gold_gain":0,"player_choice":"Max HP","damage_taken":0,"max_hp_gain":0,"max_hp_loss":4,"event_name":"Winding Halls","floor":36,"gold_loss":0},{"damage_healed":0,"gold_gain":0,"player_choice":"Fight","damage_taken":0,"max_hp_gain":0,"max_hp_loss":0,"event_name":"Mysterious Sphere","floor":37,"gold_loss":0},{"damage_healed":0,"gold_gain":0,"player_choice":"Ignored","damage_taken":0,"max_hp_gain":0,"max_hp_loss":0,"event_name":"Tomb of Lord Red Mask","floor":38,"gold_loss":0},{"damage_healed":0,"gold_gain":0,"player_choice":"Memory 1","damage_taken":0,"max_hp_gain":0,"max_hp_loss":0,"event_name":"SensoryStone","floor":39,"gold_loss":0},{"cards_removed":["Strike_R"],"damage_healed":0,"gold_gain":0,"player_choice":"Single Remove","damage_taken":0,"max_hp_gain":0,"max_hp_loss":0,"event_name":"Designer","floor":45,"gold_loss":75},{"cards_removed":["Barricade"],"damage_healed":0,"gold_gain":0,"player_choice":"Removed Power","damage_taken":0,"max_hp_gain":0,"max_hp_loss":0,"event_name":"Falling","floor":47,"gold_loss":0}],"is_beta":false,"boss_relics":[{"not_picked":["Ectoplasm","Tiny House"],"picked":"Runic Dome"},{"not_picked":["Cursed Key","Coffee Dripper"],"picked":"Black Star"}],"items_purged_floors":[30,46],"is_endless":false,"potions_floor_spawned":[2,4,8,11,18,20,29,35,37],"ascension_level":19}}