{"host":"x039aayur7qovk2d","time":1612604123,"event":{"mods":["AchievementEnabler","BaseMod","Block Reminder","Colored Map","Colored Powertips","DeckTracker","Googly Eyes","Highlight Path","Minty Spire (QoL Compilation)","Permanent Neow","Quick Restart","Rare Cards Sparkle","Relic Sorter","Relic Stats"],"gold_per_floor":[119,137,151,151,165,198,215,215,215,234,250,250,279,53,53,151,151,166,180,200,125,125,153,153,153,153,163,163,163,163],"floor_reached":29,"language":"ENG","playtime":2333,"items_purged":["Regret"],"score":284,"play_id":"5efb0415-a4b1-41e7-92bb-3fbb758653e3","local_time":"20210206013523","is_ascension_mode":false,"campfire_choices":[{"data":"Rage","floor":8,"key":"SMITH"},{"data":"Armaments","floor":12,"key":"SMITH"},{"data":"Perfected Strike","floor":15,"key":"SMITH"},{"data":"Demon Form","floor":24,"key":"SMITH"},{"floor":28,"key":"REST"}],"circlet_count":0,"master_deck":["Strike_R","Strike_R","Defend_R","Defend_R","Defend_R","Bash","Rage+1","Clothesline","Ghostly Armor","Twin Strike","Dropkick","Demon Form+1","Clash","Armaments+1","Twin Strike","Pommel Strike","Shrug It Off","Perfected Strike+1","Iron Wave","Anger","Limit Break","Bludgeon","Rampage+1"],"relics":["Burning Blood","Pantograph","Oddly Smooth Stone","Singing Bowl","Mango","Orrery","Empty Cage","Shuriken","Letter Opener"],"acts_visited":["Exordium","TheCity"],"potions_floor_usage":[6,6,11,13,16,20,25,29],"damage_taken":[{"damage":0,"enemies":"Small Slimes","floor":1,"turns":4},{"damage":3,"enemies":"2 Louse","floor":2,"turns":3},{"damage":5,"enemies":"Jaw Worm","floor":3,"turns":4},{"damage":10,"enemies":"Blue Slaver","floor":5,"turns":4},{"damage":17,"enemies":"Lagavulin","floor":6,"turns":5},{"damage":14,"enemies":"2 Fungi Beasts","floor":7,"turns":5},{"damage":7,"enemies":"Looter","floor":10,"turns":3},{"damage":10,"enemies":"Large Slime","floor":11,"turns":10},{"damage":32,"enemies":"Gremlin Nob","floor":13,"turns":5},{"damage":32,"enemies":"Hexaghost","floor":16,"turns":9},{"damage":10,"enemies":"Spheric Guardian","floor":18,"turns":4},{"damage":5,"enemies":"3 Byrds","floor":19,"turns":7},{"damage":37,"enemies":"Snecko","floor":20,"turns":6},{"damage":41,"enemies":"Slavers","floor":23,"turns":7},{"damage":0,"enemies":"Shelled Parasite and Fungi","floor":25,"turns":1},{"damage":32,"enemies":"Sentry and Sphere","floor":27,"turns":7},{"damage":55,"enemies":"Masked Bandits","floor":29,"turns":6}],"seed_played":"-2859148542351777501","potions_obtained":[{"floor":2,"key":"BlessingOfTheForge"},{"floor":3,"key":"LiquidMemories"},{"floor":6,"key":"Dexterity Potion"},{"floor":7,"key":"LiquidBronze"},{"floor":10,"key":"ColorlessPotion"},{"floor":16,"key":"GamblersBrew"},{"floor":18,"key":"SmokeBomb"},{"floor":19,"key":"Fruit Juice"}],"is_trial":false,"path_per_floor":["M","M","M","?","M","E","M","R","T","M","M","R","E","$","R","B",null,"M","M","M","?","?","E","R","M","T","M","R","?"],"character_chosen":"IRONCLAD","items_purchased":["Orrery"],"campfire_rested":1,"item_purchase_floors":[14],"current_hp_per_floor":[80,80,80,80,76,65,57,57,57,56,52,52,40,42,42,41,96,94,97,73,73,73,40,40,46,46,20,52,0,0],"gold":163,"neow_bonus":"TRANSFORM_CARD","is_daily":false,"chose_seed":false,"campfire_upgraded":4,"win_rate":0.0,"timestamp":1612604123,"path_taken":["M","M","M","?","M","E","M","R","T","M","M","R","E","$","R","BOSS","M","M","M","?","?","E","R","M","T","M","R","?"],"items_purchased_type":["Relic"],"build_version":"2020-12-22","purchased_purges":1,"victory":false,"max_hp_per_floor":[80,80,80,80,80,80,80,80,80,80,80,80,94,96,96,96,96,98,100,107,107,107,109,109,109,109,109,109,109,109],"relic_stats":{"Singing Bowl":10,"counters":[17,90],"Shuriken":[1],"Pantograph":25,"Letter Opener":[5],"obtain_stats":[{"Singing Bowl":9,"Shuriken":23,"Pantograph":4,"Oddly Smooth Stone":6,"Orrery":14,"Mango":13,"Letter Opener":26,"Empty Cage":17,"Burning Blood":0},{"Singing Bowl":6,"Shuriken":14,"Pantograph":3,"Oddly Smooth Stone":5,"Orrery":9,"Mango":9,"Letter Opener":15,"Empty Cage":10,"Burning Blood":0},{"Singing Bowl":25,"Shuriken":76,"Pantograph":11,"Oddly Smooth Stone":20,"Orrery":43,"Mango":43,"Letter Opener":77,"Empty Cage":52,"Burning Blood":0}],"Burning Blood":86},"card_choices":[{"not_picked":["Warcry","Heavy Blade"],"picked":"Clothesline","floor":1},{"not_picked":["Blood for Blood","Combust"],"picked":"Ghostly Armor","floor":2},{"not_picked":["Metallicize","Shockwave"],"picked":"Twin Strike","floor":3},{"not_picked":["Thunderclap","Flex"],"picked":"Dropkick","floor":5},{"not_picked":["Thunderclap","Twin Strike"],"picked":"Demon Form","floor":6},{"not_picked":["Rupture","Rampage"],"picked":"Clash","floor":7},{"not_picked":["Searing Blow","Sword Boomerang"],"picked":"Armaments","floor":10},{"not_picked":["Sword Boomerang","Armaments"],"picked":"Twin Strike","floor":11},{"not_picked":["Uppercut","Metallicize"],"picked":"Pommel Strike","floor":13},{"not_picked":["Thunderclap","True Grit"],"picked":"Shrug It Off","floor":14},{"not_picked":["True Grit","Thunderclap"],"picked":"Perfected Strike","floor":14},{"not_picked":["Wild Strike","Shockwave"],"picked":"Iron Wave","floor":14},{"not_picked":["Intimidate","Headbutt","Berserk"],"picked":"Singing Bowl","floor":14},{"not_picked":["Sever Soul","Wild Strike"],"picked":"Anger","floor":14},{"not_picked":["Berserk","Juggernaut"],"picked":"Limit Break","floor":16},{"not_picked":["Sword Boomerang","Power Through","Clothesline"],"picked":"Singing Bowl","floor":18},{"not_picked":["Body Slam+1","Infernal Blade","Iron Wave+1"],"picked":"Singing Bowl","floor":19},{"not_picked":["Rupture","Flex+1","Perfected Strike"],"picked":"Singing Bowl","floor":20},{"not_picked":["Disarm+1","Body Slam+1","Ghostly Armor+1"],"picked":"Singing Bowl","floor":23},{"not_picked":["Infernal Blade","Twin Strike"],"picked":"Rampage+1","floor":27}],"player_experience":108202,"relics_obtained":[{"floor":6,"key":"Oddly Smooth Stone"},{"floor":9,"key":"Singing Bowl"},{"floor":13,"key":"Mango"},{"floor":23,"key":"Shuriken"},{"floor":26,"key":"Letter Opener"}],"event_choices":[{"damage_healed":0,"gold_gain":0,"player_choice":"Box","damage_taken":0,"relics_obtained":["Pantograph"],"max_hp_gain":0,"max_hp_loss":0,"event_name":"Big Fish","floor":4,"gold_loss":0,"cards_obtained":["Regret"]},{"cards_removed":["Strike_R"],"damage_healed":0,"gold_gain":0,"player_choice":"Gave Gold","damage_taken":0,"max_hp_gain":0,"max_hp_loss":0,"event_name":"Beggar","floor":21,"gold_loss":75},{"damage_healed":0,"gold_gain":0,"player_choice":"Read","damage_taken":0,"max_hp_gain":0,"max_hp_loss":0,"event_name":"The Library","floor":22,"gold_loss":0,"cards_obtained":["Bludgeon"]},{"damage_healed":0,"gold_gain":0,"player_choice":"Fought Bandits","damage_taken":0,"max_hp_gain":0,"max_hp_loss":0,"event_name":"Masked Bandits","floor":29,"gold_loss":0}],"is_beta":false,"boss_relics":[{"not_picked":["Pandora\u0027s Box","SacredBark"],"picked":"Empty Cage"}],"items_purged_floors":[14],"is_endless":false,"potions_floor_spawned":[2,3,6,7,10,16,18,19],"killed_by":"Masked Bandits","ascension_level":0}}