{"host":"hk8h5m78tw5lh695","time":1612601489,"event":{"mods":["AchievementEnabler","BaseMod","Beaked The Cultist","Bestiary","Colored Map","Colored Powertips","Downfall","Hermit","Highlight Path","JesterMod","Jorbs\u0027s Wanderer Trilogy","Koishi","Marisa????????","Minty Spire (QoL Compilation)","Prisma Mod","Robot Space Explorer","StSLib","The Blackbeard","The Bug Knight","The Construct","The Disciple","The Forsaken","The Gatherer","The Hayseed","The Mystic","The Necromancer","The Poker Player","The Runesmith","The Senshi","The Servant 0.9.4","TheVacant"],"gold_per_floor":[119,139,152,164,164,191,191,208,254,270,270,280,212,222,222,327,327,346,346,67,81,91,91,123,123,171,217,217,492,290,305,305,410,410,459,527,330,382,392,392,425,425,425,425,444,444,484,528,528,528],"floor_reached":51,"language":"ENG","playtime":4193,"items_purged":["Regret","Decay"],"score":771,"play_id":"44ff5024-5cb2-48d6-a98c-5a9cc2c6c725","local_time":"20210206035129","is_ascension_mode":false,"campfire_choices":[{"floor":7,"key":"REST"},{"floor":15,"key":"REST"},{"data":"Discovery","floor":23,"key":"SMITH"},{"floor":25,"key":"REST"},{"floor":32,"key":"REST"},{"floor":40,"key":"REST"},{"floor":42,"key":"REST"},{"data":"Echo Form","floor":44,"key":"SMITH"},{"floor":49,"key":"REST"}],"circlet_count":0,"master_deck":["PrismaMod:IllyaCommonDefend","PrismaMod:IllyaCommonAttack","PrismaMod:IllyaCommonDefend","PrismaMod:IllyaCommonAttack","PrismaMod:IllyaCommonDefend","PrismaMod:IllyaCommonAttack","PrismaMod:IllyaCommonDefend","PrismaMod:IllyaCommonAttack","PrismaMod:IllyaCommonDefend","PrismaMod:IllyaUncommonAttack","PrismaMod:IllyaUncommonDefend","PrismaMod:IllyaAssassinRevenge","PrismaMod:IllyaCheapChannelDefend","PrismaMod:IllyaPoisoningPhantasm","PrismaMod:IllyaStunPoison","PrismaMod:IllyaAOECommonAttack","PrismaMod:IllyaCommandSeal","PrismaMod:IllyaInstallAlterEgo","PrismaMod:IllyaCheapChannelPoison","PrismaMod:IllyaCarnivalPrismaAstolfo","CurseOfTheBell","PrismaMod:IllyaFeed","Discovery+1","PrismaMod:IllyaPoisonTippedWeapons+1","PrismaMod:IllyaCommandSeal","PrismaMod:IllyaCarnivalDefend","Apotheosis+1","PrismaMod:IllyaCarnivalPrismaAstolfo","Echo Form+1","PrismaMod:IllyaRubysPotion+1","PrismaMod:IllyaBlindPoisonToss","Parasite","PrismaMod:IllyaBlindPoisonToss+1"],"relics":["PrismaMod:PrismaRuby","HollowMod:StagPassRelic","Potion Belt","Calling Bell","Pen Nib","Darkstone Periapt","Turnip","Blood Vial","The Courier","Dream Catcher","HollowMod:PaleOreRelic","beaked:SacredDeck","ClockworkSouvenir","Runesmith:AutoHammer","Gremlin Horn","Pantograph"],"acts_visited":["Exordium","TheCity","TheBeyond"],"potions_floor_usage":[14,16,16,24,50,50,50,50],"damage_taken":[{"damage":2,"enemies":"Jaw Worm","floor":1,"turns":4},{"damage":8,"enemies":"Cultist","floor":2,"turns":5},{"damage":5,"enemies":"2 Louse","floor":3,"turns":4},{"damage":7,"enemies":"Gremlin Gang","floor":4,"turns":9},{"damage":44,"enemies":"Gremlin Nob","floor":6,"turns":7},{"damage":8,"enemies":"3 Louse","floor":8,"turns":5},{"damage":8,"enemies":"2 Fungi Beasts","floor":10,"turns":6},{"damage":8,"enemies":"Gremlin Gang","floor":12,"turns":7},{"damage":5,"enemies":"Lots of Slimes","floor":14,"turns":6},{"damage":8,"enemies":"Hexaghost","floor":16,"turns":11},{"damage":7,"enemies":"Spheric Guardian","floor":18,"turns":5},{"damage":13,"enemies":"Shell Parasite","floor":21,"turns":5},{"damage":21,"enemies":"Centurion and Healer","floor":22,"turns":9},{"damage":62,"enemies":"Slavers","floor":24,"turns":9},{"damage":50,"enemies":"Gremlin Leader","floor":27,"turns":8},{"damage":9,"enemies":"Snake Plant","floor":31,"turns":7},{"damage":19,"enemies":"Champ","floor":33,"turns":16},{"damage":12,"enemies":"Orb Walker","floor":35,"turns":6},{"damage":40,"enemies":"3 Shapes","floor":36,"turns":13},{"damage":23,"enemies":"4 Shapes","floor":39,"turns":18},{"damage":44,"enemies":"Giant Head","floor":41,"turns":10},{"damage":45,"enemies":"Jaw Worm Horde","floor":45,"turns":7},{"damage":37,"enemies":"Maw","floor":47,"turns":10},{"damage":8,"enemies":"Writhing Mass","floor":48,"turns":8},{"damage":94,"enemies":"Awakened One","floor":50,"turns":13}],"seed_played":"3982887691326058394","potions_obtained":[{"floor":1,"key":"BlessingOfTheForge"},{"floor":6,"key":"FearPotion"},{"floor":12,"key":"Fire Potion"},{"floor":14,"key":"Weak Potion"},{"floor":24,"key":"DuplicationPotion"},{"floor":27,"key":"Weak Potion"},{"floor":31,"key":"Block Potion"},{"floor":36,"key":"Explosive Potion"},{"floor":41,"key":"champ:CounterPotion"}],"is_trial":false,"path_per_floor":["M","M","M","M","?","E","R","M","T","M","?","M","$","M","R","B",null,"M","?","$","M","M","R","E","R","T","E","?","?","$","M","R","B",null,"M","M","$","T","M","R","E","R","T","R","M","?","M","M","R","B",null],"character_chosen":"ILLYA","items_purchased":["PrismaMod:IllyaInstallAlterEgo","Blood Vial","PrismaMod:IllyaPoisonTippedWeapons","Regen Potion","Apotheosis","ClockworkSouvenir"],"campfire_rested":7,"item_purchase_floors":[13,20,20,20,30,37],"current_hp_per_floor":[80,72,67,60,60,16,40,32,32,24,24,16,16,14,38,33,82,75,75,75,75,61,61,32,57,57,30,36,42,42,48,77,83,99,95,83,83,83,77,101,85,106,106,106,72,72,67,89,117,74],"gold":528,"neow_bonus":"TEN_PERCENT_HP_BONUS","is_daily":false,"chose_seed":false,"campfire_upgraded":2,"win_rate":0.0,"timestamp":1612601489,"path_taken":["M","M","M","M","?","E","R","M","T","?","?","M","$","M","R","BOSS","M","?","$","?","M","R","E","R","T","E","?","?","$","M","R","BOSS","M","?","$","?","M","R","E","R","T","R","M","?","M","M","R","BOSS"],"items_purchased_type":["Card","Relic","Card","Potion","Card","Relic"],"build_version":"2020-12-22","purchased_purges":2,"victory":true,"max_hp_per_floor":[82,82,82,82,82,82,82,82,82,82,82,82,82,82,82,82,82,82,82,82,84,84,84,84,84,84,84,90,96,96,99,99,99,99,99,99,99,99,101,101,106,106,106,106,109,109,111,117,117,120],"card_choices":[{"not_picked":["PrismaMod:IllyaUncommonEvoke","PrismaMod:IllyaFriendMaker"],"picked":"PrismaMod:IllyaAssassinRevenge","floor":1},{"not_picked":["PrismaMod:IllyaUpgradeOrbs","PrismaMod:IllyaAssassinRevenge"],"picked":"PrismaMod:IllyaCheapChannelDefend","floor":2},{"not_picked":["PrismaMod:IllyaMinorReinForce","PrismaMod:IllyaHassanGift"],"picked":"PrismaMod:IllyaPoisoningPhantasm","floor":3},{"not_picked":["PrismaMod:IllyaEvokeAll","PrismaMod:IllyaPartialInstallAssassin","PrismaMod:IllyaGrailKun"],"picked":"SKIP","floor":4},{"not_picked":["PrismaMod:IllyaCheapChannelAttack","PrismaMod:IllyaUberPoisonChannel"],"picked":"PrismaMod:IllyaStunPoison","floor":6},{"not_picked":["PrismaMod:IllyaUpgradeOrbs","PrismaMod:IllyaUberPoisonBlock","PrismaMod:IllyaMinorRapidFire"],"picked":"SKIP","floor":8},{"not_picked":["PrismaMod:IllyaMinorZwei","PrismaMod:IllyaSaphire"],"picked":"PrismaMod:IllyaAOECommonAttack","floor":10},{"not_picked":["PrismaMod:IllyaGrailKun","PrismaMod:IllyaPoisoningPhantasm"],"picked":"PrismaMod:IllyaCommandSeal","floor":12},{"not_picked":["PrismaMod:IllyaFriendMaker","PrismaMod:IllyaCommonEvoke"],"picked":"PrismaMod:IllyaCheapChannelPoison","floor":14},{"not_picked":["PrismaMod:IllyaInstallAlterEgo","PrismaMod:IllyaInstallRider"],"picked":"PrismaMod:IllyaCarnivalPrismaAstolfo","floor":16},{"not_picked":["PrismaMod:IllyaStunPoison","PrismaMod:IllyaTestament"],"picked":"PrismaMod:IllyaFeed","floor":18},{"not_picked":["PrismaMod:IllyaPoisoningPhantasm","PrismaMod:IllyaGrail","PrismaMod:IllyaStunPoison"],"picked":"SKIP","floor":21},{"not_picked":["PrismaMod:IllyaSaphire","PrismaMod:IllyaUncommonEvoke+1"],"picked":"PrismaMod:IllyaCommandSeal","floor":22},{"not_picked":["PrismaMod:IllyaAssassinRevenge","PrismaMod:IllyaMinorZwei"],"picked":"PrismaMod:IllyaCarnivalDefend","floor":24},{"not_picked":["PrismaMod:IllyaCarnivalDefend","PrismaMod:IllyaGrail","PrismaMod:IllyaGun"],"picked":"SKIP","floor":27},{"not_picked":["PrismaMod:IllyaGun","PrismaMod:IllyaMinorRapidFire","PrismaMod:IllyaHassanGift"],"picked":"SKIP","floor":31},{"not_picked":["PrismaMod:IllyaInstallMoonCancer","PrismaMod:IllyaCarnivalAttack"],"picked":"PrismaMod:IllyaCarnivalPrismaAstolfo","floor":33},{"not_picked":["PrismaMod:IllyaAssassinRevenge+1","PrismaMod:IllyaPoisonBlock"],"picked":"PrismaMod:IllyaRubysPotion+1","floor":35},{"not_picked":["PrismaMod:IllyaGrailKun","PrismaMod:IllyaTestament"],"picked":"PrismaMod:IllyaBlindPoisonToss","floor":36},{"not_picked":["PrismaMod:IllyaPoisoningPhantasm","PrismaMod:IllyaCheapAttack","PrismaMod:IllyaGrailKun"],"picked":"SKIP","floor":39},{"not_picked":["PrismaMod:IllyaPartialInstallAssassin+1","PrismaMod:IllyaUncommonEvoke+1","PrismaMod:IllyaCheapChannelDefend+1"],"picked":"SKIP","floor":41},{"not_picked":["PrismaMod:IllyaPoisonTippedWeapons","PrismaMod:IllyaCommonEvoke","PrismaMod:IllyaCarnivalDefend"],"picked":"SKIP","floor":45},{"not_picked":["PrismaMod:IllyaMaid","PrismaMod:IllyaRussianRoulette","PrismaMod:IllyaCommonEvoke"],"picked":"SKIP","floor":47},{"not_picked":["PrismaMod:IllyaAOECommonAttack","PrismaMod:IllyaMaid+1"],"picked":"PrismaMod:IllyaBlindPoisonToss+1","floor":48}],"player_experience":171707,"relics_obtained":[{"floor":6,"key":"HollowMod:StagPassRelic"},{"floor":9,"key":"Potion Belt"},{"floor":17,"key":"Pen Nib"},{"floor":17,"key":"Darkstone Periapt"},{"floor":17,"key":"Turnip"},{"floor":24,"key":"The Courier"},{"floor":26,"key":"Dream Catcher"},{"floor":27,"key":"HollowMod:PaleOreRelic"},{"floor":38,"key":"Runesmith:AutoHammer"},{"floor":41,"key":"Gremlin Horn"},{"floor":43,"key":"Pantograph"}],"event_choices":[{"cards_removed":["PrismaMod:IllyaCommonAttack"],"damage_healed":0,"gold_gain":0,"player_choice":"Purged","damage_taken":0,"max_hp_gain":0,"max_hp_loss":0,"event_name":"Purifier","floor":5,"gold_loss":0},{"damage_healed":0,"gold_gain":0,"player_choice":"Ignored","damage_taken":0,"max_hp_gain":0,"max_hp_loss":0,"event_name":"Golden Wing","floor":11,"gold_loss":0},{"damage_healed":0,"gold_gain":0,"player_choice":"1 cards matched","damage_taken":0,"max_hp_gain":0,"max_hp_loss":0,"event_name":"Match and Keep!","floor":19,"gold_loss":0,"cards_obtained":["Discovery"]},{"damage_healed":0,"gold_gain":0,"player_choice":"Smashed Altar","damage_taken":0,"max_hp_gain":0,"max_hp_loss":0,"event_name":"Forgotten Altar","floor":28,"gold_loss":0,"cards_obtained":["Decay"]},{"damage_healed":0,"gold_gain":275,"player_choice":"Desecrate","damage_taken":0,"max_hp_gain":0,"max_hp_loss":0,"event_name":"Golden Shrine","floor":29,"gold_loss":0,"cards_obtained":["Regret"]},{"damage_healed":0,"gold_gain":0,"player_choice":"Ignored","damage_taken":0,"max_hp_gain":0,"max_hp_loss":0,"event_name":"SecretPortal","floor":46,"gold_loss":0}],"is_beta":false,"boss_relics":[{"not_picked":["Snecko Eye","Pandora\u0027s Box"],"picked":"Calling Bell"},{"not_picked":["Busted Crown","Runesmith:UraniumAnvil"],"picked":"beaked:SacredDeck"}],"items_purged_floors":[30,37],"is_endless":false,"potions_floor_spawned":[1,6,12,14,24,27,31,36,41],"ascension_level":0}}