{"host":"April","time":1612579358,"event":{"mods":["BaseMod","Minty Spire (QoL Compilation)"],"gold_per_floor":[111,111,24,41,54,89,101,132,132,167,167,182,457,467,467,567,567,582,7,7,17,33,33,62,26,79,79,79,109,109,109,109,208,208,222,242,292,292,342,376,376,389,463,491,502,46,76,76,76],"floor_reached":48,"language":"ENG","playtime":4384,"items_purged":["Decay"],"score":710,"play_id":"31755da5-ba0a-4b88-8f57-dbb657bf43c6","local_time":"20210205184238","is_ascension_mode":true,"campfire_choices":[{"floor":11.0,"key":"REST"},{"floor":15.0,"key":"DIG"},{"floor":23.0,"key":"DIG"},{"floor":27.0,"key":"REST"},{"floor":30.0,"key":"DIG"},{"floor":32.0,"key":"REST"},{"floor":41.0,"key":"REST"}],"circlet_count":0,"master_deck":["Strike_G","Strike_G","Strike_G","Strike_G","Strike_G","Defend_G","Defend_G","Defend_G","Defend_G","Defend_G","Survivor","Neutralize","Corpse Explosion","Catalyst","Noxious Fumes","Poisoned Stab","Dagger Throw","Riddle With Holes","Night Terror+1","Poisoned Stab","Leg Sweep","Escape Plan","Backflip","Cloak And Dagger","Adrenaline","Poisoned Stab","Apotheosis+1","Envenom","Blur","Slice+1","Expertise+1","Finisher","Flying Knee","Noxious Fumes","Doppelganger","Panacea","Master of Strategy","PiercingWail+1","Well Laid Plans","Trip","Flechettes+1","Predator+1","Outmaneuver"],"relics":["Ring of the Serpent","Darkstone Periapt","Shovel","Bottled Flame","Ornamental Fan","Potion Belt","Busted Crown","Singing Bowl","Orrery","Regal Pillow","White Beast Statue","War Paint","Red Mask","Nunchaku","Turnip","The Specimen","Shuriken","Kunai","Molten Egg 2","Bottled Tornado"],"acts_visited":["Exordium","TheCity","TheBeyond"],"potions_floor_usage":[],"damage_taken":[{"damage":7.0,"enemies":"Jaw Worm","floor":1.0,"turns":5.0},{"damage":0.0,"enemies":"2 Louse","floor":4.0,"turns":3.0},{"damage":0.0,"enemies":"Cultist","floor":5.0,"turns":3.0},{"damage":15.0,"enemies":"Lagavulin","floor":6.0,"turns":6.0},{"damage":0.0,"enemies":"Large Slime","floor":7.0,"turns":5.0},{"damage":30.0,"enemies":"Gremlin Nob","floor":8.0,"turns":5.0},{"damage":10.0,"enemies":"Lagavulin","floor":10.0,"turns":7.0},{"damage":2.0,"enemies":"Red Slaver","floor":12.0,"turns":3.0},{"damage":6.0,"enemies":"Exordium Wildlife","floor":14.0,"turns":4.0},{"damage":23.0,"enemies":"Hexaghost","floor":16.0,"turns":13.0},{"damage":15.0,"enemies":"Shell Parasite","floor":18.0,"turns":5.0},{"damage":8.0,"enemies":"2 Thieves","floor":21.0,"turns":4.0},{"damage":6.0,"enemies":"Chosen and Byrds","floor":22.0,"turns":6.0},{"damage":42.0,"enemies":"Slavers","floor":24.0,"turns":4.0},{"damage":40.0,"enemies":"Masked Bandits","floor":29.0,"turns":4.0},{"damage":53.0,"enemies":"Champ","floor":33.0,"turns":11.0},{"damage":3.0,"enemies":"Orb Walker","floor":35.0,"turns":4.0},{"damage":3.0,"enemies":"3 Darklings","floor":36.0,"turns":3.0},{"damage":18.0,"enemies":"2 Orb Walkers","floor":37.0,"turns":4.0},{"damage":0.0,"enemies":"Mind Bloom Boss Battle","floor":39.0,"turns":5.0},{"damage":54.0,"enemies":"Reptomancer","floor":40.0,"turns":7.0},{"damage":0.0,"enemies":"4 Shapes","floor":42.0,"turns":5.0},{"damage":5.0,"enemies":"Giant Head","floor":44.0,"turns":6.0},{"damage":0.0,"enemies":"Sphere and 2 Shapes","floor":45.0,"turns":5.0},{"damage":6.0,"enemies":"Reptomancer","floor":47.0,"turns":6.0},{"damage":0,"enemies":"Maw","floor":48,"turns":1}],"seed_played":"2830930101498046661","potions_obtained":[{"floor":1.0,"key":"Block Potion"},{"floor":4.0,"key":"ColorlessPotion"},{"floor":5.0,"key":"Swift Potion"},{"floor":14.0,"key":"Weak Potion"},{"floor":16.0,"key":"Strength Potion"},{"floor":18.0,"key":"Swift Potion"},{"floor":22.0,"key":"Fire Potion"},{"floor":29.0,"key":"Energy Potion"},{"floor":33.0,"key":"Explosive Potion"},{"floor":35.0,"key":"DuplicationPotion"},{"floor":36.0,"key":"Strength Potion"},{"floor":37.0,"key":"Swift Potion"},{"floor":39.0,"key":"Swift Potion"},{"floor":40.0,"key":"LiquidMemories"},{"floor":42.0,"key":"Poison Potion"},{"floor":44.0,"key":"LiquidMemories"},{"floor":45.0,"key":"SneckoOil"},{"floor":47.0,"key":"Swift Potion"}],"is_trial":false,"path_per_floor":["M","?","$","M","M","E","M","E","T","E","R","M","?","M","R","B",null,"M","$","?","M","M","R","E","$","T","R","?","?","R","?","R","B",null,"M","M","?","?","?","E","R","M","T","E","M","$","E","M"],"character_chosen":"THE_SILENT","items_purchased":["Noxious Fumes","Poisoned Stab","Singing Bowl","Apotheosis","Orrery","Noxious Fumes","Well Laid Plans","Trip","Flechettes+1","Predator+1","Outmaneuver","SpeedPotion"],"campfire_rested":4,"item_purchase_floors":[3,3,19,19,19,25,46,46,46,46,46,46],"current_hp_per_floor":[63,63,63,63,63,48,48,18,18,8,29,27,33,27,27,4,76,61,61,61,55,49,49,9,9,9,48,48,10,10,16,57,4,88,87,86,70,62,64,12,57,59,59,56,56,56,52,52,52],"gold":76,"neow_bonus":"THREE_RARE_CARDS","is_daily":false,"chose_seed":false,"campfire_upgraded":0,"win_rate":0.0,"timestamp":1612579358,"path_taken":["M","?","$","M","M","E","M","E","T","E","R","M","?","?","R","BOSS","M","$","?","?","M","R","E","$","T","R","?","?","R","?","R","BOSS","M","M","?","?","?","E","R","M","T","E","M","$","E","M"],"items_purchased_type":["Card","Card","Relic","Card","Relic","Card","Card","Card","Card","Card","Card","Potion"],"build_version":"2020-12-18","purchased_purges":1,"victory":false,"max_hp_per_floor":[70,70,70,70,70,70,70,70,70,70,70,70,76,76,76,76,76,76,76,76,78,78,78,80,80,80,80,80,82,82,88,88,88,88,90,92,94,96,98,100,100,102,102,104,104,104,106,106,106],"card_choices":[{"not_picked":["Burst","After Image"],"picked":"Corpse Explosion","floor":0.0},{"not_picked":["Sucker Punch","Quick Slash"],"picked":"Catalyst","floor":1.0},{"not_picked":["Underhanded Strike","Sucker Punch"],"picked":"Dagger Throw","floor":4.0},{"not_picked":["Infinite Blades","Setup"],"picked":"Riddle With Holes","floor":5.0},{"not_picked":["Leg Sweep","Quick Slash"],"picked":"Night Terror","floor":6.0},{"not_picked":["Bane","Masterful Stab"],"picked":"Poisoned Stab","floor":7.0},{"not_picked":["Flechettes","Quick Slash"],"picked":"Leg Sweep","floor":8.0},{"not_picked":["Slice","Deadly Poison"],"picked":"Escape Plan","floor":10.0},{"not_picked":["Acrobatics","Predator"],"picked":"Backflip","floor":12.0},{"not_picked":["Slice","Dodge and Roll"],"picked":"Cloak And Dagger","floor":14.0},{"not_picked":["Storm of Steel","Phantasmal Killer"],"picked":"Adrenaline","floor":16.0},{"not_picked":[],"picked":"Poisoned Stab","floor":18.0},{"not_picked":[],"picked":"Envenom","floor":19.0},{"not_picked":[],"picked":"Blur","floor":19.0},{"not_picked":[],"picked":"Slice+1","floor":19.0},{"not_picked":[],"picked":"Expertise+1","floor":19.0},{"not_picked":[],"picked":"Finisher","floor":19.0},{"not_picked":["Dodge and Roll"],"picked":"Singing Bowl","floor":21.0},{"not_picked":[],"picked":"Flying Knee","floor":22.0},{"not_picked":["Accuracy"],"picked":"Singing Bowl","floor":24.0},{"not_picked":["Bane"],"picked":"Singing Bowl","floor":29.0},{"not_picked":[],"picked":"Doppelganger","floor":33.0},{"not_picked":["Blade Dance"],"picked":"Singing Bowl","floor":35.0},{"not_picked":["Poisoned Stab"],"picked":"Singing Bowl","floor":36.0},{"not_picked":["Slice"],"picked":"Singing Bowl","floor":37.0},{"not_picked":[],"picked":"Panacea","floor":38.0},{"not_picked":["Madness"],"picked":"Singing Bowl","floor":38.0},{"not_picked":[],"picked":"Master of Strategy","floor":38.0},{"not_picked":["Blade Dance"],"picked":"Singing Bowl","floor":39.0},{"not_picked":["Corpse Explosion"],"picked":"Singing Bowl","floor":40.0},{"not_picked":["Outmaneuver"],"picked":"Singing Bowl","floor":42.0},{"not_picked":["Finisher+1"],"picked":"Singing Bowl","floor":44.0},{"not_picked":[],"picked":"PiercingWail+1","floor":45.0},{"not_picked":["Slice+1"],"picked":"Singing Bowl","floor":47.0}],"player_experience":2628234,"relics_obtained":[{"floor":6.0,"key":"Darkstone Periapt"},{"floor":8.0,"key":"Shovel"},{"floor":9.0,"key":"Bottled Flame"},{"floor":10.0,"key":"Ornamental Fan"},{"floor":15.0,"key":"Potion Belt"},{"floor":23.0,"key":"Regal Pillow"},{"floor":24.0,"key":"White Beast Statue"},{"floor":26.0,"key":"War Paint"},{"floor":29.0,"key":"Red Mask"},{"floor":30.0,"key":"Nunchaku"},{"floor":37.0,"key":"Turnip"},{"floor":39.0,"key":"The Specimen"},{"floor":40.0,"key":"Shuriken"},{"floor":43.0,"key":"Kunai"},{"floor":44.0,"key":"Molten Egg 2"},{"floor":47.0,"key":"Bottled Tornado"}],"event_choices":[{"cards_removed":["Pain"],"damage_healed":0.0,"max_hp_gain":0.0,"max_hp_loss":0.0,"gold_gain":0.0,"event_name":"Living Wall","player_choice":"Forget","floor":2.0,"gold_loss":0.0,"damage_taken":0.0},{"damage_healed":0.0,"max_hp_gain":0.0,"max_hp_loss":0.0,"gold_gain":275.0,"event_name":"Golden Shrine","player_choice":"Desecrate","floor":13.0,"gold_loss":0.0,"damage_taken":0.0,"cards_obtained":["Regret"]},{"cards_removed":["Regret"],"damage_healed":0.0,"max_hp_gain":0.0,"max_hp_loss":0.0,"gold_gain":0.0,"event_name":"Fountain of Cleansing","player_choice":"Removed Curses","floor":20.0,"gold_loss":0.0,"damage_taken":0.0},{"damage_healed":0.0,"max_hp_gain":0.0,"max_hp_loss":0.0,"gold_gain":0.0,"event_name":"Beggar","player_choice":"Ignored","floor":28.0,"gold_loss":0.0,"damage_taken":0.0},{"damage_healed":0.0,"max_hp_gain":0.0,"max_hp_loss":0.0,"gold_gain":0.0,"event_name":"Masked Bandits","player_choice":"Fought Bandits","floor":29.0,"gold_loss":0.0,"damage_taken":0.0},{"damage_healed":0.0,"max_hp_gain":0.0,"max_hp_loss":0.0,"gold_gain":0.0,"event_name":"Forgotten Altar","player_choice":"Smashed Altar","floor":31.0,"gold_loss":0.0,"damage_taken":0.0,"cards_obtained":["Decay"]},{"damage_healed":0.0,"max_hp_gain":0.0,"max_hp_loss":0.0,"gold_gain":0.0,"event_name":"Mysterious Sphere","player_choice":"Fight","floor":37.0,"gold_loss":0.0,"damage_taken":0.0},{"damage_healed":0.0,"max_hp_gain":0.0,"max_hp_loss":0.0,"gold_gain":0.0,"event_name":"SensoryStone","player_choice":"Memory 3","floor":38.0,"gold_loss":0.0,"damage_taken":10.0},{"damage_healed":0.0,"max_hp_gain":0.0,"max_hp_loss":0.0,"gold_gain":0.0,"event_name":"MindBloom","player_choice":"Fight","floor":39.0,"gold_loss":0.0,"damage_taken":0.0}],"is_beta":true,"boss_relics":[{"not_picked":["Philosopher\u0027s Stone","Calling Bell"],"picked":"Busted Crown"},{"not_picked":["HoveringKite","Coffee Dripper"],"picked":"Ring of the Serpent"}],"items_purged_floors":[46],"is_endless":false,"potions_floor_spawned":[1,4,5,14,16,18,22,29,33,35,36,37,39,40,42,44,45,47],"killed_by":"Maw","ascension_level":1}}