{"host":"5njoj2zap3ickz2y","time":1612652244,"event":{"mods":["BaseMod","Colored Map","Downfall","Minty Spire (QoL Compilation)","Permanent Neow","Quick Restart","Relic Stats","StSLib","Unceasing Turn Reminder"],"gold_per_floor":[109,128,37,48,64,92,92,92,92],"floor_reached":8,"language":"ENG","playtime":395,"items_purged":[],"score":99,"play_id":"9c8ad2b1-6c49-4305-939f-3cdeb9666813","local_time":"20210206145724","is_ascension_mode":true,"campfire_choices":[],"circlet_count":0,"master_deck":["AscendersBane","Strike_P","Strike_P","Strike_P","Strike_P","Defend_P","Eruption","Vigilance","Nirvana+1","Brilliance+1","WaveOfTheHand+1","ThirdEye","Conclude","WheelKick","EmptyBody","FlurryOfBlows","JustLucky","InnerPeace"],"relics":["Astrolabe","Kunai"],"acts_visited":["Exordium"],"potions_floor_usage":[6],"damage_taken":[{"damage":0,"enemies":"Cultist","floor":1,"turns":2},{"damage":10,"enemies":"Small Slimes","floor":2,"turns":3},{"damage":5,"enemies":"Jaw Worm","floor":4,"turns":3},{"damage":0,"enemies":"Gremlin Gang","floor":5,"turns":3},{"damage":7,"enemies":"Lagavulin","floor":6,"turns":7},{"damage":22,"enemies":"Gremlin Nob","floor":8,"turns":4}],"seed_played":"2238117400579499991","potions_obtained":[{"floor":2,"key":"DistilledChaos"},{"floor":5,"key":"Dexterity Potion"}],"is_trial":false,"path_per_floor":["M","M","$","M","M","E","?","E"],"character_chosen":"WATCHER","items_purchased":["WheelKick","EmptyBody"],"campfire_rested":0,"item_purchase_floors":[3,3],"current_hp_per_floor":[61,51,51,46,46,39,39,17,17],"gold":92,"neow_bonus":"BOSS_RELIC","is_daily":false,"chose_seed":false,"campfire_upgraded":0,"win_rate":0.0,"timestamp":1612652244,"path_taken":["M","M","$","?","M","E","?","E"],"items_purchased_type":["Card","Card"],"build_version":"2020-12-22","purchased_purges":0,"victory":false,"max_hp_per_floor":[68,68,68,68,68,68,68,68,68],"relic_stats":{"counters":[6,22],"Astrolabe":["Nirvana","Brilliance","WaveOfTheHand"],"Kunai":[1],"obtain_stats":[{"Astrolabe":0,"Kunai":6,"PureWater":0},{"Astrolabe":0,"Kunai":5,"PureWater":0},{"Astrolabe":0,"Kunai":18,"PureWater":0}]},"card_choices":[{"not_picked":["PathToVictory","CrushJoints"],"picked":"ThirdEye","floor":1},{"not_picked":["Prostrate","Protect"],"picked":"Conclude","floor":2},{"not_picked":["Blasphemy","WheelKick"],"picked":"FlurryOfBlows","floor":4},{"not_picked":["Evaluate","FlyingSleeves"],"picked":"JustLucky","floor":5},{"not_picked":["ClearTheMind","Worship"],"picked":"InnerPeace","floor":6}],"player_experience":1776583,"relics_obtained":[{"floor":6,"key":"Kunai"}],"event_choices":[{"damage_healed":0,"gold_gain":0,"player_choice":"Ignored","damage_taken":0,"max_hp_gain":0,"max_hp_loss":0,"event_name":"Liars Game","floor":7,"gold_loss":0}],"is_beta":false,"boss_relics":[],"items_purged_floors":[],"is_endless":false,"potions_floor_spawned":[2,5],"killed_by":"Gremlin Nob","ascension_level":14}}