{"host":"gjbmv0wqve0qfw94","time":1612573277,"event":{"mods":["BaseMod","Colored Map","Colored Powertips","DeckTracker","Googly Eyes","Minty Spire (QoL Compilation)","StSLib"],"gold_per_floor":[110,126,145,160,85,85,118,131,131,24,41,41,74,154,154,232,232,267,306,82,82,82,82,82],"floor_reached":23,"language":"ENG","playtime":946,"items_purged":["Strike_P"],"score":502,"play_id":"f8ae280e-cf1d-4da6-9117-e5ce10717fd3","local_time":"20210206020117","is_ascension_mode":true,"campfire_choices":[{"data":"CrushJoints","floor":6,"key":"SMITH"},{"data":"Devotion","floor":15,"key":"SMITH"}],"circlet_count":0,"master_deck":["AscendersBane","Strike_P","Defend_P","Defend_P","Eruption","Vigilance","Vengeance","Pray","ReachHeaven","CrushJoints+1","CutThroughFate+1","Prostrate","Tantrum","Halt","TalkToTheHand","TalkToTheHand+1","Devotion+1","Wish","BowlingBash+1","CutThroughFate+1","Omniscience"],"relics":["PureWater","Potion Belt","Meat on the Bone","Molten Egg 2","Coffee Dripper"],"acts_visited":["Exordium","TheCity"],"potions_floor_usage":[7,13,18,19],"damage_taken":[{"damage":1,"enemies":"Small Slimes","floor":1,"turns":4},{"damage":2,"enemies":"Jaw Worm","floor":2,"turns":3},{"damage":0,"enemies":"Cultist","floor":3,"turns":3},{"damage":4,"enemies":"2 Fungi Beasts","floor":4,"turns":2},{"damage":0,"enemies":"Gremlin Nob","floor":7,"turns":2},{"damage":6,"enemies":"Looter","floor":8,"turns":2},{"damage":1,"enemies":"3 Louse","floor":11,"turns":4},{"damage":0,"enemies":"3 Sentries","floor":13,"turns":4},{"damage":15,"enemies":"The Guardian","floor":16,"turns":5},{"damage":7,"enemies":"Shell Parasite","floor":18,"turns":4},{"damage":31,"enemies":"Chosen","floor":19,"turns":5},{"damage":33,"enemies":"Slavers","floor":23,"turns":2}],"seed_played":"3352683716374446680","potions_obtained":[{"floor":3,"key":"DistilledChaos"},{"floor":7,"key":"FearPotion"},{"floor":8,"key":"BottledMiracle"},{"floor":11,"key":"Block Potion"},{"floor":16,"key":"GamblersBrew"}],"is_trial":false,"path_per_floor":["M","M","M","M","?","R","E","M","T","$","M","?","E","?","R","B",null,"M","M","$","?","?","E"],"character_chosen":"WATCHER","items_purchased":["Halt","TalkToTheHand","Omniscience"],"campfire_rested":0,"item_purchase_floors":[10,10,20],"current_hp_per_floor":[42,40,40,36,36,36,36,30,30,30,41,21,33,33,33,30,59,52,33,33,33,33,0,0],"gold":82,"neow_bonus":"TRANSFORM_TWO_CARDS","is_daily":false,"chose_seed":false,"campfire_upgraded":2,"win_rate":0.0,"timestamp":1612573277,"path_taken":["M","M","M","M","?","R","E","M","T","$","M","?","E","?","R","BOSS","M","M","$","?","?","E"],"items_purchased_type":["Card","Card","Card"],"build_version":"2020-12-22","purchased_purges":1,"victory":false,"max_hp_per_floor":[68,68,68,68,68,68,68,68,68,68,68,68,68,68,68,68,68,68,68,68,68,68,68,68],"card_choices":[{"not_picked":["BowlingBash","Wireheading"],"picked":"ReachHeaven","floor":1},{"not_picked":["Fasting2","SignatureMove"],"picked":"CrushJoints","floor":2},{"not_picked":["FollowUp","LikeWater"],"picked":"CutThroughFate","floor":3},{"not_picked":["JustLucky","CrushJoints","SashWhip"],"picked":"SKIP","floor":4},{"not_picked":["LikeWater","CutThroughFate"],"picked":"Prostrate","floor":7},{"not_picked":["PathToVictory","Sanctity"],"picked":"Tantrum","floor":8},{"not_picked":["EmptyMind","SashWhip"],"picked":"TalkToTheHand","floor":11},{"not_picked":["Indignation","Evaluate"],"picked":"Devotion","floor":13},{"not_picked":["Ragnarok+1","MasterReality"],"picked":"Wish","floor":16},{"not_picked":["CrushJoints+1","Prostrate"],"picked":"BowlingBash+1","floor":18},{"not_picked":["EmptyBody","Prostrate"],"picked":"CutThroughFate+1","floor":19}],"player_experience":1210055,"relics_obtained":[{"floor":7,"key":"Potion Belt"},{"floor":9,"key":"Meat on the Bone"},{"floor":13,"key":"Molten Egg 2"}],"event_choices":[{"cards_removed":["Defend_P"],"damage_healed":0,"gold_gain":0,"player_choice":"Card Removal","damage_taken":0,"max_hp_gain":0,"max_hp_loss":0,"event_name":"The Cleric","floor":5,"gold_loss":75},{"damage_healed":0,"gold_gain":0,"player_choice":"Entered Light","damage_taken":20,"max_hp_gain":0,"max_hp_loss":0,"event_name":"Shining Light","floor":12,"gold_loss":0,"cards_upgraded":["CutThroughFate","TalkToTheHand"]},{"damage_healed":0,"gold_gain":80,"player_choice":"Gained Gold","damage_taken":0,"max_hp_gain":0,"max_hp_loss":0,"event_name":"Golden Wing","floor":14,"gold_loss":0},{"cards_removed":["Strike_P"],"damage_healed":0,"gold_gain":0,"player_choice":"Elegance","damage_taken":0,"max_hp_gain":0,"max_hp_loss":0,"event_name":"Back to Basics","floor":21,"gold_loss":0},{"damage_healed":0,"gold_gain":0,"player_choice":"Ignored","damage_taken":0,"max_hp_gain":0,"max_hp_loss":0,"event_name":"The Mausoleum","floor":22,"gold_loss":0}],"is_beta":false,"boss_relics":[{"not_picked":["Busted Crown","Philosopher\u0027s Stone"],"picked":"Coffee Dripper"}],"items_purged_floors":[20],"is_endless":false,"potions_floor_spawned":[3,7,8,11,16],"killed_by":"Slavers","ascension_level":20}}