{"host":"3498uni0c31c9bdm","time":1612633754,"event":{"mods":["BaseMod","Better Match","Better Note","Better Sensory Stone","Better Skull","Better Third Choice","Colored Map","Minty Spire (QoL Compilation)","Quick Restart","RNG Fix","Random Character Button","Replay The Spire","Shop Mod","Smile Girya","StSLib","Unceasing Turn Reminder"],"gold_per_floor":[112,127,147,162,178,207,222,222,222,248,260,277,308,408,408,408,408],"floor_reached":16,"language":"ENG","playtime":867,"items_purged":[],"score":221,"play_id":"6dcf2341-a2b9-4034-b842-b3fd43716ea4","local_time":"20210207044914","is_ascension_mode":true,"campfire_choices":[{"floor":15,"key":"REST"}],"circlet_count":0,"master_deck":["AscendersBane","Strike_P","Strike_P","Strike_P","Strike_P","Defend_P","Defend_P","Defend_P","Defend_P","Eruption","Vigilance","Bash","Strike_R","BowlingBash","Perseverance","Prostrate","Evaluate","JustLucky","FlurryOfBlows","Prostrate","PathToVictory","Alpha","Pain","FlurryOfBlows","EmptyMind","ForeignInfluence"],"relics":["PureWater","Gremlin Horn","StrikeDummy","Kunai","Replay:Bottled Snecko"],"acts_visited":["Exordium"],"potions_floor_usage":[10,10,16,16],"damage_taken":[{"damage":2,"enemies":"2 Louse","floor":1,"turns":4},{"damage":0,"enemies":"Cultist","floor":2,"turns":2},{"damage":9,"enemies":"Jaw Worm","floor":3,"turns":4},{"damage":13,"enemies":"Exordium Wildlife","floor":4,"turns":4},{"damage":0,"enemies":"Large Slime","floor":5,"turns":4},{"damage":27,"enemies":"Replay:BlueRogue","floor":6,"turns":11},{"damage":2,"enemies":"3 Louse","floor":7,"turns":4},{"damage":17,"enemies":"3 Sentries","floor":10,"turns":8},{"damage":9,"enemies":"Blue Slaver","floor":11,"turns":3},{"damage":9,"enemies":"Looter","floor":12,"turns":3},{"damage":13,"enemies":"Replay:BlueRogue","floor":13,"turns":8},{"damage":43,"enemies":"Hexaghost","floor":16,"turns":11}],"seed_played":"821466071220996253","potions_obtained":[{"floor":2,"key":"BottledMiracle"},{"floor":3,"key":"Elixir"},{"floor":12,"key":"BottledMiracle"},{"floor":13,"key":"Swift Potion"}],"is_trial":false,"path_per_floor":["M","M","M","M","M","E","M","?","T","E","M","M","E","?","R","B"],"character_chosen":"WATCHER","items_purchased":[],"campfire_rested":1,"item_purchase_floors":[],"current_hp_per_floor":[59,59,50,37,37,10,8,68,68,51,42,33,20,20,40,0,0],"gold":408,"neow_bonus":"THREE_RARE_CARDS","is_daily":false,"chose_seed":false,"campfire_upgraded":0,"win_rate":0.0,"timestamp":1612633754,"path_taken":["M","M","M","M","M","E","M","?","T","E","?","M","E","?","R","BOSS"],"items_purchased_type":[],"build_version":"2020-12-22","purchased_purges":0,"victory":false,"max_hp_per_floor":[68,68,68,68,68,68,68,68,68,68,68,68,68,68,68,68,68],"card_choices":[{"not_picked":["Indignation","Adaptation","Meditate"],"picked":"SKIP","floor":1},{"not_picked":["Worship","Replay:AtTheReady"],"picked":"Collect","floor":2},{"not_picked":["Evaluate","Replay:Cycle"],"picked":"BowlingBash","floor":3},{"not_picked":["MentalFortress","Replay:AtTheReady"],"picked":"Perseverance","floor":4},{"not_picked":["Evaluate","CarveReality"],"picked":"Prostrate","floor":5},{"not_picked":["Halt","Indignation"],"picked":"Evaluate","floor":6},{"not_picked":["Halt","Evaluate"],"picked":"JustLucky","floor":7},{"not_picked":["InnerPeace","Replay:LoomingThreat"],"picked":"FlurryOfBlows","floor":10},{"not_picked":["SashWhip","Replay:BluntJabs"],"picked":"Prostrate","floor":11},{"not_picked":["Indignation","Consecrate"],"picked":"PathToVictory","floor":12},{"not_picked":["ReachHeaven","PathToVictory"],"picked":"Alpha","floor":13},{"not_picked":["BowlingBash","Replay:BluntJabs"],"picked":"FlurryOfBlows","floor":14},{"not_picked":["JustLucky","ForeignInfluence"],"picked":"EmptyMind","floor":14},{"not_picked":["Consecrate","Replay:AtTheReady"],"picked":"ForeignInfluence","floor":14}],"player_experience":836571,"relics_obtained":[{"floor":6,"key":"Gremlin Horn"},{"floor":9,"key":"StrikeDummy"},{"floor":10,"key":"Kunai"},{"floor":13,"key":"Replay:Bottled Snecko"}],"event_choices":[{"cards_removed":["Collect"],"damage_healed":60,"gold_gain":0,"player_choice":"Offered Uncommon","damage_taken":0,"max_hp_gain":0,"max_hp_loss":0,"event_name":"Bonfire Elementals","floor":8,"gold_loss":0}],"is_beta":false,"boss_relics":[],"items_purged_floors":[],"is_endless":false,"potions_floor_spawned":[2,3,6,7,12,13],"killed_by":"Hexaghost","ascension_level":15}}