{"host":"81h68oe4mr04pk3r","time":1612584330,"event":{"mods":["Act Like it!","Aspiration","BaseMod","BetterRewards","Colored Map","Colored Powertips","Conspire","Downfall","Gensokyo","Hallownest","Hermit","Hubris","Infinite Spire","Jorbs\u0027s Wanderer Trilogy","Koishi","Lobotomy","LobotomyExtend","Marisa????????","Minty Spire (QoL Compilation)","Quick Restart","Reimu??????","Remilia??????","StSLib","The Bug Knight","The Construct","The Cursed","The Disciple","The Servant 0.9.4"],"gold_per_floor":[118,118,132,149,0,0,0,28,55,69,81,81,81,93,93,194,194,213,345,357,357,357],"floor_reached":21,"language":"ENG","playtime":1389,"items_purged":[],"score":181,"play_id":"0c6ed87f-8369-41fb-ae6f-d9522853c7c2","local_time":"20210205200530","is_ascension_mode":false,"campfire_choices":[{"data":"Koishi:ImGoingToCallYouNow","floor":7,"key":"SMITH"},{"data":"Koishi:Provoke","floor":13,"key":"SMITH"},{"data":"Koishi:StingingMind","floor":15,"key":"SMITH"}],"circlet_count":0,"master_deck":["Koishi:BasicStrike","Koishi:BasicStrike","Koishi:BasicStrike","Koishi:BasicStrike","Koishi:BasicDefend","Koishi:BasicDefend","Koishi:BasicDefend","Koishi:BasicDefend","Koishi:Provoke+1","Koishi:HauntingSlash","Koishi:MindNumbingTerror","Koishi:PhantomBarrier","Koishi:ParalyzingFear","Koishi:ImGoingToCallYouNow+1","Koishi:StingingMind+1","Koishi:DreadfulBlow","Koishi:JumpScare","Koishi:BloodcurdlingScream","Koishi:PerfectMindControl","stsjorbsmod:TickingCurse","stsjorbsmod:Possession","Koishi:ParalyzingFear","Koishi:DNAsFlaw+1"],"relics":["Koishi:ImaginaryFriend","aspiration:Nostalgia","stsjorbsmod:BookOfTrialsRelic","LetterFromLob","hubris:Icosahedron","hubris:Teleporter","HollowMod:PaleOreRelic","Dead Branch"],"acts_visited":["Gensokyo:Gensokyo","Gensokyo:Gensokyoer"],"potions_floor_usage":[8,16],"damage_taken":[{"damage":0,"enemies":"Gensokyo:3_Fairies","floor":1,"turns":5},{"damage":3,"enemies":"Gensokyo:Python","floor":3,"turns":3},{"damage":4,"enemies":"Gensokyo:Gryphon","floor":4,"turns":5},{"damage":21,"enemies":"Gensokyo:Aya","floor":8,"turns":10},{"damage":18,"enemies":"Gensokyo:CorruptedTreant","floor":10,"turns":4},{"damage":14,"enemies":"Gensokyo:3_Kodama","floor":11,"turns":6},{"damage":14,"enemies":"Gensokyo:Gryphon_and_Rabbit","floor":14,"turns":6},{"damage":16,"enemies":"Gensokyo:Kokoro","floor":16,"turns":11},{"damage":4,"enemies":"Gensokyo:2_Gloops","floor":18,"turns":6},{"damage":45,"enemies":"conspire:MimicChest","floor":19,"turns":10},{"damage":24,"enemies":"Gensokyo:AngelMirror","floor":20,"turns":4},{"damage":25,"enemies":"Gensokyo:Swordslinger","floor":21,"turns":2}],"seed_played":"2143303074268700926","potions_obtained":[{"floor":1,"key":"Energy Potion"},{"floor":4,"key":"Strength Potion"}],"is_trial":false,"path_per_floor":["M","?","M","M","$","E","R","E","T","M","M","?","R","M","R","B",null,"M","?","M","M"],"character_chosen":"KOISHI","items_purchased":["Koishi:ImGoingToCallYouNow"],"campfire_rested":0,"item_purchase_floors":[5],"current_hp_per_floor":[60,60,59,57,57,57,57,39,39,51,53,59,59,60,60,60,60,60,41,22,0,0],"gold":357,"neow_bonus":"NOSTALGIA","is_daily":false,"chose_seed":false,"campfire_upgraded":3,"win_rate":0.0,"timestamp":1612584330,"path_taken":["M","?","M","M","$","E","R","E","T","M","M","?","R","M","R","BOSS","M","?","M","M"],"items_purchased_type":["Card"],"build_version":"2020-12-22","purchased_purges":0,"victory":false,"max_hp_per_floor":[60,60,60,60,60,60,60,60,60,60,60,60,60,60,60,60,60,60,60,60,60,60],"card_choices":[{"not_picked":["Koishi:EmbryosDream","Koishi:TremblingHands"],"picked":"Koishi:MindNumbingTerror","floor":1},{"not_picked":["Koishi:SprinkleStarAndHeart","Koishi:Vanish"],"picked":"Koishi:PhantomBarrier","floor":3},{"not_picked":["Koishi:SpiritedAway","Koishi:CatchAndRose"],"picked":"Koishi:ParalyzingFear","floor":4},{"not_picked":["Koishi:SubterraneanRose","Koishi:BramblyRoseGarden"],"picked":"Koishi:StingingMind","floor":8},{"not_picked":["Koishi:UnansweredLove","Koishi:StingingMind"],"picked":"Koishi:DreadfulBlow","floor":10},{"not_picked":["Koishi:EmbryosDream","Koishi:ReflexRadar"],"picked":"Koishi:JumpScare","floor":11},{"not_picked":["Koishi:HeartAttack","Koishi:Jaunt"],"picked":"Koishi:BloodcurdlingScream","floor":14},{"not_picked":["Koishi:SuperEgo","Koishi:MindStellarRelief"],"picked":"Koishi:PerfectMindControl","floor":16},{"not_picked":["Koishi:Vanish","Koishi:EmbryosDream"],"picked":"Koishi:ParalyzingFear","floor":18},{"not_picked":["Koishi:ParalyzingFear","Koishi:PhilosophyOfTheDespised"],"picked":"Koishi:DNAsFlaw+1","floor":19},{"not_picked":["Koishi:UnconsciousUprising","Koishi:SubconsciousSweep+1","Koishi:Bloodlust"],"picked":"SKIP","floor":20}],"player_experience":216968,"relics_obtained":[{"floor":1,"key":"LetterFromLob"},{"floor":8,"key":"hubris:Teleporter"},{"floor":9,"key":"HollowMod:PaleOreRelic"},{"floor":19,"key":"Dead Branch"}],"event_choices":[],"is_beta":false,"boss_relics":[{"not_picked":["Snecko Eye","Coffee Dripper","Sozu"]}],"items_purged_floors":[],"is_endless":false,"potions_floor_spawned":[1,4],"killed_by":"Gensokyo:Swordslinger","ascension_level":0}}