{"host":"o3b7ow6d1xe49css","time":1612593618,"event":{"mods":["Act Like it!","Aspiration","BaseMod","Bestiary","Better Altar","Better Match","Better Note","Better Sensory Stone","Better Skull","Better Third Choice","Colored Powertips","Conspire","Energized Spire","Force Act Four","GifTheSpireLib","Halation","Hermit","Hubris","Infinite Spire","Lobotomy","Minty Spire (QoL Compilation)","Quick Restart","Rare Cards Sparkle","Relic Filter Mod","Reliquary","Replay The Spire","Spicy Shops","Spikes Relics","Spire Arcade","StSLib","Stuff the Spire","The Blue Laboratory","Wandering Minibosses"],"gold_per_floor":[116,135,146,146,159,159,159,186,238,238,266,266,441,512,512,613,613,633,633,191,191,191],"floor_reached":21,"language":"ENG","playtime":541,"items_purged":["Doubt","Strike_B"],"score":231,"play_id":"b1db5894-fba0-4d8a-9383-011ec1ce2851","local_time":"20210205214018","daily_mods":["Heirloom","Flight"],"is_ascension_mode":true,"campfire_choices":[{"data":"1","floor":6,"key":"LIFT"},{"data":"2","floor":7,"key":"LIFT"},{"data":"Defragment","floor":10,"key":"SMITH"},{"floor":12,"key":"REST"},{"data":"3","floor":15,"key":"LIFT"}],"circlet_count":0,"master_deck":["Strike_B","Strike_B","Strike_B","Defend_B","Defend_B","Defend_B","Defend_B","Zap","Dualcast","ReplayTheSpireMod:Reroute Power","UniverseFragment","Sweeping Beam","Defragment+1"],"relics":["Cracked Core","Ring of Chaos","Girya","CogitoBucket","StuffTheSpire:ForceGauntlet","reliquary:JackalopeAntler","Bottled Lightning","hubris:TerracottaHorce","Prayer Wheel","Membership Card","conspire:BottledYoYo","Gremlin Food"],"acts_visited":["Exordium","TheCity"],"potions_floor_usage":[5,11],"damage_taken":[{"damage":4,"enemies":"2 Louse","floor":1,"turns":2},{"damage":0,"enemies":"Jaw Worm","floor":2,"turns":4},{"damage":3,"enemies":"Cultist","floor":3,"turns":5},{"damage":0,"enemies":"2 Fungi Beasts","floor":5,"turns":1},{"damage":17,"enemies":"Lagavulin","floor":8,"turns":6},{"damage":23,"enemies":"Gremlin Nob","floor":11,"turns":4},{"damage":28,"enemies":"Slime Boss","floor":16,"turns":8},{"damage":48,"enemies":"3 Byrds","floor":18,"turns":7},{"damage":0,"enemies":"2 Thieves","floor":21,"turns":1}],"seed_played":"-2702574850058596262","potions_obtained":[{"floor":1,"key":"Ancient Potion"},{"floor":3,"key":"Fire Potion"},{"floor":8,"key":"blueLaboratory:EnragingPotion"},{"floor":19,"key":"PowerPotion"},{"floor":19,"key":"blueLaboratory:BiasPotion"}],"is_trial":true,"path_per_floor":["M","M","M","?","M","R","R","E","T","R","E","R","?","T","R","B",null,"M","?","$","M"],"character_chosen":"DEFECT","items_purchased":["Membership Card","conspire:BottledYoYo","Gremlin Food"],"campfire_rested":1,"item_purchase_floors":[20,20,20],"current_hp_per_floor":[71,71,68,68,68,68,68,51,51,51,28,50,50,50,50,22,62,14,14,14,14,14],"gold":191,"neow_bonus":"","is_daily":false,"chose_seed":false,"campfire_upgraded":1,"win_rate":0.0,"timestamp":1612593618,"path_taken":["M","M","M","?","M","R","R","E","T","R","E","R","?","?","R","BOSS","M","?","$","?"],"items_purchased_type":["Relic","Relic","Relic"],"build_version":"2020-12-22","purchased_purges":2,"victory":false,"max_hp_per_floor":[75,75,75,75,75,75,75,75,75,75,75,75,75,75,75,75,75,75,75,75,75,75],"card_choices":[{"not_picked":["Beam Cell","Streamline"],"picked":"ReplayTheSpireMod:Reroute Power","floor":1},{"not_picked":["NakedNest","Bloodbath","WallGazer"],"picked":"Singing Bowl","floor":1},{"not_picked":["MeatLantern","Wellcheers"],"picked":"UniverseFragment","floor":1},{"not_picked":["Undo","ReplayTheSpireMod:GoodbyeWorld"],"picked":"Sweeping Beam","floor":2},{"not_picked":["Go for the Eyes","hubris:DoWhile"],"picked":"Sweeping Beam","floor":3},{"not_picked":["Wellcheers","Porccubus","VoidDream"],"picked":"Singing Bowl","floor":3},{"not_picked":["Hologram","Force Field"],"picked":"Defragment","floor":5},{"not_picked":["conspire:Rain","Turbo","Genetic Algorithm"],"picked":"SKIP","floor":8},{"not_picked":["Go for the Eyes","Sweeping Beam","Mirror Shield"],"picked":"SKIP","floor":11},{"not_picked":["Hyperbeam","ReplayRNGCard"],"picked":"ReplayTheSpireMod:Fabricate Wheel","floor":16},{"not_picked":["Rudolta","Laetitia","SpiderBud"],"picked":"Singing Bowl","floor":18},{"not_picked":["StuffTheSpire:EventHorizon","Streamline","Steam Power"],"picked":"SKIP","floor":18},{"not_picked":["Beam Cell+1","ReplaySort","Redo"],"picked":"SKIP","floor":18}],"player_experience":1306846,"relics_obtained":[{"floor":8,"key":"StuffTheSpire:ForceGauntlet"},{"floor":11,"key":"reliquary:JackalopeAntler"},{"floor":14,"key":"Bottled Lightning"}],"event_choices":[{"damage_healed":0,"gold_gain":0,"player_choice":"Leave","damage_taken":0,"max_hp_gain":0,"max_hp_loss":0,"event_name":"conspire:Investor","floor":4,"gold_loss":0},{"damage_healed":0,"gold_gain":175,"player_choice":"AGREE","damage_taken":266,"max_hp_gain":0,"max_hp_loss":0,"event_name":"betterThird:BetterSerpent","floor":13,"gold_loss":0},{"damage_healed":0,"gold_gain":0,"player_choice":"Got Potions","damage_taken":0,"max_hp_gain":0,"max_hp_loss":0,"event_name":"Lab","floor":19,"gold_loss":0}],"is_beta":false,"boss_relics":[{"not_picked":["energizedSpire:StickyHand","aspiration:PoetsPen_weak"],"picked":"hubris:TerracottaHorce"}],"items_purged_floors":[20,20],"is_endless":false,"potions_floor_spawned":[1,3,8],"killed_by":"2 Thieves","ascension_level":5}}