{"host":"1qhzi8r9ejho5yph","time":1612606518,"event":{"mods":["AchievementEnabler","BaseMod","Colored Map","Colored Powertips","Highlight Path","Minty Spire (QoL Compilation)","Permanent Neow","Quick Restart","Random Character Button","StSLib","SuperFastMode","Synergy Search"],"gold_per_floor":[111,125,53,53,53,53,96,27,27,27,40,59,84,118,118,211,211,229,229,248,163,213,249,249,249],"floor_reached":24,"language":"ENG","playtime":956,"items_purged":[],"score":392,"play_id":"826a14e3-ce96-4249-b2ab-a096ae702768","local_time":"20210206181518","is_ascension_mode":true,"campfire_choices":[{"floor":6,"key":"REST"},{"floor":10,"key":"REST"},{"floor":15,"key":"REST"}],"circlet_count":0,"master_deck":["AscendersBane","Strike_B","Strike_B","Strike_B","Strike_B","Defend_B","Defend_B","Defend_B","Defend_B","Zap","Dualcast","Beam Cell","Beam Cell","Sweeping Beam","Scrape","FTL+1","Coolheaded","Melter+1","Hologram","Echo Form","Reboot","Go for the Eyes","Gash","Conserve Battery","Glacier"],"relics":["Cracked Core","Pen Nib","Golden Idol","Dead Branch","Whetstone","SacredBark","Regal Pillow","Singing Bowl"],"acts_visited":["Exordium","TheCity"],"potions_floor_usage":[14,14,16],"damage_taken":[{"damage":9,"enemies":"Jaw Worm","floor":1,"turns":4},{"damage":0,"enemies":"2 Louse","floor":2,"turns":2},{"damage":30,"enemies":"3 Sentries","floor":7,"turns":6},{"damage":7,"enemies":"Small Slimes","floor":11,"turns":2},{"damage":0,"enemies":"2 Fungi Beasts","floor":12,"turns":2},{"damage":11,"enemies":"Red Slaver","floor":13,"turns":3},{"damage":10,"enemies":"Gremlin Nob","floor":14,"turns":3},{"damage":34,"enemies":"Hexaghost","floor":16,"turns":8},{"damage":3,"enemies":"Chosen","floor":18,"turns":3},{"damage":0,"enemies":"Spheric Guardian","floor":20,"turns":1},{"damage":38,"enemies":"Gremlin Leader","floor":23,"turns":6},{"damage":27,"enemies":"3 Cultists","floor":24,"turns":4}],"seed_played":"8382723188817652111","potions_obtained":[{"floor":2,"key":"GamblersBrew"},{"floor":7,"key":"GamblersBrew"},{"floor":11,"key":"Regen Potion"},{"floor":14,"key":"GamblersBrew"}],"is_trial":false,"path_per_floor":["M","M","$","?","?","R","E","$","T","R","M","M","M","E","R","B",null,"M","?","M","?","?","E","M"],"character_chosen":"DEFECT","items_purchased":["Scrape","FTL"],"campfire_rested":3,"item_purchase_floors":[3,8],"current_hp_per_floor":[55,55,55,50,26,47,17,17,17,38,31,31,20,19,40,6,55,52,52,52,52,52,14,0,0],"gold":249,"neow_bonus":"THREE_CARDS","is_daily":false,"chose_seed":false,"campfire_upgraded":0,"win_rate":0.0,"timestamp":1612606518,"path_taken":["M","M","$","?","?","R","E","$","T","R","M","M","M","E","R","BOSS","M","?","M","?","?","E","M"],"items_purchased_type":["Card","Card"],"build_version":"2020-12-22","purchased_purges":0,"victory":false,"max_hp_per_floor":[71,71,71,71,71,71,71,71,71,71,71,71,71,71,71,71,71,71,71,71,71,71,71,71,71],"card_choices":[{"not_picked":["Fusion","Compile Driver"],"picked":"Beam Cell","floor":0},{"not_picked":["Cold Snap","Ball Lightning"],"picked":"Beam Cell","floor":1},{"not_picked":["Beam Cell","Static Discharge"],"picked":"Sweeping Beam","floor":2},{"not_picked":["Biased Cognition","Double Energy","Barrage"],"picked":"SKIP","floor":7},{"not_picked":["Sunder","Redo"],"picked":"Coolheaded","floor":11},{"not_picked":["Force Field","Compile Driver"],"picked":"Melter","floor":12},{"not_picked":["Genetic Algorithm","Consume"],"picked":"Hologram","floor":13},{"not_picked":["Ball Lightning","Steam"],"picked":"Echo Form","floor":14},{"not_picked":["Thunder Strike","Biased Cognition"],"picked":"Reboot","floor":16},{"not_picked":["Consume","Barrage"],"picked":"Go for the Eyes","floor":18},{"not_picked":["Hologram","Consume"],"picked":"Conserve Battery","floor":20},{"not_picked":["Chill","Ball Lightning"],"picked":"Glacier","floor":23}],"player_experience":368438,"relics_obtained":[{"floor":7,"key":"Dead Branch"},{"floor":14,"key":"Whetstone"},{"floor":23,"key":"Singing Bowl"}],"event_choices":[{"damage_healed":0,"gold_gain":0,"player_choice":"Success","damage_taken":5,"relics_obtained":["Pen Nib"],"max_hp_gain":0,"max_hp_loss":0,"event_name":"Scrap Ooze","floor":4,"gold_loss":0},{"damage_healed":0,"gold_gain":0,"player_choice":"Take Damage","damage_taken":24,"relics_obtained":["Golden Idol"],"max_hp_gain":0,"max_hp_loss":0,"event_name":"Golden Idol","floor":5,"gold_loss":0},{"damage_healed":0,"gold_gain":0,"player_choice":"Read","damage_taken":0,"max_hp_gain":0,"max_hp_loss":0,"event_name":"The Library","floor":19,"gold_loss":0,"cards_obtained":["Gash"]},{"damage_healed":0,"gold_gain":0,"player_choice":"Obtained Relic","damage_taken":0,"relics_obtained":["Regal Pillow"],"max_hp_gain":0,"max_hp_loss":0,"event_name":"Addict","floor":21,"gold_loss":85},{"damage_healed":0,"gold_gain":50,"player_choice":"Pray","damage_taken":0,"max_hp_gain":0,"max_hp_loss":0,"event_name":"Golden Shrine","floor":22,"gold_loss":0}],"is_beta":false,"boss_relics":[{"not_picked":["Coffee Dripper","Cursed Key"],"picked":"SacredBark"}],"items_purged_floors":[],"is_endless":false,"potions_floor_spawned":[2,7,11,14],"killed_by":"3 Cultists","ascension_level":15}}