{"host":"zjc1tzo4ovig5lll","time":1612615115,"event":{"mods":["AchievementEnabler","Aspiration","BaseMod","Beaked The Cultist","Better Altar","Better Match","Better Note","Better Sensory Stone","Colored Map","Colored Powertips","Conspire","Energized Spire","Friendly Minions","GifTheSpireLib","Halation","Hermit","Hubris","Minty Spire (QoL Compilation)","Rare Cards Sparkle","Reliquary","Replay The Spire","StSLib","The Blue Laboratory","The Bug Knight","The Construct","The Jungle","everything is the same but u backflip on backflip"],"gold_per_floor":[111,124,140,16,32,32,59,59,59,59,59,59,71,105,105,201,201,218,218,235,77,77,77,77,92,116,128,140,162,188,200,212,327,339,367,390,253,253,253,253,264,264,288,306,306,306],"floor_reached":45,"language":"ENG","playtime":2745,"items_purged":["Defend_R","Strike_R"],"score":533,"play_id":"48cb1b3f-e57a-4cfe-ac9c-15cacc48c8c5","local_time":"20210206143835","is_ascension_mode":true,"campfire_choices":[{"data":"Armaments","floor":6.0,"key":"SMITH"},{"floor":8.0,"key":"RECALL"},{"data":"Intimidate","floor":11.0,"key":"SMITH"},{"floor":15.0,"key":"REST"},{"data":"Armaments","floor":23.0,"key":"SMITH"},{"data":"Warcry","floor":32.0,"key":"SMITH"},{"data":"hubris:Insight","floor":40.0,"key":"SMITH"},{"data":"Fire Breathing","floor":42.0,"key":"SMITH"}],"circlet_count":0,"master_deck":["construct:GuardCore+2","Strike_R+1","Strike_R+1","Strike_R+1","Defend_R+1","Defend_R+1","Defend_R+1","Bash","Fire Breathing+1","Intimidate+1","Armaments+1","Shrug It Off","Corruption","Armaments+1","Spot Weakness","Metallicize","Metallicize","Warcry+1","Armaments+1","Iron Wave+1","Inflame+1","hubris:Insight+1","Parasite","ReplayTheSpireMod:Limb From Limb"],"relics":["Burning Blood","Ornamental Fan","Mirror","construct:WeddingRing","halation:EternalFortune","MawBank","reliquary:HotPoker","Vajra","Blood Vial"],"acts_visited":["Exordium","TheCity","TheBeyond"],"potions_floor_usage":[45,45],"damage_taken":[{"damage":14.0,"enemies":"Jaw Worm","floor":1.0,"turns":6.0},{"damage":6.0,"enemies":"2 Louse","floor":2.0,"turns":3.0},{"damage":1.0,"enemies":"Small Slimes","floor":3.0,"turns":4.0},{"damage":12.0,"enemies":"3 Louse","floor":5.0,"turns":6.0},{"damage":25.0,"enemies":"3 Sentries","floor":7.0,"turns":5.0},{"damage":16.0,"enemies":"Large Slime","floor":13.0,"turns":8.0},{"damage":16.0,"enemies":"Lagavulin","floor":14.0,"turns":12.0},{"damage":50.0,"enemies":"Fading Forest","floor":16.0,"turns":11.0},{"damage":5.0,"enemies":"Shell Parasite","floor":18.0,"turns":8.0},{"damage":19.0,"enemies":"3 Byrds","floor":20.0,"turns":9.0},{"damage":0.0,"enemies":"Snecko","floor":25.0,"turns":7.0},{"damage":12.0,"enemies":"Cultist and Chosen","floor":29.0,"turns":7.0},{"damage":23.0,"enemies":"Centurion and Healer","floor":30.0,"turns":8.0},{"damage":43.0,"enemies":"hubris:MusketHawk","floor":33.0,"turns":12.0},{"damage":18.0,"enemies":"3 Darklings","floor":35.0,"turns":10.0},{"damage":13.0,"enemies":"Orb Walker","floor":36.0,"turns":6.0},{"damage":3.0,"enemies":"Writhing Mass","floor":41.0,"turns":10.0},{"damage":9.0,"enemies":"Sphere and 2 Shapes","floor":44.0,"turns":8.0},{"damage":94,"enemies":"Reptomancer","floor":45,"turns":6}],"seed_played":"6935625715662915879","potions_obtained":[{"floor":1.0,"key":"Fruit Juice"},{"floor":14.0,"key":"blueLaboratory:PolymorphPotion"},{"floor":16.0,"key":"Weak Potion"},{"floor":20.0,"key":"Explosive Potion"}],"is_trial":false,"path_per_floor":["M","M","M","$","M","R","E","R","T","?","R","?","M","E","R","B",null,"M","?","M","$","?","R","?","M","T","$","?","M","M","T","R","B",null,"M","M","$","?","?","R","M","R","T","M","E"],"character_chosen":"IRONCLAD","items_purchased":["Armaments","Metallicize","Vajra"],"campfire_rested":1,"item_purchase_floors":[4,21,37],"current_hp_per_floor":[85,85,90,90,84,84,65,65,65,65,65,65,55,45,72,36,93,93,93,80,80,80,80,83,92,92,92,92,86,72,72,72,35,102,90,83,83,83,83,83,86,86,86,85,0,0],"gold":306,"neow_bonus":"TEN_PERCENT_HP_BONUS","is_daily":false,"chose_seed":false,"campfire_upgraded":6,"win_rate":0.0,"timestamp":1612615115,"path_taken":["M","M","M","$","M","R","E","R","T","?","R","?","M","E","R","BOSS","M","?","M","$","?","R","?","M","T","$","?","M","M","?","R","BOSS","M","M","$","?","?","R","M","R","T","M","E"],"items_purchased_type":["Card","Card","Relic"],"build_version":"2020-12-22","purchased_purges":2,"victory":false,"max_hp_per_floor":[93,93,93,93,93,93,93,93,93,93,93,93,93,93,93,93,93,93,93,93,93,93,93,96,99,99,99,99,99,102,102,102,102,102,102,102,102,102,102,102,102,102,102,102,102,102],"card_choices":[{"not_picked":["Sever Soul","ReplayTheSpireMod:Strike From Hell"],"picked":"Fire Breathing","floor":1.0},{"not_picked":["True Grit","Sword Boomerang"],"picked":"Intimidate","floor":2.0},{"not_picked":["Iron Wave","Disarm","Bloodletting"],"picked":"SKIP","floor":3.0},{"not_picked":["hubris:CleavingFinish","Life Link","ReplayTheSpireMod:Strike From Hell"],"picked":"SKIP","floor":5.0},{"not_picked":["Infernal Blade","Combust","ReplayTheSpireMod:Muscle Training"],"picked":"SKIP","floor":7.0},{"not_picked":["hubris:ReadiedAction","Havoc","Replay:Undeath\u0027s Touch"],"picked":"SKIP","floor":13.0},{"not_picked":["True Grit","Body Slam"],"picked":"Shrug It Off","floor":14.0},{"not_picked":["Bludgeon","Hemogenesis"],"picked":"Corruption","floor":16.0},{"not_picked":["Body Slam+1","Sword Boomerang"],"picked":"Armaments","floor":18.0},{"not_picked":["Headbutt","Wild Strike"],"picked":"Spot Weakness","floor":20.0},{"not_picked":["Iron Wave+1","Twin Strike+1","Run Through"],"picked":"SKIP","floor":25.0},{"not_picked":["Second Wind","Anger"],"picked":"Warcry","floor":29.0},{"not_picked":["Flex+1","Pummel"],"picked":"Armaments+1","floor":30.0},{"not_picked":["Dual Wield","Heavy Blade"],"picked":"Iron Wave+1","floor":35.0},{"not_picked":["Replay:Undeath\u0027s Touch+1","True Grit"],"picked":"Inflame+1","floor":36.0},{"not_picked":["Replay:Sssssssssstrike","Forethought"],"picked":"hubris:Insight","floor":38.0},{"not_picked":["Sword Boomerang","ReplayTheSpireMod:LeadingStrike","Headbutt"],"picked":"SKIP","floor":41.0},{"not_picked":["Anger+1","Reckless Charge"],"picked":"ReplayTheSpireMod:Limb From Limb","floor":44.0}],"player_experience":698230,"relics_obtained":[{"floor":7.0,"key":"Ornamental Fan"},{"floor":14.0,"key":"Mirror"},{"floor":25.0,"key":"halation:EternalFortune"},{"floor":26.0,"key":"MawBank"},{"floor":30.0,"key":"halation:EternalFortune"},{"floor":31.0,"key":"reliquary:HotPoker"},{"floor":43.0,"key":"Blood Vial"}],"event_choices":[{"damage_healed":0.0,"max_hp_gain":0.0,"max_hp_loss":0.0,"gold_gain":0.0,"event_name":"Shining Light","player_choice":"Ignored","floor":12.0,"gold_loss":0.0,"damage_taken":0.0},{"damage_healed":0.0,"max_hp_gain":0.0,"max_hp_loss":0.0,"gold_gain":0.0,"event_name":"Cursed Tome","player_choice":"Ignored","floor":19.0,"gold_loss":0.0,"damage_taken":0.0},{"damage_healed":0.0,"max_hp_gain":0.0,"max_hp_loss":0.0,"gold_gain":0.0,"event_name":"Back to Basics","player_choice":"Simplicity","floor":28.0,"gold_loss":0.0,"damage_taken":0.0,"cards_upgraded":["Strike_R","Strike_R","Strike_R","Defend_R","Defend_R","Defend_R"]},{"damage_healed":0.0,"max_hp_gain":0.0,"max_hp_loss":0.0,"gold_gain":3.0,"event_name":"betterStone:BetterStone","player_choice":"1","floor":38.0,"gold_loss":0.0,"damage_taken":0.0},{"damage_healed":0.0,"max_hp_gain":0.0,"max_hp_loss":0.0,"gold_gain":0.0,"event_name":"Tomb of Lord Red Mask","player_choice":"Ignored","floor":39.0,"gold_loss":0.0,"damage_taken":0.0}],"is_beta":false,"boss_relics":[{"not_picked":["construct:ClawGrip","Coffee Dripper"],"picked":"construct:WeddingRing"},{"not_picked":["reliquary:Craggleroot","Replay:Ancient Bell","energizedSpire:HugeHouse"]}],"items_purged_floors":[4,21],"is_endless":false,"potions_floor_spawned":[1,7,14,16,18,20,35],"killed_by":"Reptomancer","ascension_level":4}}