{"host":"630px4nyj50z5id8","time":1612601896,"event":{"mods":["BaseMod","Better Note","Colored Powertips","Good Game Mod","Minty Spire (QoL Compilation)","Quick Restart","Rare Cards Sparkle","Relic Filter Mod","Replay The Spire","StSLib","Waifu the Spire"],"gold_per_floor":[117,42,117,136,154,184,184,212,239,269,269,285,285,303,303,404,404,417,28,43,43,43,74,74,173,199,199,74,407,418,418,418,518,518,530,530,210,229,83,112,131,167,190,214,247,247,282,282,282,302],"floor_reached":51,"language":"ZHS","playtime":2330,"items_purged":["Defend_R","Defend_R","Strike_R","Strike_R"],"score":1206,"play_id":"390340a5-51a6-417b-97e3-3a0207095e4e","local_time":"20210206165816","is_ascension_mode":true,"campfire_choices":[{"data":"Phantasmal Killer","floor":7.0,"key":"SMITH"},{"data":"Flex","floor":11.0,"key":"SMITH"},{"data":"Shockwave","floor":13.0,"key":"SMITH"},{"data":"Flex","floor":15.0,"key":"SMITH"},{"data":"True Grit","floor":24.0,"key":"SMITH"},{"data":"Double Tap","floor":32.0,"key":"SMITH"},{"data":"Panacea","floor":46,"key":"SMITH"},{"data":"Barricade","floor":49,"key":"SMITH"}],"circlet_count":0,"master_deck":["Strike_R","Strike_R","Defend_R","Defend_R","Bash","Phantasmal Killer+1","Flex+1","Flex+1","ReplayTheSpireMod:Stacked","Shrug It Off","Reaper+1","Shockwave+1","Limit Break+1","True Grit+1","Feel No Pain","J.A.X.","Double Tap+1","Second Wind+1","Exhume","Flex+1","Rupture","Panacea+1","Dual Wield","Feed","Burning Pact+1","Barricade+1"],"relics":["Burning Blood","REME:ComplimentaryCards","NeowsBlessing","Blood Vial","ReplayTheSpireMod:TigerMarble","Blue Doll","Ornamental Fan","Replay:Grab Bag","Sozu","Coffee Dripper","Runic Pyramid","Lantern","Guide Book","Boot","Pen Nib","Old Coin","Runic Cube","Replay:Bandana","Iron Hammer","Mango","Juzu Bracelet","Singing Bowl","Replay:Mystery Machine"],"acts_visited":["Exordium","TheCity","TheBeyond"],"potions_floor_usage":[],"damage_taken":[{"damage":0.0,"enemies":"Cultist","floor":1.0,"turns":1.0},{"damage":0.0,"enemies":"2 Louse","floor":4.0,"turns":1.0},{"damage":0.0,"enemies":"Jaw Worm","floor":5.0,"turns":1.0},{"damage":0.0,"enemies":"Gremlin Nob","floor":6.0,"turns":2.0},{"damage":29.0,"enemies":"Lagavulin","floor":8.0,"turns":6.0},{"damage":18.0,"enemies":"Gremlin Nob","floor":10.0,"turns":3.0},{"damage":4.0,"enemies":"Exordium Thugs","floor":12.0,"turns":3.0},{"damage":3.0,"enemies":"2 Fungi Beasts","floor":14.0,"turns":4.0},{"damage":14.0,"enemies":"Fading Forest","floor":16.0,"turns":11.0},{"damage":7.0,"enemies":"Shell Parasite","floor":18.0,"turns":3.0},{"damage":0.0,"enemies":"Chosen","floor":20.0,"turns":3.0},{"damage":31.0,"enemies":"Book of Stabbing","floor":23.0,"turns":6.0},{"damage":29.0,"enemies":"Slavers","floor":29.0,"turns":4.0},{"damage":3.0,"enemies":"Centurion and Healer","floor":30.0,"turns":3.0},{"damage":45.0,"enemies":"Collector","floor":33.0,"turns":6.0},{"damage":13.0,"enemies":"3 Darklings","floor":35.0,"turns":6.0},{"damage":3,"enemies":"Orb Walker","floor":38,"turns":4},{"damage":14,"enemies":"Giant Head","floor":40,"turns":6},{"damage":28,"enemies":"Spire Growth","floor":41,"turns":6},{"damage":44,"enemies":"R_Hoarder","floor":42,"turns":7},{"damage":73,"enemies":"Sphere and 2 Shapes","floor":44,"turns":8},{"damage":45,"enemies":"Reptomancer","floor":45,"turns":7},{"damage":27,"enemies":"R_Hoarder","floor":47,"turns":7},{"damage":84,"enemies":"Awakened One","floor":50,"turns":7}],"seed_played":"2033507551616265002","potions_obtained":[{"floor":4.0,"key":"Energy Potion"},{"floor":6.0,"key":"SpeedPotion"},{"floor":8.0,"key":"Death Potion"},{"floor":12.0,"key":"ColorlessPotion"}],"is_trial":false,"path_per_floor":["M","$","?","M","M","E","R","E","T","E","R","M","R","M","R","B",null,"M","$","M","$","?","E","R","?","T","?","$","E","M","?","R","B",null,"M","?","$","M","$","E","M","E","T","M","E","R","E","?","R","B",null],"character_chosen":"IRONCLAD","items_purchased":["Lantern","Guide Book","Rupture","Panacea","Replay:Bandana"],"campfire_rested":0,"item_purchase_floors":[19,19,37,37,39],"current_hp_per_floor":[78,78,67,73,79,80,80,57,57,47,47,69,69,74,74,80,80,79,79,80,80,80,74,74,74,74,74,74,80,80,80,80,44,71,80,80,80,80,80,80,80,92,92,50,99,99,101,101,101,57],"gold":302,"neow_bonus":"THREE_ENEMY_KILL","is_daily":false,"chose_seed":false,"campfire_upgraded":8,"win_rate":0.0,"timestamp":1612601896,"path_taken":["M","$","?","M","M","E","R","E","T","E","R","M","R","M","R","BOSS","M","$","M","$","?","E","R","?","T","?","$","E","M","?","R","BOSS","M","?","$","M","?","E","M","E","T","M","E","R","E","?","R","BOSS"],"items_purchased_type":["Relic","Relic","Card","Card","Relic"],"build_version":"2020-12-22","purchased_purges":4,"victory":true,"max_hp_per_floor":[80,80,80,80,80,80,80,80,80,80,80,80,80,80,80,80,80,80,80,80,80,80,80,80,80,80,80,80,80,80,80,80,80,80,80,80,80,80,80,80,80,94,94,97,99,99,101,101,101,101],"card_choices":[{"not_picked":["Warcry","Hemokinesis"],"picked":"Flex","floor":1.0},{"not_picked":["Perfected Strike","Shockwave"],"picked":"Flex","floor":4.0},{"not_picked":["Life Link","Twin Strike"],"picked":"ReplayTheSpireMod:Stacked","floor":5.0},{"not_picked":["ReplayTheSpireMod:LeadingStrike","Shockwave"],"picked":"Shrug It Off","floor":6.0},{"not_picked":["Havoc","Fire Breathing"],"picked":"Reaper","floor":8.0},{"not_picked":["Pommel Strike","Wild Strike"],"picked":"Shockwave","floor":10.0},{"not_picked":["ReplayTheSpireMod:Strike From Hell","Clash","ReplayTheSpireMod:Corrosion Curse"],"picked":"SKIP","floor":12.0},{"not_picked":["Thunderclap","Twin Strike","Pommel Strike"],"picked":"SKIP","floor":14.0},{"not_picked":["Bludgeon","Juggernaut"],"picked":"Limit Break","floor":16.0},{"not_picked":["Run Through","Perfected Strike"],"picked":"True Grit","floor":18.0},{"not_picked":["Pommel Strike","Dropkick"],"picked":"Feel No Pain","floor":20.0},{"not_picked":["Clothesline+1","Flame Barrier+1","Infernal Blade"],"picked":"SKIP","floor":23.0},{"not_picked":["Bloodletting+1","True Grit"],"picked":"Double Tap","floor":29.0},{"not_picked":["Combust","Defy Death"],"picked":"Second Wind+1","floor":30.0},{"not_picked":["Juggernaut","Corruption"],"picked":"Exhume","floor":33.0},{"not_picked":["Searing Blow+1","Feel No Pain+1"],"picked":"Flex+1","floor":35.0},{"not_picked":["Entrench+1","Wild Strike","Perfected Strike+1"],"picked":"SKIP","floor":38},{"not_picked":["ReplayTheSpireMod:Strike From Hell","Clothesline"],"picked":"Dual Wield","floor":40},{"not_picked":["True Grit","Entrench"],"picked":"Feed","floor":41},{"not_picked":["Body Slam","Combust","Warcry+1"],"picked":"SKIP","floor":42},{"not_picked":["ReplayReversal","Carnage+1"],"picked":"Burning Pact+1","floor":44},{"not_picked":["Body Slam","Anger+1","Sever Soul+1"],"picked":"Singing Bowl","floor":45},{"not_picked":["Havoc+1","Perfected Strike+1","Body Slam+1"],"picked":"Singing Bowl","floor":47}],"player_experience":401470,"relics_obtained":[{"floor":6.0,"key":"Blood Vial"},{"floor":8.0,"key":"ReplayTheSpireMod:TigerMarble"},{"floor":9.0,"key":"Blue Doll"},{"floor":10.0,"key":"Ornamental Fan"},{"floor":23.0,"key":"Boot"},{"floor":26.0,"key":"Pen Nib"},{"floor":29.0,"key":"Old Coin"},{"floor":40,"key":"Iron Hammer"},{"floor":42,"key":"Mango"},{"floor":43,"key":"Juzu Bracelet"},{"floor":45,"key":"Singing Bowl"},{"floor":47,"key":"Replay:Mystery Machine"}],"event_choices":[{"damage_healed":0.0,"max_hp_gain":0.0,"max_hp_loss":0.0,"gold_gain":75.0,"event_name":"World of Goop","player_choice":"Gather Gold","floor":3.0,"gold_loss":0.0,"damage_taken":11.0},{"damage_healed":0.0,"max_hp_gain":0.0,"max_hp_loss":0.0,"gold_gain":99.0,"event_name":"Nest","player_choice":"Stole From Cult","floor":25.0,"gold_loss":0.0,"damage_taken":0.0},{"damage_healed":0.0,"max_hp_gain":0.0,"max_hp_loss":0.0,"gold_gain":0.0,"event_name":"Drug Dealer","player_choice":"Obtain J.A.X.","floor":27.0,"gold_loss":0.0,"damage_taken":0.0,"cards_obtained":["J.A.X."]},{"damage_healed":0.0,"max_hp_gain":0.0,"max_hp_loss":0.0,"gold_gain":0.0,"event_name":"Ghosts","player_choice":"Ignored","floor":31.0,"gold_loss":0.0,"damage_taken":0.0},{"damage_healed":0.0,"max_hp_gain":0.0,"max_hp_loss":0.0,"gold_gain":0.0,"event_name":"Lab","player_choice":"Got Potions","floor":36.0,"gold_loss":0.0,"damage_taken":0.0},{"damage_healed":0,"gold_gain":0,"cards_transformed":["Strike_R"],"player_choice":"Transformed","damage_taken":0,"max_hp_gain":0,"max_hp_loss":0,"event_name":"Transmorgrifier","floor":48,"gold_loss":0,"cards_obtained":["Barricade"]}],"is_beta":false,"boss_relics":[{"not_picked":["Replay:Wanted Poster","Replay:Bronze Core"],"picked":"Replay:Grab Bag"},{"not_picked":["Runic Dome","Velvet Choker"],"picked":"Sozu"},{"not_picked":["SlaversCollar","Philosopher\u0027s Stone"],"picked":"Coffee Dripper"},{"not_picked":["Mark of Pain","Black Blood"],"picked":"Runic Pyramid"},{"not_picked":["Replay:Drink Me","Snecko Eye"],"picked":"Runic Cube"}],"items_purged_floors":[2,19,28,37],"is_endless":false,"potions_floor_spawned":[4,6,8,12,20,23,29,33,38,41],"ascension_level":7}}