{"host":"5fpb1gzflhq9886n","time":1612636869,"event":{"mods":["AchievementEnabler","BaseMod","Colored Map","Colored Powertips","Minty Spire (QoL Compilation)","Permanent Neow"],"gold_per_floor":[119,138,138,313,92,125,125,153,179,179,194,194,115,146,146,251,251,266,286,196,216,141,141,141,171,171,203,220,238,257,272,272,373,373,388,443,42,58,58,93,93,123,123,345,345,365,55,66,66,66,66],"floor_reached":50,"language":"ENG","playtime":3601,"items_purged":["Doubt"],"score":748,"play_id":"96b38690-f37d-49a6-bfe5-443b5d4d574e","local_time":"20210206134109","is_ascension_mode":true,"campfire_choices":[{"floor":7.0,"key":"REST"},{"floor":15.0,"key":"REST"},{"floor":23.0,"key":"RECALL"},{"floor":32.0,"key":"REST"},{"floor":41.0,"key":"REST"},{"floor":49,"key":"REST"}],"circlet_count":0,"master_deck":["Strike_R","Strike_R","Strike_R","Strike_R","Defend_R","Defend_R+1","Defend_R","Bash","Cleave","Whirlwind","Spot Weakness","Uppercut","Intimidate","Demon Form","Twin Strike","Carnage","Shockwave","Barricade","Shrug It Off","Metallicize+1","Perfected Strike+1","Dark Embrace","Havoc+1","Armaments","Evolve","Flex+1","Feed","Iron Wave+1","Shrug It Off+1","Fire Breathing+1","Dark Shackles","Seeing Red","Warcry+1","Perfected Strike+1","Limit Break"],"relics":["Burning Blood","Oddly Smooth Stone","Pocketwatch","Ancient Tea Set","Kunai","Dream Catcher","Fusion Hammer","FossilizedHelix","Question Card","Red Mask","Runic Cube","Incense Burner","Regal Pillow","HornCleat","Shuriken","Turnip","Frozen Egg 2","Omamori","TungstenRod"],"acts_visited":["Exordium","TheCity","TheBeyond"],"potions_floor_usage":[48],"damage_taken":[{"damage":1.0,"enemies":"Cultist","floor":1.0,"turns":3.0},{"damage":7.0,"enemies":"2 Louse","floor":2.0,"turns":2.0},{"damage":49.0,"enemies":"Lagavulin","floor":6.0,"turns":6.0},{"damage":28.0,"enemies":"3 Sentries","floor":8.0,"turns":5.0},{"damage":3.0,"enemies":"Jaw Worm","floor":11.0,"turns":5.0},{"damage":40.0,"enemies":"Gremlin Nob","floor":14.0,"turns":4.0},{"damage":33.0,"enemies":"Slime Boss","floor":16.0,"turns":6.0},{"damage":3.0,"enemies":"3 Byrds","floor":18.0,"turns":4.0},{"damage":21.0,"enemies":"2 Thieves","floor":19.0,"turns":4.0},{"damage":4.0,"enemies":"Centurion and Healer","floor":21.0,"turns":5.0},{"damage":27.0,"enemies":"Book of Stabbing","floor":25.0,"turns":5.0},{"damage":9.0,"enemies":"Masked Bandits","floor":27.0,"turns":3.0},{"damage":16.0,"enemies":"Shelled Parasite and Fungi","floor":28.0,"turns":5.0},{"damage":8.0,"enemies":"Chosen and Byrds","floor":29.0,"turns":5.0},{"damage":6.0,"enemies":"Snake Plant","floor":30.0,"turns":4.0},{"damage":19.0,"enemies":"Centurion and Healer","floor":31.0,"turns":4.0},{"damage":29.0,"enemies":"Champ","floor":33.0,"turns":10.0},{"damage":8.0,"enemies":"3 Shapes","floor":35.0,"turns":2.0},{"damage":44.0,"enemies":"2 Orb Walkers","floor":36.0,"turns":6.0},{"damage":0.0,"enemies":"Orb Walker","floor":38.0,"turns":3.0},{"damage":34.0,"enemies":"Reptomancer","floor":40.0,"turns":9.0},{"damage":33.0,"enemies":"Giant Head","floor":42.0,"turns":8.0},{"damage":4.0,"enemies":"Sphere and 2 Shapes","floor":46.0,"turns":5.0},{"damage":6,"enemies":"3 Darklings","floor":48,"turns":6},{"damage":81,"enemies":"Donu and Deca","floor":50,"turns":7}],"seed_played":"-8400611531542377617","potions_obtained":[{"floor":2.0,"key":"Swift Potion"},{"floor":6.0,"key":"Energy Potion"},{"floor":14.0,"key":"Swift Potion"},{"floor":21.0,"key":"CultistPotion"},{"floor":30.0,"key":"Dexterity Potion"},{"floor":33.0,"key":"BlessingOfTheForge"},{"floor":38.0,"key":"Dexterity Potion"},{"floor":46.0,"key":"ColorlessPotion"}],"is_trial":false,"path_per_floor":["M","M","?","?","$","E","R","E","T","?","M","T","$","E","R","B",null,"M","M","?","M","?","R","$","E","T","?","M","M","M","M","R","B",null,"M","?","$","M","?","E","R","E","T","?","T","M","$","M","R","B"],"character_chosen":"IRONCLAD","items_purchased":["Spot Weakness","Uppercut","Carnage","Regal Pillow","HornCleat","TungstenRod"],"campfire_rested":5,"item_purchase_floors":[5,5,13,37,37,47],"current_hp_per_floor":[88,87,69,69,69,26,52,30,30,59,62,62,62,28,54,27,73,76,61,61,63,63,63,63,42,42,39,29,27,27,14,40,17,70,68,30,30,36,36,8,49,22,22,22,22,27,27,27,69,0,0],"gold":66,"neow_bonus":"TEN_PERCENT_HP_BONUS","is_daily":false,"chose_seed":false,"campfire_upgraded":0,"win_rate":0.0,"timestamp":1612636869,"path_taken":["M","M","?","?","$","E","R","E","T","?","M","?","$","E","R","BOSS","M","M","?","?","?","R","$","E","T","?","M","M","M","?","R","BOSS","M","?","$","M","?","E","R","E","T","?","?","?","?","M","R","BOSS"],"items_purchased_type":["Card","Card","Card","Relic","Relic","Relic"],"build_version":"2020-12-22","purchased_purges":1,"victory":false,"max_hp_per_floor":[88,88,88,88,88,88,88,88,88,88,88,88,88,88,88,88,88,88,88,88,88,88,88,88,88,88,88,88,88,88,88,88,88,88,88,88,88,88,88,88,88,88,88,88,88,91,91,91,91,91,91],"card_choices":[{"not_picked":["Warcry","Flex"],"picked":"Cleave","floor":1.0},{"not_picked":["Cleave","Thunderclap"],"picked":"Whirlwind","floor":2.0},{"not_picked":["Havoc","Rampage"],"picked":"Intimidate","floor":6.0},{"not_picked":["Twin Strike","Wild Strike"],"picked":"Demon Form","floor":8.0},{"not_picked":["Cleave","Reckless Charge"],"picked":"Twin Strike","floor":11.0},{"not_picked":["Whirlwind","Spot Weakness"],"picked":"Shockwave","floor":14.0},{"not_picked":["Corruption","Exhume"],"picked":"Barricade","floor":16.0},{"not_picked":["Anger","Sword Boomerang"],"picked":"Shrug It Off","floor":18.0},{"not_picked":["Perfected Strike","Reckless Charge"],"picked":"Metallicize+1","floor":19.0},{"not_picked":["Uppercut+1","Spot Weakness+1"],"picked":"Perfected Strike+1","floor":21.0},{"not_picked":["Uppercut+1","Reckless Charge"],"picked":"Dark Embrace","floor":25.0},{"not_picked":["Searing Blow+1","Dark Embrace","Flame Barrier"],"picked":"Havoc+1","floor":27.0},{"not_picked":["Dark Embrace","Body Slam","Twin Strike+1"],"picked":"Armaments","floor":28.0},{"not_picked":["Inflame","Pommel Strike","Thunderclap"],"picked":"Evolve","floor":29.0},{"not_picked":["Pommel Strike+1","Twin Strike+1","Second Wind"],"picked":"Flex+1","floor":30.0},{"not_picked":["Burning Pact","Cleave+1","Blood for Blood+1","Headbutt"],"picked":"SKIP","floor":31.0},{"not_picked":["Immolate","Impervious","Reaper"],"picked":"Feed","floor":33.0},{"not_picked":["Sword Boomerang","Dropkick","Perfected Strike"],"picked":"Iron Wave+1","floor":35.0},{"not_picked":["Intimidate","Cleave+1","Havoc"],"picked":"Shrug It Off+1","floor":36.0},{"not_picked":["Bludgeon","Heavy Blade","Perfected Strike+1"],"picked":"Fire Breathing+1","floor":38.0},{"not_picked":["Jack Of All Trades","Forethought","Thinking Ahead"],"picked":"Dark Shackles","floor":39.0},{"not_picked":["Wild Strike+1","Fire Breathing","Perfected Strike"],"picked":"Seeing Red","floor":40.0},{"not_picked":["Shrug It Off+1","Anger+1","Sword Boomerang"],"picked":"Warcry+1","floor":41.0},{"not_picked":["Shrug It Off","Sword Boomerang","Warcry+1","Carnage+1"],"picked":"SKIP","floor":42.0},{"not_picked":["Iron Wave","Rampage","Warcry+1","Battle Trance+1"],"picked":"SKIP","floor":46.0},{"not_picked":["Sword Boomerang","Armaments+1","Pommel Strike+1"],"picked":"Perfected Strike+1","floor":48},{"not_picked":["Metallicize+1","Blood for Blood","Twin Strike+1"],"picked":"Limit Break","floor":49}],"player_experience":807678,"relics_obtained":[{"floor":6.0,"key":"Pocketwatch"},{"floor":8.0,"key":"Ancient Tea Set"},{"floor":12.0,"key":"Kunai"},{"floor":14.0,"key":"Dream Catcher"},{"floor":25.0,"key":"FossilizedHelix"},{"floor":26.0,"key":"Question Card"},{"floor":27.0,"key":"Red Mask"},{"floor":36.0,"key":"Incense Burner"},{"floor":40.0,"key":"Shuriken"},{"floor":42.0,"key":"Turnip"},{"floor":43.0,"key":"Frozen Egg 2"},{"floor":45.0,"key":"Omamori"}],"event_choices":[{"damage_healed":0.0,"max_hp_gain":0.0,"max_hp_loss":0.0,"gold_gain":0.0,"event_name":"Scrap Ooze","player_choice":"Success","floor":3.0,"gold_loss":0.0,"damage_taken":18.0,"relics_obtained":["Oddly Smooth Stone"]},{"damage_healed":0.0,"max_hp_gain":0.0,"max_hp_loss":0.0,"gold_gain":175.0,"event_name":"Liars Game","player_choice":"AGREE","floor":4.0,"gold_loss":0.0,"damage_taken":0.0,"cards_obtained":["Doubt"]},{"damage_healed":29.0,"max_hp_gain":0.0,"max_hp_loss":0.0,"gold_gain":0.0,"event_name":"Big Fish","player_choice":"Banana","floor":10.0,"gold_loss":0.0,"damage_taken":0.0},{"cards_removed":["Defend_R"],"damage_healed":0.0,"max_hp_gain":0.0,"max_hp_loss":0.0,"gold_gain":0.0,"event_name":"Designer","player_choice":"Upgrade and Remove","floor":20.0,"gold_loss":90.0,"damage_taken":0.0,"cards_upgraded":["Defend_R"]},{"cards_removed":["Strike_R"],"damage_healed":0.0,"max_hp_gain":0.0,"max_hp_loss":0.0,"gold_gain":0.0,"event_name":"Beggar","player_choice":"Gave Gold","floor":22.0,"gold_loss":75.0,"damage_taken":0.0},{"damage_healed":0.0,"max_hp_gain":0.0,"max_hp_loss":0.0,"gold_gain":0.0,"event_name":"Masked Bandits","player_choice":"Fought Bandits","floor":27.0,"gold_loss":0.0,"damage_taken":0.0},{"damage_healed":0.0,"max_hp_gain":0.0,"max_hp_loss":0.0,"gold_gain":0.0,"event_name":"Mysterious Sphere","player_choice":"Fight","floor":36.0,"gold_loss":0.0,"damage_taken":0.0},{"damage_healed":0.0,"max_hp_gain":0.0,"max_hp_loss":0.0,"gold_gain":0.0,"event_name":"SensoryStone","player_choice":"Memory 1","floor":39.0,"gold_loss":0.0,"damage_taken":0.0},{"damage_healed":0.0,"max_hp_gain":0.0,"max_hp_loss":0.0,"gold_gain":222.0,"event_name":"Tomb of Lord Red Mask","player_choice":"Wore Mask","floor":44.0,"gold_loss":0.0,"damage_taken":0.0}],"is_beta":false,"boss_relics":[{"not_picked":["Empty Cage","Black Star"],"picked":"Fusion Hammer"},{"not_picked":["Astrolabe","Pandora\u0027s Box"],"picked":"Runic Cube"}],"items_purged_floors":[5],"is_endless":false,"potions_floor_spawned":[2,6,14,21,30,33,38,46],"killed_by":"Donu and Deca","ascension_level":5}}