{"host":"mnpd8gh7cwxsn5kh","time":1612648189,"event":{"mods":["BaseMod","Bestiary","Block Reminder","Colored Map","Colored Powertips","Highlight Path","Minty Spire (QoL Compilation)","Relic Sorter","Relic Stats"],"gold_per_floor":[114,189,200,200,215,248,248,273,296,296,296,323,336,23,23,123,123,137,137,97,112,122,155,155,3,3,33,53,85,98,110,110,205,205,223,242,255,255,267,296,306,333,333,361,411,9,9,40,40,40],"floor_reached":51,"language":"ENG","playtime":5475,"items_purged":["Strike_P","Defend_P"],"score":1393,"play_id":"8173927e-3b54-49a2-a485-cf3ee9839240","local_time":"20210206224949","is_ascension_mode":true,"campfire_choices":[{"floor":7,"key":"REST"},{"floor":10,"key":"REST"},{"data":"Eruption","floor":15,"key":"SMITH"},{"data":"TalkToTheHand","floor":24,"key":"SMITH"},{"data":"Perseverance","floor":32,"key":"SMITH"},{"data":"Vault","floor":49,"key":"SMITH"}],"circlet_count":0,"master_deck":["AscendersBane","Strike_P","Strike_P+1","Defend_P+1","Eruption+1","Vigilance","Protect","Meditate","CutThroughFate+1","BattleHymn","Protect","TalkToTheHand+1","EmptyFist+1","Vault+1","Wireheading+1","Conclude+1","Crescendo+1","Perseverance+1","EmptyBody+1","Halt","ThirdEye+1","Halt+1","FlurryOfBlows","SandsOfTime+1","LessonLearned","FlurryOfBlows+1","Wallop+1","Evaluate+1","SashWhip+1","Protect+1","Ragnarok+1","EmptyBody+1","Sanctity+1","Meditate+1"],"relics":["Black Star","Anchor","Whetstone","Letter Opener","Bottled Tornado","PreservedInsect","NlothsMask","Meat on the Bone","Akabeko","Eternal Feather","Cursed Key","Ginger","StoneCalendar","Frozen Eye","Lantern","StrikeDummy","InkBottle","Omamori","Empty Cage","The Courier","Molten Egg 2","TungstenRod","Juzu Bracelet","Gremlin Horn","Bottled Lightning","Prayer Wheel","Orrery","Pear","Toxic Egg 2","Regal Pillow"],"acts_visited":["Exordium","TheCity","TheBeyond"],"potions_floor_usage":[8,23,27,29,36,44,50,50],"damage_taken":[{"damage":7,"enemies":"2 Louse","floor":1,"turns":4},{"damage":0,"enemies":"Jaw Worm","floor":3,"turns":3},{"damage":0,"enemies":"Small Slimes","floor":5,"turns":4},{"damage":52,"enemies":"3 Sentries","floor":6,"turns":17},{"damage":34,"enemies":"Gremlin Nob","floor":8,"turns":5},{"damage":8,"enemies":"Lagavulin","floor":12,"turns":5},{"damage":4,"enemies":"Gremlin Gang","floor":13,"turns":6},{"damage":0,"enemies":"Slime Boss","floor":16,"turns":8},{"damage":19,"enemies":"2 Thieves","floor":18,"turns":4},{"damage":0,"enemies":"Chosen","floor":21,"turns":3},{"damage":2,"enemies":"Snecko","floor":22,"turns":3},{"damage":27,"enemies":"Book of Stabbing","floor":23,"turns":5},{"damage":4,"enemies":"Slavers","floor":27,"turns":2},{"damage":11,"enemies":"Snake Plant","floor":28,"turns":3},{"damage":16,"enemies":"Book of Stabbing","floor":29,"turns":5},{"damage":2,"enemies":"Chosen and Byrds","floor":30,"turns":3},{"damage":6,"enemies":"Snecko","floor":31,"turns":5},{"damage":28,"enemies":"Automaton","floor":33,"turns":9},{"damage":1,"enemies":"Orb Walker","floor":35,"turns":3},{"damage":5,"enemies":"3 Darklings","floor":36,"turns":7},{"damage":5,"enemies":"4 Shapes","floor":37,"turns":7},{"damage":0,"enemies":"Maw","floor":39,"turns":7},{"damage":17,"enemies":"Reptomancer","floor":40,"turns":7},{"damage":3,"enemies":"Jaw Worm Horde","floor":41,"turns":4},{"damage":3,"enemies":"Giant Head","floor":42,"turns":5},{"damage":0,"enemies":"Nemesis","floor":44,"turns":4},{"damage":0,"enemies":"Mind Bloom Boss Battle","floor":45,"turns":4},{"damage":0,"enemies":"Giant Head","floor":48,"turns":5},{"damage":55,"enemies":"Time Eater","floor":50,"turns":12}],"seed_played":"8646476722198800578","potions_obtained":[{"floor":5,"key":"Weak Potion"},{"floor":13,"key":"FairyPotion"},{"floor":16,"key":"LiquidBronze"},{"floor":21,"key":"FearPotion"},{"floor":23,"key":"StancePotion"},{"floor":31,"key":"Swift Potion"},{"floor":35,"key":"ColorlessPotion"},{"floor":37,"key":"EssenceOfSteel"},{"floor":41,"key":"SpeedPotion"},{"floor":48,"key":"EssenceOfSteel"}],"is_trial":false,"path_per_floor":["M","?","M","?","M","E","R","E","T","R","?","E","M","$","R","B",null,"M","?","$","M","M","E","R","$","T","E","M","E","M","M","R","B",null,"M","M","M","?","M","E","M","E","T","E","?","$","?","E","R","B",null],"character_chosen":"WATCHER","items_purchased":["Eternal Feather","Conclude","Frozen Eye","Orrery","Pear"],"campfire_rested":2,"item_purchase_floors":[14,20,25,46,46],"current_hp_per_floor":[58,47,47,71,71,19,40,6,6,27,27,19,27,27,36,48,66,47,47,47,47,45,30,42,42,42,38,39,35,45,39,54,38,64,63,58,53,53,53,48,45,42,42,42,42,52,52,52,70,27],"gold":40,"neow_bonus":"BOSS_RELIC","is_daily":false,"chose_seed":false,"campfire_upgraded":4,"win_rate":0.0,"timestamp":1612648189,"path_taken":["M","?","M","?","?","E","R","E","T","R","?","E","?","$","R","BOSS","M","?","?","?","M","E","R","?","T","E","M","E","M","M","R","BOSS","M","M","?","?","M","E","M","E","T","E","?","$","?","E","R","BOSS"],"items_purchased_type":["Relic","Card","Relic","Relic","Relic"],"build_version":"2020-12-22","purchased_purges":2,"victory":true,"max_hp_per_floor":[72,72,72,72,72,72,72,72,72,72,72,72,72,72,72,72,72,72,72,72,72,72,72,72,72,72,72,72,72,72,72,72,72,72,72,72,72,72,72,72,72,72,72,72,72,82,78,78,78,78],"relic_stats":{"Regal Pillow":0,"Gremlin Horn":[1,1],"counters":[29,159],"Eternal Feather":54,"StoneCalendar":[154],"PreservedInsect":539,"Juzu Bracelet":0,"Whetstone":["CutThroughFate","Strike_P"],"Letter Opener":[66],"Ginger":[9],"Cursed Key":1,"Prayer Wheel":0,"Black Star":10,"obtain_stats":[{"Lantern":27,"Regal Pillow":48,"Gremlin Horn":44,"StoneCalendar":23,"Juzu Bracelet":42,"Whetstone":6,"Ginger":23,"Bottled Tornado":8,"Cursed Key":17,"Empty Cage":34,"Frozen Eye":25,"Prayer Wheel":45,"Toxic Egg 2":48,"InkBottle":29,"Pear":46,"Eternal Feather":14,"PreservedInsect":9,"The Courier":40,"Omamori":29,"Letter Opener":8,"Akabeko":12,"Anchor":6,"Orrery":46,"Molten Egg 2":40,"Black Star":0,"Bottled Lightning":44,"PureWater":0,"StrikeDummy":27,"TungstenRod":42,"NlothsMask":11,"Meat on the Bone":12},{"Lantern":13,"Regal Pillow":28,"Gremlin Horn":26,"StoneCalendar":12,"Juzu Bracelet":25,"Whetstone":4,"Ginger":12,"Bottled Tornado":5,"Cursed Key":8,"Empty Cage":18,"Frozen Eye":12,"Prayer Wheel":27,"Toxic Egg 2":28,"InkBottle":15,"Pear":27,"Eternal Feather":7,"PreservedInsect":5,"The Courier":23,"Omamori":15,"Letter Opener":5,"Akabeko":6,"Anchor":4,"Orrery":27,"Molten Egg 2":23,"Black Star":0,"Bottled Lightning":26,"PureWater":0,"StrikeDummy":13,"TungstenRod":25,"NlothsMask":5,"Meat on the Bone":6},{"Lantern":69,"Regal Pillow":147,"Gremlin Horn":138,"StoneCalendar":67,"Juzu Bracelet":134,"Whetstone":28,"Ginger":67,"Bottled Tornado":33,"Cursed Key":52,"Empty Cage":94,"Frozen Eye":67,"Prayer Wheel":142,"Toxic Egg 2":147,"InkBottle":77,"Pear":142,"Eternal Feather":44,"PreservedInsect":33,"The Courier":125,"Omamori":77,"Letter Opener":33,"Akabeko":38,"Anchor":28,"Orrery":142,"Molten Egg 2":125,"Black Star":0,"Bottled Lightning":138,"PureWater":0,"StrikeDummy":69,"TungstenRod":134,"NlothsMask":33,"Meat on the Bone":38}],"InkBottle":[35],"TungstenRod":8,"Meat on the Bone":108},"card_choices":[{"not_picked":["Swivel","Sanctity"],"picked":"Protect","floor":1},{"not_picked":["FlyingSleeves","JustLucky"],"picked":"Meditate","floor":3},{"not_picked":["FlyingSleeves","FlurryOfBlows"],"picked":"CutThroughFate","floor":5},{"not_picked":["Halt","Prostrate"],"picked":"BattleHymn","floor":6},{"not_picked":["InnerPeace","SandsOfTime"],"picked":"Protect","floor":8},{"not_picked":["Collect","Sanctity"],"picked":"TalkToTheHand","floor":12},{"not_picked":["EmptyBody","Protect"],"picked":"EmptyFist","floor":13},{"not_picked":["DeusExMachina","Ragnarok"],"picked":"Vault","floor":16},{"not_picked":["Protect","FlyingSleeves+1"],"picked":"Wireheading","floor":18},{"not_picked":["SashWhip","FlyingSleeves+1"],"picked":"Crescendo","floor":21},{"not_picked":["JustLucky+1","SignatureMove"],"picked":"Perseverance","floor":22},{"not_picked":["Prostrate","Wireheading"],"picked":"EmptyBody+1","floor":23},{"not_picked":["Study","FlyingSleeves"],"picked":"Halt","floor":27},{"not_picked":["PathToVictory","EmptyBody"],"picked":"ThirdEye+1","floor":28},{"not_picked":["Consecrate+1","FlyingSleeves+1"],"picked":"Halt+1","floor":29},{"not_picked":["Prostrate","Vengeance"],"picked":"FlurryOfBlows","floor":30},{"not_picked":["Consecrate","Prostrate"],"picked":"SandsOfTime+1","floor":31},{"not_picked":["ConjureBlade","DevaForm"],"picked":"LessonLearned","floor":33},{"not_picked":["FollowUp+1","CutThroughFate"],"picked":"FlurryOfBlows+1","floor":35},{"not_picked":["BowlingBash","PathToVictory","Evaluate"],"picked":"SKIP","floor":36},{"not_picked":["Fasting2+1","CrushJoints"],"picked":"Wallop+1","floor":37},{"not_picked":["LikeWater","FollowUp+1"],"picked":"Evaluate+1","floor":39},{"not_picked":["Evaluate","ForeignInfluence","FollowUp+1"],"picked":"SKIP","floor":40},{"not_picked":["Conclude+1","ThirdEye"],"picked":"SashWhip+1","floor":41},{"not_picked":["FlurryOfBlows+1","DevaForm"],"picked":"Protect+1","floor":42},{"not_picked":["WreathOfFlame+1","SashWhip+1","Crescendo"],"picked":"SKIP","floor":44},{"not_picked":["Study+1","EmptyBody"],"picked":"Ragnarok+1","floor":46},{"not_picked":["Consecrate+1","FollowUp+1"],"picked":"EmptyBody+1","floor":46},{"not_picked":["Crescendo+1","ThirdEye+1"],"picked":"Sanctity+1","floor":46},{"not_picked":["Prostrate+1","Perseverance"],"picked":"Meditate+1","floor":46},{"not_picked":["DeusExMachina+1","FlyingSleeves+1","CrushJoints+1"],"picked":"SKIP","floor":48}],"player_experience":358562,"relics_obtained":[{"floor":6,"key":"Anchor"},{"floor":6,"key":"Whetstone"},{"floor":8,"key":"Letter Opener"},{"floor":8,"key":"Bottled Tornado"},{"floor":9,"key":"PreservedInsect"},{"floor":12,"key":"Meat on the Bone"},{"floor":12,"key":"Akabeko"},{"floor":23,"key":"Ginger"},{"floor":23,"key":"StoneCalendar"},{"floor":27,"key":"Lantern"},{"floor":27,"key":"StrikeDummy"},{"floor":29,"key":"InkBottle"},{"floor":29,"key":"Omamori"},{"floor":40,"key":"The Courier"},{"floor":40,"key":"Molten Egg 2"},{"floor":42,"key":"TungstenRod"},{"floor":42,"key":"Juzu Bracelet"},{"floor":44,"key":"Gremlin Horn"},{"floor":44,"key":"Bottled Lightning"},{"floor":45,"key":"Prayer Wheel"},{"floor":48,"key":"Toxic Egg 2"},{"floor":48,"key":"Regal Pillow"}],"event_choices":[{"damage_healed":0,"gold_gain":75,"player_choice":"Gather Gold","damage_taken":11,"max_hp_gain":0,"max_hp_loss":0,"event_name":"World of Goop","floor":2,"gold_loss":0},{"damage_healed":24,"gold_gain":0,"player_choice":"Banana","damage_taken":0,"max_hp_gain":0,"max_hp_loss":0,"event_name":"Big Fish","floor":4,"gold_loss":0},{"damage_healed":0,"gold_gain":0,"player_choice":"Trade","damage_taken":0,"relics_obtained":["NlothsMask"],"max_hp_gain":0,"max_hp_loss":0,"event_name":"FaceTrader","floor":11,"gold_loss":0},{"cards_removed":["Defend_P"],"damage_healed":0,"gold_gain":0,"player_choice":"Offered Basic","damage_taken":0,"max_hp_gain":0,"max_hp_loss":0,"event_name":"Bonfire Elementals","floor":19,"gold_loss":0},{"damage_healed":0,"gold_gain":0,"player_choice":"Ignored","damage_taken":0,"max_hp_gain":0,"max_hp_loss":0,"event_name":"Tomb of Lord Red Mask","floor":38,"gold_loss":0},{"damage_healed":0,"gold_gain":0,"player_choice":"Fight","damage_taken":0,"max_hp_gain":0,"max_hp_loss":0,"event_name":"MindBloom","floor":45,"gold_loss":0},{"damage_healed":0,"gold_gain":0,"player_choice":"Max HP","damage_taken":0,"max_hp_gain":0,"max_hp_loss":4,"event_name":"Winding Halls","floor":47,"gold_loss":0}],"is_beta":false,"boss_relics":[{"not_picked":["SlaversCollar","Tiny House"],"picked":"Cursed Key"},{"not_picked":["Snecko Eye","SacredBark"],"picked":"Empty Cage"}],"items_purged_floors":[14,46],"is_endless":false,"potions_floor_spawned":[5,13,16,21,23,31,35,37,41,48],"ascension_level":10}}