{"host":"815dqs41i1y8uxms","time":1612641578,"event":{"mods":["2.2 Compatiblity","A Penny For Your Troubles","Act Like it!","BaseMod","Dark Map","Elementarium","Fox Events","Jorbs\u0027s Wanderer Trilogy","Minty Spire (QoL Compilation)","Rare Cards Sparkle","Shop Mod","Spire Arcade","StSLib","The Marked"],"gold_per_floor":[119,130,130,146,162,162,17,47,123,123,135,153,228,171,171,171,171],"floor_reached":16,"language":"ENG","playtime":711,"items_purged":[],"score":102,"play_id":"20c427ca-4224-4ca3-88e4-aedccea9449b","local_time":"20210206205938","is_ascension_mode":false,"campfire_choices":[{"data":"theMarked:RepellingDischarge","floor":6,"key":"SMITH"},{"floor":15,"key":"REST"}],"circlet_count":0,"master_deck":["theMarked:Strike","theMarked:Strike","theMarked:Strike+1","theMarked:Strike","theMarked:Strike","theMarked:Defend+1","theMarked:Defend","theMarked:Defend","theMarked:Defend","theMarked:SoldierOfQuellstein","theMarked:MysticalArsenal","theMarked:BanishingWave+1","theMarked:WardOff","theMarked:RepellingDischarge+1","theMarked:Parkour","theMarked:TunnelVision","theMarked:TakeOffHeels"],"relics":["theMarked:ArtifactOfAir","Omamori","MerchantsRug","Incense Burner","Bottled Tornado","Smiling Mask"],"acts_visited":["Exordium"],"potions_floor_usage":[8,8],"damage_taken":[{"damage":0,"enemies":"2 Louse","floor":1,"turns":3},{"damage":2,"enemies":"Cultist","floor":2,"turns":5},{"damage":12,"enemies":"Small Slimes","floor":4,"turns":3},{"damage":0,"enemies":"Gremlin Gang","floor":5,"turns":1},{"damage":13,"enemies":"3 Sentries","floor":8,"turns":7},{"damage":0,"enemies":"2 Fungi Beasts","floor":11,"turns":2},{"damage":0,"enemies":"Large Slime","floor":12,"turns":5},{"damage":40,"enemies":"Hexaghost","floor":16,"turns":9}],"seed_played":"-6351082810144988633","potions_obtained":[{"floor":4,"key":"DuplicationPotion"},{"floor":5,"key":"AttackPotion"}],"is_trial":false,"path_per_floor":["M","M","?","M","M","R","$","E","T","?","M","M","?","?","R","B"],"character_chosen":"THE_DEFAULT","items_purchased":["MerchantsRug"],"campfire_rested":1,"item_purchase_floors":[7],"current_hp_per_floor":[70,68,68,56,56,56,56,43,43,29,29,29,18,18,39,0,0],"gold":171,"neow_bonus":"RANDOM_COMMON_RELIC","is_daily":false,"chose_seed":false,"campfire_upgraded":1,"win_rate":0.0,"timestamp":1612641578,"path_taken":["M","M","?","M","M","R","$","E","T","?","M","M","?","?","R","BOSS"],"items_purchased_type":["Relic"],"build_version":"2020-12-22","purchased_purges":0,"victory":false,"max_hp_per_floor":[70,70,70,70,70,70,70,70,70,70,70,70,70,70,70,70,70],"card_choices":[{"not_picked":["theMarked:ChainLightning","theMarked:EnhanceMovement"],"picked":"theMarked:MysticalArsenal","floor":1},{"not_picked":["theMarked:ResourceFulStrike","theMarked:Maelstrom"],"picked":"theMarked:BanishingWave","floor":2},{"not_picked":["theMarked:TakeCover","theMarked:HeightenedSenses"],"picked":"theMarked:WardOff","floor":4},{"not_picked":["theMarked:Electrocute","theMarked:WastefulAttack"],"picked":"theMarked:RepellingDischarge","floor":5},{"not_picked":["theMarked:WastefulAttack","theMarked:TunnelVision"],"picked":"theMarked:Parkour","floor":8},{"not_picked":["theMarked:Parkour","theMarked:ChainLightning"],"picked":"theMarked:TunnelVision","floor":11},{"not_picked":["theMarked:Frustration","theMarked:TakeCover"],"picked":"theMarked:TakeOffHeels","floor":12}],"player_experience":3883728,"relics_obtained":[{"floor":8,"key":"Incense Burner"},{"floor":9,"key":"Bottled Tornado"}],"event_choices":[{"damage_healed":0,"gold_gain":0,"player_choice":"Grow","damage_taken":0,"max_hp_gain":0,"max_hp_loss":0,"event_name":"Living Wall","floor":3,"gold_loss":0,"cards_upgraded":["theMarked:BanishingWave"]},{"damage_healed":0,"gold_gain":0,"player_choice":"Entered Light","damage_taken":14,"max_hp_gain":0,"max_hp_loss":0,"event_name":"Shining Light","floor":10,"gold_loss":0,"cards_upgraded":["theMarked:Defend","theMarked:Strike"]},{"damage_healed":0,"gold_gain":75,"player_choice":"Gather Gold","damage_taken":11,"max_hp_gain":0,"max_hp_loss":0,"event_name":"World of Goop","floor":13,"gold_loss":0},{"damage_healed":0,"gold_gain":0,"player_choice":"Paid Gold","damage_taken":0,"relics_obtained":["Smiling Mask"],"max_hp_gain":0,"max_hp_loss":0,"event_name":"WeMeetAgain","floor":14,"gold_loss":57}],"is_beta":false,"boss_relics":[],"items_purged_floors":[],"is_endless":false,"potions_floor_spawned":[4,5],"killed_by":"Hexaghost","ascension_level":0}}