{"host":"0k696jvpnlqjk4gh","time":1612614554,"event":{"mods":["AchievementEnabler","BaseMod","Colored Map","Colored Powertips","Minty Spire (QoL Compilation)","Quick Restart"],"gold_per_floor":[119,119,119,119,169,169,179,211,211,57,70,103,103,118,118,223,223,233,248,179,212,212,212,212],"floor_reached":23,"language":"ENG","playtime":2914,"items_purged":["Regret"],"score":266,"play_id":"f6ac40ed-2403-4ec8-a15f-3a43f08efc70","local_time":"20210206122914","is_ascension_mode":true,"campfire_choices":[{"data":"Sunder","floor":6.0,"key":"SMITH"},{"data":"Defragment","floor":13.0,"key":"SMITH"},{"floor":15.0,"key":"REST"}],"circlet_count":0,"master_deck":["Strike_B","Strike_B","Strike_B","Strike_B","Defend_B","Defend_B","Defend_B+1","Defend_B","Zap+1","Dualcast","Sunder+1","Melter","Defragment+1","Redo","Fusion","Echo Form","Static Discharge","Necronomicurse"],"relics":["Cracked Core","NeowsBlessing","Eternal Feather","Boot","Pantograph","Meat on the Bone","Mercury Hourglass","Runic Pyramid","Red Mask","Necronomicon"],"acts_visited":["Exordium","TheCity"],"potions_floor_usage":[19,21],"damage_taken":[{"damage":0.0,"enemies":"Small Slimes","floor":1.0,"turns":1.0},{"damage":0.0,"enemies":"Jaw Worm","floor":7.0,"turns":1.0},{"damage":0.0,"enemies":"Lagavulin","floor":8.0,"turns":1.0},{"damage":0.0,"enemies":"Cultist","floor":11.0,"turns":2.0},{"damage":16.0,"enemies":"Gremlin Nob","floor":12.0,"turns":3.0},{"damage":18.0,"enemies":"Large Slime","floor":14.0,"turns":3.0},{"damage":24.0,"enemies":"The Guardian","floor":16.0,"turns":9.0},{"damage":0.0,"enemies":"Spheric Guardian","floor":18.0,"turns":1.0},{"damage":17,"enemies":"Shell Parasite","floor":19,"turns":4},{"damage":11,"enemies":"Masked Bandits","floor":21,"turns":4},{"damage":32,"enemies":"Gremlin Leader","floor":23,"turns":2}],"seed_played":"-5978168322041350407","potions_obtained":[{"floor":7.0,"key":"Fire Potion"},{"floor":11.0,"key":"GamblersBrew"},{"floor":16.0,"key":"FocusPotion"},{"floor":19,"key":"AttackPotion"}],"is_trial":false,"path_per_floor":["M","?","$","?","T","R","M","E","T","$","M","E","R","M","R","B",null,"M","M","$","?","?","E"],"character_chosen":"DEFECT","items_purchased":["Defragment","Static Discharge"],"campfire_rested":1,"item_purchase_floors":[10,20],"current_hp_per_floor":[75,60,60,60,60,66,66,66,66,66,66,50,56,38,69,51,75,75,58,58,47,31,0,0],"gold":212,"neow_bonus":"THREE_ENEMY_KILL","is_daily":false,"chose_seed":false,"campfire_upgraded":2,"win_rate":0.0,"timestamp":1612614554,"path_taken":["M","?","$","?","?","R","M","E","T","?","?","E","R","M","R","BOSS","M","M","$","?","?","E"],"items_purchased_type":["Card","Card"],"build_version":"2020-12-22","purchased_purges":1,"victory":false,"max_hp_per_floor":[75,75,75,75,75,75,75,75,75,75,75,75,75,75,75,75,75,75,75,75,75,75,75,75],"card_choices":[{"not_picked":["Rebound","Stack"],"picked":"Sunder","floor":1.0},{"not_picked":["Ball Lightning","Hologram"],"picked":"Melter","floor":7.0},{"not_picked":["Consume","Barrage","Tempest"],"picked":"SKIP","floor":8.0},{"not_picked":["Lockon","Tempest","Go for the Eyes"],"picked":"SKIP","floor":11.0},{"not_picked":["Sweeping Beam","Turbo"],"picked":"Redo","floor":12.0},{"not_picked":["Hologram","Barrage"],"picked":"Fusion","floor":14.0},{"not_picked":["Multi-Cast","Reboot"],"picked":"Echo Form","floor":16.0},{"not_picked":["Rebound","Consume","Stack"],"picked":"SKIP","floor":18.0},{"not_picked":["Beam Cell","Turbo+1","Aggregate"],"picked":"SKIP","floor":19}],"player_experience":184404,"relics_obtained":[{"floor":5.0,"key":"Boot"},{"floor":8.0,"key":"Pantograph"},{"floor":9.0,"key":"Meat on the Bone"},{"floor":12.0,"key":"Mercury Hourglass"},{"floor":21,"key":"Red Mask"},{"floor":22,"key":"Necronomicon"}],"event_choices":[{"damage_healed":0.0,"max_hp_gain":0.0,"max_hp_loss":0.0,"gold_gain":0.0,"event_name":"Shining Light","player_choice":"Entered Light","floor":2.0,"gold_loss":0.0,"damage_taken":15.0,"cards_upgraded":["Zap","Defend_B"]},{"damage_healed":0.0,"max_hp_gain":0.0,"max_hp_loss":0.0,"gold_gain":0.0,"event_name":"Big Fish","player_choice":"Box","floor":4.0,"gold_loss":0.0,"damage_taken":0.0,"relics_obtained":["Eternal Feather"],"cards_obtained":["Regret"]},{"damage_healed":0,"gold_gain":0,"player_choice":"Fought Bandits","damage_taken":0,"max_hp_gain":0,"max_hp_loss":0,"event_name":"Masked Bandits","floor":21,"gold_loss":0},{"damage_healed":0,"gold_gain":0,"player_choice":"Obtained Book","damage_taken":16,"max_hp_gain":0,"max_hp_loss":0,"event_name":"Cursed Tome","floor":22,"gold_loss":0}],"is_beta":false,"boss_relics":[{"not_picked":["Velvet Choker","SlaversCollar"],"picked":"Runic Pyramid"}],"items_purged_floors":[10],"is_endless":false,"potions_floor_spawned":[7,11,16,19],"killed_by":"Gremlin Leader","ascension_level":4}}