{"host":"2lvuisjyit3p3u01","time":1612642591,"event":{"mods":["Act Like it!","BaseMod","Bestiary","Better Synergies","CapriCore","Colored Map","Colored Powertips","Downfall","GifTheSpireLib","Minty Spire (QoL Compilation)","Quick Restart","Replay The Spire","StSLib"],"gold_per_floor":[99,114,289,289,6,6,6,18,18,29,29,179,205,305,315,414,414,414,429,48,48,148,180,206,226,261,261,69,69,69,85,102,202,202,202,202,224,224,224,224,276,276,292,303,303,37,54,70,81,81],"floor_reached":51,"language":"ENG","playtime":2592,"items_purged":["Doubt","bronze:MaxOutput","bronze:ThunderWave","Doubt","downfall:Icky"],"score":731,"play_id":"d816a9ce-e1d5-4b28-a0fe-c24090c5bee6","local_time":"20210206221631","is_ascension_mode":false,"campfire_choices":[{"floor":1,"key":"RECALL"},{"floor":11,"key":"REST"},{"data":"bronze:DelayedGuard","floor":18,"key":"SMITH"},{"data":"bronze:Spike","floor":27,"key":"SMITH"},{"data":"bronze:Shell","floor":30,"key":"SMITH"},{"data":"bronze:ChildClass","floor":35,"key":"SMITH"},{"data":"bronze:Repair","floor":40,"key":"SMITH"},{"data":"bronze:Goto","floor":45,"key":"SMITH"}],"circlet_count":0,"master_deck":["bronze:Replicate","bronze:Goto+1","bronze:DelayedGuard+1","bronze:Iterate","bronze:ClassDefault","bronze:Spike+1","bronze:Iterate","bronze:WhirlingStrike+1","bronze:FineTuning","bronze:Verify+1","bronze:Format+1","bronze:Frontload+1","bronze:CutThrough","bronze:Invalidate","bronze:ClassDefault","bronze:ChildClass+1","bronze:DelayedSlice+1","bronze:Optimize+1","bronze:Iterate","bronze:Flail","bronze:DelayedSlice+1","bronze:Fortify+1","bronze:Shell+1","RitualDagger+1","bronze:DelayedGuard+1","bronze:Repair+1","bronze:ForLoop+1","bronze:DelayedSlice"],"relics":["bronze:BronzeCore","Replay:Mystery Machine","Membership Card","Chameleon Ring","TungstenRod","Pandora\u0027s Box","Nunchaku","Meat on the Bone","StoneCalendar","Mirror","bronze:ProtectiveGoggles","bronze:SilverBullet","Ancient Tea Set","Lantern","Replay:Bronze Core","Bag of Preparation","Orrery","Ginger","Whetstone","Omamori","Guide Book"],"acts_visited":["TheCity","TheBeyond"],"potions_floor_usage":[13,15,16,19,20,22,23,23,26,33,33,50,50,50],"damage_taken":[{"damage":4,"enemies":"Jaw Worm","floor":2,"turns":4},{"damage":0,"enemies":"downfall:FleeingMerchant","floor":5,"turns":4},{"damage":27,"enemies":"downfall:FleeingMerchant","floor":6,"turns":3},{"damage":0,"enemies":"2 Louse","floor":8,"turns":2},{"damage":0,"enemies":"Small Slimes","floor":10,"turns":1},{"damage":11,"enemies":"Lagavulin","floor":13,"turns":3},{"damage":0,"enemies":"Exordium Wildlife","floor":15,"turns":2},{"damage":12,"enemies":"WA_ARCHETYPE_RETAIN","floor":16,"turns":4},{"damage":2,"enemies":"3 Byrds","floor":19,"turns":2},{"damage":0,"enemies":"downfall:FleeingMerchant","floor":20,"turns":4},{"damage":10,"enemies":"IC_STATUS_ARCHETYPE","floor":22,"turns":3},{"damage":10,"enemies":"Gremlin Leader","floor":23,"turns":6},{"damage":0,"enemies":"Chosen","floor":25,"turns":3},{"damage":23,"enemies":"Slavers","floor":26,"turns":2},{"damage":14,"enemies":"downfall:FleeingMerchant","floor":28,"turns":4},{"damage":27,"enemies":"Snake Plant","floor":31,"turns":3},{"damage":8,"enemies":"Centurion and Healer","floor":32,"turns":4},{"damage":19,"enemies":"SI_MIRROR_ARCHETYPE","floor":33,"turns":5},{"damage":0,"enemies":"downfall:FleeingMerchant","floor":37,"turns":1},{"damage":2,"enemies":"Orb Walker","floor":43,"turns":2},{"damage":0,"enemies":"3 Shapes","floor":44,"turns":1},{"damage":36,"enemies":"3 Darklings","floor":47,"turns":3},{"damage":21,"enemies":"Sphere and 2 Shapes","floor":48,"turns":4},{"damage":18,"enemies":"Writhing Mass","floor":49,"turns":6},{"damage":5,"enemies":"IC_BLOCK_ARCHETYPE","floor":50,"turns":5}],"seed_played":"-1429742097965013804","potions_obtained":[{"floor":10,"key":"PowerPotion"},{"floor":13,"key":"SteroidPotion"},{"floor":16,"key":"Explosive Potion"},{"floor":19,"key":"Reflective Coating"},{"floor":22,"key":"SkillPotion"},{"floor":25,"key":"Regen Potion"},{"floor":29,"key":"CultistPotion"},{"floor":32,"key":"Ancient Potion"},{"floor":44,"key":"Strength Potion"}],"is_trial":false,"path_per_floor":["R","M","?","?","$","?","T","M","?","M","R","?","E","?","M","B",null,"R","M","$","?","?","E","T","M","E","R","$","?","R","M","M","B",null,"R","?","$","T","?","R","T","?","M","M","R","$","M","M","M","B",null],"character_chosen":"THE_AUTOMATON","items_purchased":["Membership Card","bronze:FineTuning","bronze:ClassDefault","champ:CounterPotion","Nunchaku","Meat on the Bone","bronze:Optimize+1","bronze:Iterate","SkillPotion","EssenceOfSteel","bronze:Shell","Lantern","Strength Potion","Venom Potion","Bag of Preparation","Orrery","bronze:Repair","Omamori","Guide Book","bronze:FreeFunctionsPotion"],"campfire_rested":1,"item_purchase_floors":[5,5,5,5,20,20,20,20,20,20,28,28,37,37,37,37,37,46,46,46],"current_hp_per_floor":[70,66,66,66,66,39,39,39,14,14,35,35,24,24,24,12,70,70,68,68,68,58,48,48,48,44,44,42,42,42,27,31,24,70,70,70,70,70,70,70,70,70,68,68,68,68,42,43,47,53],"gold":81,"neow_bonus":"RANDOM_COMMON_RELIC","is_daily":false,"chose_seed":false,"campfire_upgraded":6,"win_rate":0.0,"timestamp":1612642591,"path_taken":["R","M","?","?","$","?","T","?","?","M","R","?","E","?","M","BOSS","R","M","$","?","?","E","T","?","E","R","?","?","R","M","M","BOSS","R","?","$","?","?","R","T","?","M","M","R","$","M","?","M","BOSS"],"items_purchased_type":["Relic","Card","Card","Potion","Relic","Relic","Card","Card","Potion","Potion","Card","Relic","Potion","Potion","Relic","Relic","Card","Relic","Relic","Potion"],"build_version":"2020-12-22","purchased_purges":5,"victory":true,"max_hp_per_floor":[70,70,70,70,70,70,70,70,70,70,70,70,70,70,70,70,70,70,70,70,70,70,70,70,70,70,70,70,70,70,70,70,70,70,70,70,70,70,70,70,70,70,70,70,70,70,70,70,70,70],"card_choices":[{"not_picked":["bronze:WildBeam","bronze:OilSpill"],"picked":"bronze:DelayedGuard","floor":2},{"not_picked":["bronze:BitShift","bronze:Safeguard"],"picked":"bronze:Iterate","floor":5},{"not_picked":[],"picked":"bronze:Spike","floor":6},{"not_picked":["bronze:CutThrough","bronze:Return"],"picked":"bronze:Iterate","floor":6},{"not_picked":["bronze:Allocate","bronze:GetLatest"],"picked":"bronze:WhirlingStrike","floor":8},{"not_picked":["bronze:DigitalCarnage","bronze:DarkDash","bronze:MaxOutput"],"picked":"SKIP","floor":10},{"not_picked":["bronze:Turbo","bronze:BitShift"],"picked":"bronze:FineTuning","floor":13},{"not_picked":["bronze:BuggyMess","bronze:BugBarrage"],"picked":"bronze:Verify","floor":15},{"not_picked":["bronze:Overheat+1","bronze:GetLatest+1"],"picked":"bronze:ChildClass","floor":19},{"not_picked":["bronze:Frontload+1","bronze:CleanCode"],"picked":"bronze:DelayedSlice","floor":20},{"not_picked":["bronze:Iterate+1","bronze:Shield"],"picked":"bronze:DelayedSlice+1","floor":22},{"not_picked":["bronze:Shield","bronze:Turbo+1","bronze:SpaghettiCode"],"picked":"SKIP","floor":23},{"not_picked":["bronze:Iterate","bronze:Branch","bronze:Safeguard"],"picked":"SKIP","floor":25},{"not_picked":["bronze:OilSpill","bronze:Overheat","bronze:Invalidate+1"],"picked":"SKIP","floor":26},{"not_picked":["bronze:Flail","bronze:DelayedGuard+1"],"picked":"bronze:Fortify","floor":28},{"not_picked":["bronze:Frontload","bronze:BitShift","bronze:Safeguard+1"],"picked":"SKIP","floor":31},{"not_picked":["bronze:Backtrace","bronze:Deprecate","bronze:BuggyMess"],"picked":"SKIP","floor":32},{"not_picked":["bronze:WildBeam+1","bronze:CutThrough+1","bronze:OilSpill"],"picked":"SKIP","floor":37},{"not_picked":["bronze:BitShift+1","bronze:Deprecate"],"picked":"bronze:DelayedGuard+1","floor":37},{"not_picked":["bronze:BugBarrage+1","bronze:Deprecate+1","bronze:CutThrough"],"picked":"SKIP","floor":43},{"not_picked":["bronze:FineTuning","bronze:BurnOut","bronze:Optimize+1"],"picked":"SKIP","floor":44},{"not_picked":["bronze:Shield","bronze:WildBeam+1"],"picked":"bronze:ForLoop+1","floor":47},{"not_picked":["bronze:BugBarrage+1","bronze:CutThrough"],"picked":"bronze:DelayedSlice","floor":48},{"not_picked":["bronze:CutThrough+1","bronze:Return+1","bronze:Invalidate+1"],"picked":"SKIP","floor":49}],"player_experience":217135,"relics_obtained":[{"floor":13,"key":"TungstenRod"},{"floor":22,"key":"StoneCalendar"},{"floor":22,"key":"Mirror"},{"floor":23,"key":"bronze:ProtectiveGoggles"},{"floor":24,"key":"bronze:SilverBullet"},{"floor":26,"key":"Ancient Tea Set"},{"floor":38,"key":"Ginger"},{"floor":41,"key":"Whetstone"}],"event_choices":[{"damage_healed":0,"gold_gain":0,"player_choice":"Success","damage_taken":25,"relics_obtained":["Chameleon Ring"],"max_hp_gain":0,"max_hp_loss":0,"event_name":"Scrap Ooze","floor":9,"gold_loss":0},{"damage_healed":0,"gold_gain":0,"player_choice":"Read","damage_taken":0,"max_hp_gain":0,"max_hp_loss":0,"event_name":"The Library","floor":21,"gold_loss":0,"cards_obtained":["bronze:Flail"]},{"damage_healed":0,"gold_gain":0,"player_choice":"Ignored","damage_taken":0,"max_hp_gain":0,"max_hp_loss":0,"event_name":"Mysterious Sphere","floor":39,"gold_loss":0},{"cards_removed":["bronze:FineTuning"],"damage_healed":0,"gold_gain":0,"player_choice":"Removed Skill","damage_taken":0,"max_hp_gain":0,"max_hp_loss":0,"event_name":"Falling","floor":42,"gold_loss":0}],"is_beta":false,"boss_relics":[{"not_picked":["Replay:Wanted Poster","Coffee Dripper"],"picked":"Pandora\u0027s Box"},{"not_picked":["Cursed Key","Runic Pyramid"],"picked":"Replay:Bronze Core"}],"items_purged_floors":[5,20,28,37,46],"is_endless":false,"potions_floor_spawned":[10,13,16,19,22,25,32,44,47],"ascension_level":0}}