{"host":"knghpd923z1q8993","time":1612594441,"event":{"mods":["BaseMod","Colored Map","Colored Powertips","Minty Spire (QoL Compilation)","StSLib"],"gold_per_floor":[114,39,39,52,70,70,101,101,124,134,134,165,175,210,210,312,312,332,123,123,140,140,140,174,190,259,273,289,305,340,389,389,492,492,502,520,184,284,8,43,43,72,72,88,113,12,28,61,61,61],"floor_reached":51,"language":"ENG","playtime":5625,"items_purged":["Strike_G","Strike_G"],"score":980,"play_id":"9e8e5676-a46d-4eac-98ca-9501e17f3ef2","local_time":"20210206075401","is_ascension_mode":true,"campfire_choices":[{"data":"Neutralize","floor":6.0,"key":"SMITH"},{"floor":8.0,"key":"REST"},{"floor":15.0,"key":"REST"},{"data":"Accuracy","floor":23,"key":"SMITH"},{"floor":32,"key":"REST"},{"data":"Accuracy","floor":41,"key":"SMITH"},{"floor":49,"key":"REST"}],"circlet_count":0,"master_deck":["Defend_G","Defend_G","Defend_G","Survivor","Neutralize+1","Underhanded Strike","Infinite Blades+1","Underhanded Strike","Masterful Stab","Flechettes","Malaise","Acrobatics","A Thousand Cuts","Phantasmal Killer","Blade Dance","Accuracy+1","Escape Plan","Acrobatics","Prepared+1","Tactician","Escape Plan","PiercingWail","Burst","Venomology","Eviscerate+1","Bullet Time+1","Envenom+1","Expertise+1","Sucker Punch+1","Footwork","Accuracy+1","Cloak And Dagger","Slice+1","Cloak And Dagger+1","Blade Dance+1","Deflect+1"],"relics":["HoveringKite","Bag of Marbles","Smiling Mask","Pen Nib","MealTicket","WristBlade","MutagenicStrength","CaptainsWheel","Paper Crane","Bottled Lightning","Oddly Smooth Stone","Astrolabe","Vajra","Sling","Bronze Scales","Bag of Preparation","Anchor","Frozen Egg 2","Bottled Tornado","The Specimen"],"acts_visited":["Exordium","TheCity","TheBeyond"],"potions_floor_usage":[25,30,33,36,42,44,50,50],"damage_taken":[{"damage":5.0,"enemies":"Cultist","floor":1.0,"turns":5.0},{"damage":6.0,"enemies":"Small Slimes","floor":4.0,"turns":5.0},{"damage":0.0,"enemies":"2 Louse","floor":5.0,"turns":3.0},{"damage":24.0,"enemies":"Lagavulin","floor":7.0,"turns":9.0},{"damage":8.0,"enemies":"Gremlin Gang","floor":10.0,"turns":5.0},{"damage":9.0,"enemies":"Gremlin Nob","floor":12.0,"turns":4.0},{"damage":9.0,"enemies":"Exordium Thugs","floor":13.0,"turns":5.0},{"damage":16.0,"enemies":"3 Sentries","floor":14.0,"turns":5.0},{"damage":1.0,"enemies":"Hexaghost","floor":16.0,"turns":8.0},{"damage":29.0,"enemies":"2 Thieves","floor":18.0,"turns":4.0},{"damage":0,"enemies":"Shell Parasite","floor":21,"turns":2},{"damage":9,"enemies":"Gremlin Leader","floor":24,"turns":3},{"damage":2,"enemies":"Centurion and Healer","floor":25,"turns":3},{"damage":6,"enemies":"Cultist and Chosen","floor":27,"turns":2},{"damage":0,"enemies":"Sentry and Sphere","floor":28,"turns":2},{"damage":2,"enemies":"Chosen and Byrds","floor":29,"turns":3},{"damage":4,"enemies":"Book of Stabbing","floor":30,"turns":3},{"damage":13,"enemies":"Collector","floor":33,"turns":6},{"damage":0,"enemies":"Orb Walker","floor":35,"turns":1},{"damage":0,"enemies":"3 Darklings","floor":36,"turns":4},{"damage":1,"enemies":"Giant Head","floor":40,"turns":4},{"damage":7,"enemies":"Reptomancer","floor":42,"turns":5},{"damage":6,"enemies":"4 Shapes","floor":44,"turns":4},{"damage":26,"enemies":"Giant Head","floor":45,"turns":6},{"damage":0,"enemies":"Jaw Worm Horde","floor":47,"turns":3},{"damage":2,"enemies":"Reptomancer","floor":48,"turns":4},{"damage":86,"enemies":"Awakened One","floor":50,"turns":14}],"seed_played":"-7527403604633799827","potions_obtained":[{"floor":1.0,"key":"SpeedPotion"},{"floor":5.0,"key":"Swift Potion"},{"floor":12.0,"key":"Explosive Potion"},{"floor":14.0,"key":"Energy Potion"},{"floor":18.0,"key":"Dexterity Potion"},{"floor":24,"key":"PowerPotion"},{"floor":27,"key":"CunningPotion"},{"floor":30,"key":"DistilledChaos"},{"floor":33,"key":"Poison Potion"},{"floor":42,"key":"GamblersBrew"},{"floor":44,"key":"SpeedPotion"}],"is_trial":false,"path_per_floor":["M","$","?","M","M","R","E","R","T","M","?","E","M","E","R","B",null,"M","$","?","M","?","R","E","M","T","M","M","M","E","T","R","B",null,"M","M","$","?","$","E","R","E","T","M","E","$","M","E","R","B",null],"character_chosen":"THE_SILENT","items_purchased":["Accuracy","Escape Plan","Acrobatics","Vajra","Sling","Footwork","Accuracy","Cloak And Dagger","Bronze Scales","FairyPotion"],"campfire_rested":4,"item_purchase_floors":[19,19,19,37,37,37,39,39,39,46],"current_hp_per_floor":[65,65,58,52,52,52,28,49,49,41,41,32,23,7,28,27,70,41,56,56,56,56,56,47,45,45,39,39,37,33,33,54,41,70,70,70,70,70,70,69,69,62,62,56,30,45,45,43,64,4],"gold":61,"neow_bonus":"BOSS_RELIC","is_daily":false,"chose_seed":false,"campfire_upgraded":3,"win_rate":0.0,"timestamp":1612594441,"path_taken":["M","$","?","M","M","R","E","R","T","M","?","E","M","E","R","BOSS","M","$","?","M","?","R","E","M","T","M","M","?","E","?","R","BOSS","M","?","$","?","?","E","R","E","T","M","E","$","M","E","R","BOSS"],"items_purchased_type":["Card","Card","Card","Relic","Relic","Card","Card","Card","Relic","Potion"],"build_version":"2020-12-22","purchased_purges":2,"victory":true,"max_hp_per_floor":[70,70,70,70,70,70,70,70,70,70,70,70,70,70,70,70,70,70,70,70,70,70,70,70,70,70,70,70,70,70,70,70,70,70,70,70,70,70,70,70,70,70,70,70,70,70,70,70,70,70],"card_choices":[{"not_picked":["Noxious Fumes","Quick Slash"],"picked":"Underhanded Strike","floor":1.0},{"not_picked":["Choke","Riddle With Holes","Sucker Punch"],"picked":"SKIP","floor":4.0},{"not_picked":["PiercingWail","Cloak And Dagger"],"picked":"Infinite Blades","floor":5.0},{"not_picked":["Cloak And Dagger","Blade Dance"],"picked":"Underhanded Strike","floor":7.0},{"not_picked":["Flechettes","PiercingWail"],"picked":"Masterful Stab","floor":10.0},{"not_picked":["Terror","Underhanded Strike"],"picked":"Malaise","floor":12.0},{"not_picked":["Accuracy","Bane"],"picked":"Acrobatics","floor":13.0},{"not_picked":["Bane","Reflex"],"picked":"A Thousand Cuts","floor":14.0},{"not_picked":["Die Die Die","Envenom"],"picked":"Phantasmal Killer","floor":16.0},{"not_picked":["Finisher","Predator"],"picked":"Blade Dance","floor":18.0},{"not_picked":["Leg Sweep","Deflect"],"picked":"Prepared+1","floor":21},{"not_picked":["Setup","Flying Knee","Distraction"],"picked":"SKIP","floor":24},{"not_picked":["Dagger Spray+1","Bane","Quick Slash"],"picked":"SKIP","floor":25},{"not_picked":["Heel Hook","Sucker Punch+1"],"picked":"Tactician","floor":27},{"not_picked":["Predator","Quick Slash"],"picked":"Escape Plan","floor":28},{"not_picked":["Dodge and Roll+1","Deadly Poison"],"picked":"PiercingWail","floor":29},{"not_picked":["Poisoned Stab+1","Cloak And Dagger"],"picked":"Burst","floor":30},{"not_picked":["Doppelganger","Bullet Time"],"picked":"Venomology","floor":33},{"not_picked":["Poisoned Stab+1","Prepared"],"picked":"Expertise+1","floor":35},{"not_picked":["Well Laid Plans","Dodge and Roll+1"],"picked":"Sucker Punch+1","floor":36},{"not_picked":["Heel Hook+1","Noxious Fumes+1","Distraction"],"picked":"SKIP","floor":40},{"not_picked":["Crippling Poison","Acrobatics","All Out Attack+1"],"picked":"SKIP","floor":42},{"not_picked":["Dagger Throw+1","Blur"],"picked":"Slice+1","floor":44},{"not_picked":["Backflip","Catalyst+1"],"picked":"Cloak And Dagger+1","floor":45},{"not_picked":["Heel Hook","PiercingWail"],"picked":"Blade Dance+1","floor":47},{"not_picked":["Prepared","Acrobatics+1"],"picked":"Deflect+1","floor":48}],"player_experience":78337,"relics_obtained":[{"floor":7.0,"key":"Bag of Marbles"},{"floor":9.0,"key":"Smiling Mask"},{"floor":12.0,"key":"Pen Nib"},{"floor":14.0,"key":"MealTicket"},{"floor":24,"key":"CaptainsWheel"},{"floor":26,"key":"Paper Crane"},{"floor":30,"key":"Bottled Lightning"},{"floor":31,"key":"Oddly Smooth Stone"},{"floor":40,"key":"Bag of Preparation"},{"floor":42,"key":"Anchor"},{"floor":43,"key":"Frozen Egg 2"},{"floor":45,"key":"Bottled Tornado"},{"floor":48,"key":"The Specimen"}],"event_choices":[{"cards_removed":["Defend_G"],"damage_healed":0.0,"max_hp_gain":0.0,"max_hp_loss":0.0,"gold_gain":0.0,"event_name":"Golden Wing","player_choice":"Card Removal","floor":3.0,"gold_loss":0.0,"damage_taken":7.0},{"damage_healed":0.0,"max_hp_gain":0.0,"max_hp_loss":0.0,"gold_gain":0.0,"cards_transformed":["Strike_G"],"event_name":"Transmorgrifier","player_choice":"Transformed","floor":11.0,"gold_loss":0.0,"damage_taken":0.0,"cards_obtained":["Flechettes"]},{"damage_healed":0,"gold_gain":0,"player_choice":"Inject Mutagens","damage_taken":0,"relics_obtained":["MutagenicStrength"],"max_hp_gain":0,"max_hp_loss":0,"event_name":"Drug Dealer","floor":20,"gold_loss":0},{"damage_healed":0,"gold_gain":0,"player_choice":"Upgraded","damage_taken":0,"max_hp_gain":0,"max_hp_loss":0,"event_name":"Upgrade Shrine","floor":22,"gold_loss":0,"cards_upgraded":["Infinite Blades"]},{"damage_healed":0,"gold_gain":100,"player_choice":"Pray","damage_taken":0,"max_hp_gain":0,"max_hp_loss":0,"event_name":"Golden Shrine","floor":38,"gold_loss":0}],"is_beta":false,"boss_relics":[{"not_picked":["Empty Cage","SacredBark"],"picked":"WristBlade"},{"not_picked":["SlaversCollar","Snecko Eye"],"picked":"Astrolabe"}],"items_purged_floors":[2,19],"is_endless":false,"potions_floor_spawned":[1,5,12,14,18,24,27,29,30,33,42,44,48],"ascension_level":4}}