{"host":"q9sqrn60n8lvmavn","time":1612589681,"event":{"mods":["AchievementEnabler","AlwaysNeverKeys","BaseMod","Better Third Choice","Better Vampires","Better-Laid Plans","Block Reminder","Colored Powertips","Curses Come First","DNKmod","Emptier Cage","Friendly Minions","Minty Spire (QoL Compilation)","Permanent Neow","Relic Filter Mod","Shop Mod","StSLib","Weighted Paths"],"gold_per_floor":[1015,1035,1035,502,502,529,529,560,560,575,604,604,604,618,618,722,722,742,742,754,754,340,340,368,368,395,87,106,139,64,81,81,178,178,191,200,200,215,234,259,259,286,334,375,404,433,444,37,37,37,37,37,37,76,76],"floor_reached":56,"language":"ENG","playtime":1729,"items_purged":["Defend_R","Bash","Strike_R","Strike_R+1"],"score":2514,"play_id":"abd26268-400e-4b13-9e77-3984b7abbd95","local_time":"20210205213441","is_ascension_mode":true,"campfire_choices":[{"data":"Body Slam","floor":7,"key":"SMITH"},{"data":"True Grit","floor":12,"key":"SMITH"},{"data":"Pommel Strike","floor":15,"key":"SMITH"},{"data":"Uppercut","floor":23,"key":"SMITH"},{"data":"Battle Trance","floor":25,"key":"SMITH"},{"data":"Shrug It Off","floor":32,"key":"SMITH"},{"data":"Madness","floor":41,"key":"SMITH"},{"data":"Offering","floor":49,"key":"SMITH"},{"data":"Shrug It Off","floor":52,"key":"SMITH"}],"circlet_count":0,"master_deck":["AscendersBane","Strike_R+1","Defend_R","Defend_R","Defend_R","Pommel Strike+1","Shrug It Off+1","Body Slam+1","Body Slam+1","True Grit+1","Battle Trance+1","Uppercut+1","Shrug It Off+1","True Grit+1","Madness+1","Offering+1","Whirlwind","Offering"],"relics":["Burning Blood","Champion Belt","Du-Vu Doll","Lizard Tail","PreservedInsect","Sling","MerchantsRug","Letter Opener","Bag of Marbles","Gremlin Horn","Black Star","Enchiridion","Calipers","Vajra","Whetstone","CeramicFish","DollysMirror","Omamori","FossilizedHelix","Coffee Dripper","Bottled Flame","Charon\u0027s Ashes","Pantograph","Torii","Bag of Preparation","Regal Pillow","Paper Frog","Eternal Feather","Meat on the Bone","InkBottle","Strawberry","Happy Flower"],"acts_visited":["Exordium","TheCity","TheBeyond","TheEnding"],"potions_floor_usage":[16,16,33,42,55,55],"damage_taken":[{"damage":2,"enemies":"Jaw Worm","floor":1,"turns":3},{"damage":3,"enemies":"2 Louse","floor":2,"turns":3},{"damage":7,"enemies":"3 Sentries","floor":6,"turns":4},{"damage":0,"enemies":"Gremlin Nob","floor":8,"turns":2},{"damage":0,"enemies":"Small Slimes","floor":10,"turns":2},{"damage":0,"enemies":"Lagavulin","floor":11,"turns":2},{"damage":10,"enemies":"Red Slaver","floor":14,"turns":2},{"damage":32,"enemies":"Hexaghost","floor":16,"turns":5},{"damage":0,"enemies":"Shell Parasite","floor":18,"turns":2},{"damage":0,"enemies":"Spheric Guardian","floor":20,"turns":3},{"damage":22,"enemies":"Gremlin Leader","floor":24,"turns":3},{"damage":0,"enemies":"3 Cultists","floor":28,"turns":3},{"damage":0,"enemies":"Book of Stabbing","floor":29,"turns":2},{"damage":0,"enemies":"Snake Plant","floor":31,"turns":2},{"damage":0,"enemies":"Collector","floor":33,"turns":3},{"damage":0,"enemies":"Orb Walker","floor":35,"turns":2},{"damage":12,"enemies":"3 Darklings","floor":38,"turns":3},{"damage":0,"enemies":"Spire Growth","floor":39,"turns":2},{"damage":0,"enemies":"Nemesis","floor":40,"turns":3},{"damage":0,"enemies":"Giant Head","floor":42,"turns":2},{"damage":0,"enemies":"Nemesis","floor":44,"turns":3},{"damage":0,"enemies":"Writhing Mass","floor":45,"turns":2},{"damage":0,"enemies":"Reptomancer","floor":46,"turns":1},{"damage":0,"enemies":"Maw","floor":47,"turns":2},{"damage":0,"enemies":"Awakened One","floor":50,"turns":3},{"damage":0,"enemies":"Shield and Spear","floor":54,"turns":2},{"damage":49,"enemies":"The Heart","floor":55,"turns":5}],"seed_played":"-1186519885513015531","potions_obtained":[{"floor":1,"key":"EssenceOfSteel"},{"floor":6,"key":"SneckoOil"},{"floor":14,"key":"Dexterity Potion"},{"floor":24,"key":"SneckoOil"},{"floor":31,"key":"Strength Potion"},{"floor":35,"key":"LiquidMemories"},{"floor":42,"key":"Strength Potion"}],"is_trial":false,"path_per_floor":["M","M","?","$","?","E","R","E","T","M","E","R","?","M","R","B",null,"M","?","M","?","$","R","E","R","T","$","M","E","?","M","R","B",null,"M","?","?","M","M","E","R","E","T","E","M","E","M","$","R","B",null,"R","$","E","B",null],"character_chosen":"IRONCLAD","items_purchased":["PreservedInsect","Pommel Strike","Shrug It Off","Sling","MerchantsRug","Uppercut","Calipers","Shrug It Off","DollysMirror","InkBottle"],"campfire_rested":0,"item_purchase_floors":[4,4,4,4,4,22,22,27,27,48],"current_hp_per_floor":[100,100,97,97,97,96,96,100,100,100,100,100,100,96,96,70,93,99,83,89,69,69,69,53,53,53,53,59,65,65,71,71,77,98,104,104,104,98,104,105,105,105,105,105,105,105,105,105,105,105,105,105,105,112,69],"gold":76,"neow_bonus":"RANDOM_COMMON_RELIC","is_daily":false,"chose_seed":false,"campfire_upgraded":9,"win_rate":0.0,"timestamp":1612589681,"path_taken":["M","M","?","$","?","E","R","E","T","M","E","R","?","?","R","BOSS","M","?","M","?","$","R","E","R","T","?","?","E","?","M","R","BOSS","M","?","?","M","?","E","R","E","T","E","M","E","M","$","R","BOSS","R","$","E","BOSS"],"items_purchased_type":["Relic","Card","Card","Relic","Relic","Card","Relic","Card","Relic","Relic"],"build_version":"2020-12-22","purchased_purges":4,"victory":true,"max_hp_per_floor":[100,100,100,100,100,100,100,100,100,100,100,100,100,100,100,100,100,100,100,100,105,105,105,105,105,105,105,105,105,105,105,105,105,105,105,105,105,105,105,105,105,105,105,105,105,105,105,105,105,105,105,105,105,112,112],"card_choices":[{"not_picked":["Disarm","Combust","Sword Boomerang"],"picked":"SKIP","floor":1},{"not_picked":["Thunderclap","Sword Boomerang","Reckless Charge"],"picked":"SKIP","floor":2},{"not_picked":["Headbutt","Dark Embrace"],"picked":"Body Slam","floor":6},{"not_picked":["Searing Blow","Shrug It Off"],"picked":"Body Slam","floor":8},{"not_picked":["Headbutt","Perfected Strike"],"picked":"True Grit","floor":10},{"not_picked":["Fiend Fire","Metallicize","Sever Soul"],"picked":"SKIP","floor":11},{"not_picked":["Second Wind","Combust","Clothesline"],"picked":"SKIP","floor":14},{"not_picked":["Wild Strike","Carnage"],"picked":"Battle Trance","floor":18},{"not_picked":["Flex","Second Wind","Anger"],"picked":"SKIP","floor":20},{"not_picked":["Berserk","Wild Strike","Combust"],"picked":"SKIP","floor":24},{"not_picked":["Twin Strike","Rage","Perfected Strike"],"picked":"SKIP","floor":28},{"not_picked":["True Grit","Exhume","Thunderclap"],"picked":"SKIP","floor":29},{"not_picked":["Sword Boomerang","Thunderclap","Bloodletting+1"],"picked":"SKIP","floor":31},{"not_picked":["Anger","Armaments","Cleave"],"picked":"SKIP","floor":35},{"not_picked":["Finesse","Dark Shackles"],"picked":"Madness","floor":36},{"not_picked":["Heavy Blade","Twin Strike","Havoc"],"picked":"SKIP","floor":38},{"not_picked":["Perfected Strike","Warcry","Havoc"],"picked":"SKIP","floor":39},{"not_picked":["Impervious","Anger","Feed"],"picked":"SKIP","floor":40},{"not_picked":["Bludgeon","Second Wind+1","Clash+1"],"picked":"SKIP","floor":42},{"not_picked":["Headbutt+1","Twin Strike+1"],"picked":"Offering","floor":44},{"not_picked":["Shrug It Off","Heavy Blade"],"picked":"Whirlwind","floor":45},{"not_picked":["Headbutt","Rampage+1","Sentinel"],"picked":"SKIP","floor":46},{"not_picked":["Rage","Clothesline","Wild Strike+1"],"picked":"SKIP","floor":47},{"not_picked":["Uppercut+1","Evolve"],"picked":"Offering","floor":54}],"player_experience":239148,"relics_obtained":[{"floor":6,"key":"Letter Opener"},{"floor":8,"key":"Bag of Marbles"},{"floor":9,"key":"Blue Candle"},{"floor":11,"key":"Gremlin Horn"},{"floor":19,"key":"Enchiridion"},{"floor":24,"key":"Vajra"},{"floor":24,"key":"Whetstone"},{"floor":26,"key":"CeramicFish"},{"floor":29,"key":"Omamori"},{"floor":29,"key":"FossilizedHelix"},{"floor":40,"key":"Bottled Flame"},{"floor":40,"key":"Charon\u0027s Ashes"},{"floor":42,"key":"Pantograph"},{"floor":42,"key":"Torii"},{"floor":43,"key":"Bag of Preparation"},{"floor":44,"key":"Regal Pillow"},{"floor":44,"key":"Paper Frog"},{"floor":46,"key":"Eternal Feather"},{"floor":46,"key":"Meat on the Bone"},{"floor":54,"key":"Strawberry"},{"floor":54,"key":"Happy Flower"}],"event_choices":[{"damage_healed":0,"gold_gain":0,"player_choice":"Relic ","damage_taken":3,"max_hp_gain":0,"max_hp_loss":0,"event_name":"betterThird:BetterScrap","floor":3,"gold_loss":0,"cards_obtained":["Omniscience"]},{"damage_healed":0,"gold_gain":0,"player_choice":"Ignored","damage_taken":502,"max_hp_gain":0,"max_hp_loss":0,"event_name":"betterThird:BetterSerpent","floor":5,"gold_loss":0},{"damage_healed":0,"gold_gain":0,"player_choice":"Upgraded","damage_taken":0,"max_hp_gain":0,"max_hp_loss":0,"event_name":"Upgrade Shrine","floor":13,"gold_loss":0,"cards_upgraded":["Body Slam"]},{"damage_healed":0,"gold_gain":0,"player_choice":"Obtained Book","damage_taken":16,"max_hp_gain":0,"max_hp_loss":0,"event_name":"Cursed Tome","floor":19,"gold_loss":0},{"damage_healed":0,"gold_gain":0,"player_choice":"Shed Blood","damage_taken":25,"max_hp_gain":5,"max_hp_loss":0,"event_name":"Forgotten Altar","floor":21,"gold_loss":0},{"cards_removed":["Strike_R"],"damage_healed":0,"gold_gain":0,"player_choice":"Gave Gold","damage_taken":0,"max_hp_gain":0,"max_hp_loss":0,"event_name":"Beggar","floor":30,"gold_loss":75},{"damage_healed":0,"gold_gain":0,"player_choice":"Memory 1","damage_taken":0,"max_hp_gain":0,"max_hp_loss":0,"event_name":"SensoryStone","floor":36,"gold_loss":0},{"cards_removed":["Strike_R"],"damage_healed":0,"gold_gain":0,"player_choice":"Offered Basic","damage_taken":0,"max_hp_gain":0,"max_hp_loss":0,"event_name":"Bonfire Elementals","floor":37,"gold_loss":0}],"is_beta":false,"boss_relics":[{"not_picked":["Busted Crown","Philosopher\u0027s Stone"],"picked":"Black Star"},{"not_picked":["Cursed Key","SlaversCollar"],"picked":"Coffee Dripper"}],"items_purged_floors":[4,22,27,48],"is_endless":false,"potions_floor_spawned":[1,6,11,14,24,31,35,42,44,47],"ascension_level":12}}