{"host":"q57ekfojy3i00x9o","time":1612641392,"event":{"mods":["Arknights","Aspiration","BaseMod","Colored Map","Energized Spire","Hermit","Minty Spire (QoL Compilation)","Quick Restart","Spicy Shops","Spikes Relics","StSLib","slay the spire mod where everything is the same but ironclad has a cowboy hat"],"gold_per_floor":[365,222,232,249,249,249,281,281,304,320,320,338,365,380,380,380,380],"floor_reached":16,"language":"RUS","playtime":271,"items_purged":["Normality"],"score":146,"play_id":"bc7a9bb8-9f8a-45d1-9bf2-f334d345fa2b","local_time":"20210207005632","is_ascension_mode":true,"campfire_choices":[{"floor":6.0,"key":"REST"},{"data":"ats:Closed Bolt Burst Fire","floor":8.0,"key":"SMITH"},{"floor":15,"key":"REST"}],"circlet_count":0,"master_deck":["ats:Strike C","ats:Strike G","ats:Strike S","ats:Strike V","ats:Armor Crushing Shot","ats:Defend","ats:Defend","ats:Defend","ats:Defend","ats:Emotion Absorption","ats:Explosion Area Strengthen","ats:Explosion Area Strengthen","ats:Leaping Hammer","ats:Closed Bolt Burst Fire+1","ats:Poison Spread","ats:Blood Oath","ats:Thermite Blade","ats:Hammer On","ats:Apocalypse","ats:Explosion Area Strengthen"],"relics":["ats:Sanity","RollingBoulder","ats:Originium","Potion Belt","Bag of Preparation","ats:Military Tradition","aspiration:FrozenJewel"],"acts_visited":["Exordium"],"potions_floor_usage":[13,16],"damage_taken":[{"damage":20.0,"enemies":"Cultist","floor":1.0,"turns":5.0},{"damage":7.0,"enemies":"Jaw Worm","floor":3.0,"turns":3.0},{"damage":7.0,"enemies":"Small Slimes","floor":4.0,"turns":2.0},{"damage":10.0,"enemies":"3 Sentries","floor":7.0,"turns":5.0},{"damage":14.0,"enemies":"Red Slaver","floor":10.0,"turns":2.0},{"damage":1,"enemies":"Blue Slaver","floor":12,"turns":2},{"damage":20,"enemies":"Lagavulin","floor":13,"turns":4},{"damage":0,"enemies":"Exordium Wildlife","floor":14,"turns":2},{"damage":32,"enemies":"The Guardian","floor":16,"turns":4}],"seed_played":"-129717378564016315","potions_obtained":[{"floor":10.0,"key":"Weak Potion"},{"floor":12,"key":"Fire Potion"},{"floor":13,"key":"LiquidBronze"}],"is_trial":false,"path_per_floor":["M","$","M","M","?","R","E","R","T","M","?","M","E","M","R","B"],"character_chosen":"DOCTOR_CLASS","items_purchased":["ats:Explosion Area Strengthen","ats:Leaping Hammer"],"campfire_rested":2,"item_purchase_floors":[2,2],"current_hp_per_floor":[45,45,38,31,24,45,35,35,35,21,21,20,3,6,27,0,0],"gold":380,"neow_bonus":"TWO_FIFTY_GOLD","is_daily":false,"chose_seed":false,"campfire_upgraded":1,"win_rate":0.0,"timestamp":1612641392,"path_taken":["M","$","?","M","?","R","E","R","T","M","?","?","E","M","R","BOSS"],"items_purchased_type":["Card","Card"],"build_version":"2020-12-22","purchased_purges":1,"victory":false,"max_hp_per_floor":[72,72,72,72,72,72,72,72,72,72,72,72,72,72,72,72,72],"card_choices":[{"not_picked":["ats:Shell Defense","ats:Poison Spread"],"picked":"ats:Explosion Area Strengthen","floor":1.0},{"not_picked":["ats:Leaping Hammer","ats:LN2 Cannon"],"picked":"ats:Closed Bolt Burst Fire","floor":3.0},{"not_picked":["ats:Cat Scratch","ats:Healing Strengthening"],"picked":"ats:Poison Spread","floor":4.0},{"not_picked":["ats:Very Hot Blade","ats:True Silver Slash"],"picked":"ats:Blood Oath","floor":7.0},{"not_picked":["ats:Guard Mode","ats:Sword Rain"],"picked":"ats:Thermite Blade","floor":10.0},{"not_picked":["ats:Shell Defense","ats:Curse Doll"],"picked":"ats:Hammer On","floor":12},{"not_picked":["ats:Hammer On","ats:Ignite"],"picked":"ats:Apocalypse","floor":13},{"not_picked":["ats:Chain Hook","ats:Hammer On"],"picked":"ats:Explosion Area Strengthen","floor":14}],"player_experience":751593,"relics_obtained":[{"floor":7.0,"key":"ats:Originium"},{"floor":7.0,"key":"Potion Belt"},{"floor":9.0,"key":"Bag of Preparation"},{"floor":13,"key":"ats:Originium"},{"floor":13,"key":"aspiration:FrozenJewel"}],"event_choices":[{"damage_healed":0.0,"max_hp_gain":0.0,"max_hp_loss":0.0,"gold_gain":0.0,"event_name":"Scrap Ooze","player_choice":"Success","floor":5.0,"gold_loss":0.0,"damage_taken":7.0,"relics_obtained":["RollingBoulder"]},{"damage_healed":0.0,"max_hp_gain":0.0,"max_hp_loss":0.0,"gold_gain":0.0,"event_name":"WeMeetAgain","player_choice":"Gave Potion","floor":11.0,"gold_loss":0.0,"damage_taken":0.0,"relics_obtained":["ats:Military Tradition"]}],"is_beta":false,"boss_relics":[],"items_purged_floors":[2],"is_endless":false,"potions_floor_spawned":[10,12,13],"killed_by":"The Guardian","ascension_level":6}}