{"host":"5sge6gv1nm0vflk2","time":1612616447,"event":{"mods":["AchievementEnabler","Aspiration","Bard","BaseMod","Beaked The Cultist","Better Third Choice","BetterRewards","Challenge The Spire","Colored Powertips","Conspire","Curses Come First","Downfall","Halation","Hubris","Infinite Spire","Minty Spire (QoL Compilation)","Relic Stats","Shade Mod","Shop Mod","Spicy Shops","StSLib","The Construct","The Cursed","The Disciple","The Hierophant","The Runesmith","The Servant 0.9.4"],"gold_per_floor":[118,118,42,42,54,54,73,100,123,5,19,53,53,66,66,165,165,180,35,35,35,35,53,53,53,53,16,16,42,42,75,75,179,229,245,245,259,282,27,62,101,101,101,114,114,126,139,174,174,294,294,303,303,300,18,18,4,4],"floor_reached":57,"language":"ENG","playtime":7440,"items_purged":["hubris:Despair","Strike_S","Strike_S"],"score":923,"play_id":"01e6e304-be79-41b7-8084-bdc39b1b4874","local_time":"20210206070047","is_ascension_mode":true,"campfire_choices":[{"data":"Potential","floor":6.0,"key":"SMITH"},{"floor":15.0,"key":"REST"},{"floor":28.0,"key":"REST"},{"floor":30.0,"key":"REST"},{"floor":32.0,"key":"REST"},{"floor":42.0,"key":"REST"},{"floor":45.0,"key":"REST"},{"floor":49.0,"key":"REST"}],"circlet_count":0,"master_deck":["Strike_S","Strike_S","Defend_S","Defend_S","Defend_S","Defend_S","KidneyShot","Exchange","DancingSilver","Potential+1","TimeWarp","Luminosity+1","Defy+1","Misdirection","BottledTime+1","KillingDoll","MurderousAura","Replace+1","Foresight","Advance","infinitespire:FutureSight","ShiftingGears","infinitespire:SevenWalls+1","Defy","Deny","BestPractice+1","FloweringNight","Revamp","Alleviate","Snipe","Dark Shackles","Rewind+1","Sabotage+1","Spin","Shuttle+1","MoonPhase+1","DualDimension+1","InstantArmor+1","Embodiment","Ricochet","Advance","Contraction","LightFlow"],"relics":["Uniform","halation:PinkSoulGem","Centennial Puzzle","aspiration:Lifesprig","aspiration:StickyExplosives_weak","MerchantsRug","Lantern","hubris:Towel","StoneMask","infinitespire:Midas Blood","Bird Faced Urn","Torii","conspire:InfiniteJournal","Darkstone Periapt","Cursed Key","champ:Barbells"],"acts_visited":["Exordium","TheCity","TheBeyond","Exordium"],"potions_floor_usage":[],"damage_taken":[{"damage":0.0,"enemies":"Small Slimes","floor":1.0,"turns":3.0},{"damage":0.0,"enemies":"2 Louse","floor":5.0,"turns":2.0},{"damage":1.0,"enemies":"Jaw Worm","floor":7.0,"turns":4.0},{"damage":9.0,"enemies":"Gremlin Nob","floor":8.0,"turns":4.0},{"damage":0.0,"enemies":"Large Slime","floor":11.0,"turns":5.0},{"damage":17.0,"enemies":"3 Sentries","floor":12.0,"turns":8.0},{"damage":0.0,"enemies":"Blue Slaver","floor":14.0,"turns":4.0},{"damage":44.0,"enemies":"Slime Boss","floor":16.0,"turns":6.0},{"damage":14.0,"enemies":"Spheric Guardian","floor":18.0,"turns":8.0},{"damage":5.0,"enemies":"3 Byrds","floor":23.0,"turns":5.0},{"damage":23.0,"enemies":"Nightmare","floor":29.0,"turns":8.0},{"damage":28.0,"enemies":"Gremlin Leader","floor":31.0,"turns":8.0},{"damage":28.0,"enemies":"Collector","floor":33.0,"turns":8.0},{"damage":0.0,"enemies":"Orb Walker","floor":35.0,"turns":4.0},{"damage":7.0,"enemies":"3 Darklings","floor":37.0,"turns":8.0},{"damage":10.0,"enemies":"Sphere and 2 Shapes","floor":38.0,"turns":8.0},{"damage":65.0,"enemies":"Giant Head","floor":40.0,"turns":9.0},{"damage":0.0,"enemies":"Spire Growth","floor":44.0,"turns":4.0},{"damage":1.0,"enemies":"4 Shapes","floor":46.0,"turns":5.0},{"damage":18.0,"enemies":"Transient","floor":47.0,"turns":5.0},{"damage":37.0,"enemies":"Reptomancer","floor":48.0,"turns":9.0},{"damage":77.0,"enemies":"Time Eater","floor":50.0,"turns":18.0},{"damage":13.0,"enemies":"Jaw Worm","floor":52.0,"turns":2.0},{"damage":0.0,"enemies":"Cultist","floor":54.0,"turns":3.0},{"damage":128,"enemies":"Nightmare","floor":57,"turns":5}],"seed_played":"-4770870221796172895","potions_obtained":[{"floor":1.0,"key":"SteroidPotion"},{"floor":7.0,"key":"Regen Potion"},{"floor":12.0,"key":"Explosive Potion"},{"floor":14.0,"key":"LiquidBronze"},{"floor":16.0,"key":"champ:CounterPotion"},{"floor":29.0,"key":"GamblersBrew"},{"floor":31.0,"key":"Guardian:BlockOnCardUsePotion"},{"floor":33.0,"key":"Energy Potion"},{"floor":34.0,"key":"DistilledChaos"},{"floor":35.0,"key":"champ:CounterPotion"},{"floor":37.0,"key":"infinitespire:BlackPotion"},{"floor":44.0,"key":"PowerPotion"},{"floor":48.0,"key":"FearPotion"}],"is_trial":true,"path_per_floor":["M","?","$","?","M","R","M","E","T","$","M","E","$","M","R","B",null,"M","$","?","?","?","M","?","AVR","T","$","R","NM","R","E","R","B",null,"M","?","M","M","$","E","$","R","T","M","R","M","M","E","R","B",null,"M","?","M","$","?","NM"],"character_chosen":"THE_SERVANT","items_purchased":["Medical Kit","aspiration:Lifesprig","Defy","MerchantsRug","Lantern","Foresight","Advance","Defy","Torii","Contraction","champ:Barbells"],"campfire_rested":7,"item_purchase_floors":[3,10,10,19,19,19,19,27,39,55,55],"current_hp_per_floor":[65,60,60,60,60,60,59,55,55,55,55,38,38,38,57,13,65,51,51,51,51,51,46,35,35,35,35,56,36,57,32,53,34,78,79,79,77,83,83,29,29,56,56,63,90,96,89,65,94,32,99,93,93,101,101,101,0,0],"gold":4,"neow_bonus":"","is_daily":false,"chose_seed":false,"campfire_upgraded":1,"win_rate":0.0,"timestamp":1612616447,"path_taken":["M","?","$","?","M","R","M","E","T","?","M","E","?","M","R","BOSS","M","?","?","?","?","M","?","AVR","T","$","R","NM","R","E","R","BOSS","M","?","?","M","$","E","?","R","T","M","R","M","?","E","R","BOSS","M","?","?","$","?","NM"],"items_purchased_type":["Relic","Relic","Card","Relic","Relic","Card","Card","Card","Relic","Card","Relic"],"build_version":"2020-12-22","purchased_purges":3,"victory":false,"max_hp_per_floor":[65,65,65,65,65,65,65,65,65,65,65,65,65,65,65,65,65,65,65,65,65,65,65,70,70,70,70,70,71,71,72,72,73,78,79,79,80,83,83,91,91,91,91,92,92,96,97,98,98,99,99,100,100,101,101,101,101,101],"relic_stats":{"Darkstone Periapt":0,"Centennial Puzzle":[48],"Torii":7,"counters":[25,150],"Bird Faced Urn":[70],"Cursed Key":0,"obtain_stats":[{"Darkstone Periapt":48,"aspiration:Lifesprig":10,"Lantern":19,"Tiny House":34,"Torii":39,"Uniform":0,"Bag of Preparation":25,"Cursed Key":51,"aspiration:StickyExplosives_weak":12,"conspire:InfiniteJournal":43,"Centennial Puzzle":8,"Strawberry":40,"MerchantsRug":19,"champ:Barbells":55,"StoneMask":25,"Blue Candle":2,"halation:Thesaurus":25,"hubris:Towel":21,"War Paint":26,"Medical Kit":3,"Bird Faced Urn":31,"Art of War":9,"halation:PinkSoulGem":4,"infinitespire:Cupcake":17,"infinitespire:Midas Blood":29},{"Darkstone Periapt":21,"aspiration:Lifesprig":4,"Lantern":9,"Tiny House":13,"Torii":16,"Uniform":0,"Bag of Preparation":10,"Cursed Key":22,"aspiration:StickyExplosives_weak":6,"conspire:InfiniteJournal":17,"Centennial Puzzle":4,"Strawberry":17,"MerchantsRug":9,"champ:Barbells":24,"StoneMask":10,"Blue Candle":1,"halation:Thesaurus":10,"hubris:Towel":9,"War Paint":10,"Medical Kit":1,"Bird Faced Urn":12,"Art of War":4,"halation:PinkSoulGem":1,"infinitespire:Cupcake":8,"infinitespire:Midas Blood":11},{"Darkstone Periapt":122,"aspiration:Lifesprig":13,"Lantern":43,"Tiny House":72,"Torii":90,"Uniform":0,"Bag of Preparation":48,"Cursed Key":140,"aspiration:StickyExplosives_weak":26,"conspire:InfiniteJournal":99,"Centennial Puzzle":13,"Strawberry":99,"MerchantsRug":43,"champ:Barbells":145,"StoneMask":48,"Blue Candle":3,"halation:Thesaurus":48,"hubris:Towel":43,"War Paint":48,"Medical Kit":3,"Bird Faced Urn":64,"Art of War":13,"halation:PinkSoulGem":3,"infinitespire:Cupcake":35,"infinitespire:Midas Blood":56}]},"card_choices":[{"not_picked":["Alleviate","Spin"],"picked":"DancingSilver","floor":1.0},{"not_picked":["Snipe","FastForward"],"picked":"Potential","floor":5.0},{"not_picked":["SilverMatrix","FastForward"],"picked":"TimeWarp","floor":7.0},{"not_picked":["Deadline","BottledTime"],"picked":"Luminosity","floor":8.0},{"not_picked":["TimeTheft","Starlight"],"picked":"Misdirection","floor":11.0},{"not_picked":["Revamp","FastForward"],"picked":"BottledTime","floor":12.0},{"not_picked":["Contraction","Spin"],"picked":"KillingDoll","floor":14.0},{"not_picked":["Duplication","SoulSculpture"],"picked":"MurderousAura","floor":16.0},{"not_picked":["Spin","Unruled+1"],"picked":"Replace+1","floor":18.0},{"not_picked":["infinitespire:Execution","infinitespire:NeuralNetwork"],"picked":"infinitespire:FutureSight","floor":20.0},{"not_picked":["ShatteredReality","Reset"],"picked":"ShiftingGears","floor":23.0},{"not_picked":["ShatteredReality","Unruled"],"picked":"Deny","floor":29.0},{"not_picked":["Hightail","Spin"],"picked":"BestPractice+1","floor":31.0},{"not_picked":["KillingDoll","Deny"],"picked":"FloweringNight","floor":33.0},{"not_picked":["Luminosity","ShiftingGears"],"picked":"Revamp","floor":34.0},{"not_picked":["Starlight","Misdirection"],"picked":"Alleviate","floor":35.0},{"not_picked":["Replace+1","Gouge"],"picked":"Rewind+1","floor":37.0},{"not_picked":["InstantArmor","Unruled"],"picked":"Sabotage+1","floor":38.0},{"not_picked":["DoubleEdge","StarChef+1"],"picked":"Spin","floor":40.0},{"not_picked":["Comet","DoubleEdge+1"],"picked":"Shuttle+1","floor":44.0},{"not_picked":["ShiftingGears","TimeWarp"],"picked":"MoonPhase+1","floor":46.0},{"not_picked":["DancingSilver","Potential"],"picked":"DualDimension+1","floor":47.0},{"not_picked":["Duplication","BottledTime+1"],"picked":"InstantArmor+1","floor":48.0},{"not_picked":["PendulumOfEternity","SilverMatrix"],"picked":"Embodiment","floor":50.0},{"not_picked":["DoubleEdge","FastForward"],"picked":"Ricochet","floor":52.0},{"not_picked":["Shuttle","Unruled"],"picked":"Advance","floor":54.0}],"player_experience":484017,"relics_obtained":[{"floor":8.0,"key":"Centennial Puzzle"},{"floor":9.0,"key":"Art of War"},{"floor":12.0,"key":"aspiration:StickyExplosives_weak"},{"floor":26.0,"key":"War Paint"},{"floor":29.0,"key":"infinitespire:Midas Blood"},{"floor":31.0,"key":"Bird Faced Urn"},{"floor":40.0,"key":"Strawberry"},{"floor":43.0,"key":"conspire:InfiniteJournal"},{"floor":48.0,"key":"Darkstone Periapt"}],"event_choices":[{"cards_removed":["hubris:Envy"],"damage_healed":0.0,"max_hp_gain":0.0,"max_hp_loss":0.0,"gold_gain":0.0,"event_name":"betterThird:BetterWriting","player_choice":"Elegance","floor":22.0,"gold_loss":0.0,"damage_taken":0.0},{"damage_healed":0.0,"max_hp_gain":5.0,"max_hp_loss":0.0,"gold_gain":0.0,"event_name":"Forgotten Altar","player_choice":"Shed Blood","floor":24.0,"gold_loss":0.0,"damage_taken":16.0},{"damage_healed":0.0,"max_hp_gain":0.0,"max_hp_loss":0.0,"gold_gain":0.0,"event_name":"Match and Keep!","player_choice":"2 cards matched","floor":36.0,"gold_loss":0.0,"damage_taken":0.0,"cards_obtained":["Snipe","Dark Shackles"]},{"damage_healed":0.0,"max_hp_gain":0.0,"max_hp_loss":0.0,"gold_gain":0.0,"event_name":"Upgrade Shrine","player_choice":"Upgraded","floor":53.0,"gold_loss":0.0,"damage_taken":0.0,"cards_upgraded":["Luminosity"]}],"is_beta":false,"boss_relics":[{"not_picked":["halation:Yufonium","hubris:GrandSneckoEye"],"picked":"infinitespire:Cupcake"},{"not_picked":["halation:CatFaceCupcake","aspiration:DefectSkillbook"],"picked":"Tiny House"},{"not_picked":["Fusion Hammer","conspire:SlowCooker"],"picked":"Cursed Key"}],"items_purged_floors":[25,27,55],"is_endless":true,"potions_floor_spawned":[1,7,12,14,16,29,31,33,35,37,38,44,48],"killed_by":"Nightmare","ascension_level":1}}