{"host":"2qpilcmj89x3pncz","time":1612614837,"event":{"mods":["100% Spire Juice","2.2 Compatiblity","Act Like it!","Aspiration","BaseMod","Beaked The Cultist","BetterRewards","CapriCore","Colored Map","Colored Powertips","Conjunction","Conspire","Dota2Spire","Evolution","Faster Ascension Climbing","GifTheSpireLib","Grow up Mod","Halation","Hallownest","Hubris","Infinite Spire","Jedi Mod","Marisa????????","Mimic Mod","Minty Spire (QoL Compilation)","Pale of the Ancients","Poem Panic","Quarter Circle Forward PUNCH!","Quick Restart","Reimu??????","Replay The Spire","Shop Mod","Small Relic Pack","Spicy Shops","Spikes Relics","StSLib","Strawberry Spire","Stuff the Spire","SuperFastMode","Synergy Search","The Animator","The Immortal","The Servant 0.9.4","Wandering Minibosses"],"gold_per_floor":[115,40,55,65,75,108,108,108,143,168,196,216,242,259,259,336,336,349,349,349,349,349,403,434,444,478,104,118,152,152,230,230,244,244,244,269,119,119,137,171,182,182,209,209,209,209,228,240,322,322,322,370,370,370],"floor_reached":62,"language":"ENG","playtime":2860,"items_purged":["MokouMod:Strike","MokouMod:Strike","MokouMod:HeartofFire","MokouMod:Defend"],"score":3696,"play_id":"5be5233a-74eb-4b2e-84fc-ef2867d9db05","local_time":"20210206123357","is_ascension_mode":true,"campfire_choices":[{"data":"MokouMod:ResonanceReactor","floor":7.0,"key":"SMITH"},{"floor":15.0,"key":"RECALL"},{"data":"MokouMod:PhoenixForm","floor":23.0,"key":"SMITH"},{"data":"MokouMod:SacredFire","floor":32.0,"key":"SMITH"},{"data":"MokouMod:Rebirth","floor":49.0,"key":"SMITH"},{"data":"MokouMod:RisingSunBarrier","floor":56,"key":"SMITH"},{"data":"infinitespire:SevenWalls","floor":58,"key":"SMITH"}],"circlet_count":0,"master_deck":["AscendersBane","MokouMod:HeatSpark","MokouMod:AdaptivePyromancy","MokouMod:ResonanceReactor+1","MokouMod:RisingSunBarrier+1","MokouMod:FlamingFireTalons","MokouMod:SacredFire+1","MokouMod:FusionFlare","MokouMod:InfernalWave+1","MokouMod:Meltdown","MokouMod:Wildfire","MokouMod:FlickeringFlame","MokouMod:IgneousBlow","MokouMod:HeartofFire","MokouMod:FujiyamaVolcano","MokouMod:CrimsonFlare","MokouMod:TemporalFireSeal","MokouMod:TemporalFireSeal","MokouMod:PhoenixForm+1","MokouMod:Afterburner","Shame","infinitespire:SevenWalls+1","MokouMod:ShiftIgnition","MokouMod:BurningDraft+1","MokouMod:BurningDraft","MokouMod:ScorchedEarth","MokouMod:ResonanceReactor+1","MokouMod:Trailblazer","MokouMod:Ventilation","MokouMod:FlareStarter+1","MokouMod:FlareStarter+1","MokouMod:ShiftIgnition","MokouMod:ScorchedEarth+1","MokouMod:FlareStarter+1","MokouMod:ExplosiveFlame","MokouMod:Geothermal","MokouMod:Rebirth+1","MokouMod:ResonanceReactor","infinitespire:Execution","MokouMod:FujiyamaVolcano+1"],"relics":["MokouMod:PhoenixFeather","EVO:Axolotl","strawberrySpire:MawJerky","Anchor","Dota2Spire:Vanguard","Replay:Wax Seal","CrazyTorch:ReiMu","Dota2Spire:MonkeyKingBar","WizardHat","ShockBauble","hubris:Teleporter","infinitespire:Cupcake","WarpedTongs","Hallownest:NailmastersGloryRelic","Ice Cream","wanderingMiniBosses:AbyssPearl","StuffTheSpire:Expresso","DollysMirror","Nunchaku","SacredBark","hubris:Towel","Ring of Peace","Ring of Searing","Replay:Baseball","MiniBlackHole","Dota2Spire:OrchidMalevolence","Dota2Spire:BattleFury","PoemPanic:PoemPanicRelic","StuffTheSpire:PointBlank","jedi:matchstick","paleoftheancients:Timepiece","paleoftheancients:KeyRelic","Gremlin Horn","CultistMask","paleoftheancients:SoulOfTheWokeBloke","Dota2Spire:BlackKingBar","Dota2Spire:ShadowBlade"],"acts_visited":["Hallownest:Greenpath","Hallownest:CityofTears","Hallownest:KingdomsEdge","paleoftheancients:PaleOfTheAncients"],"potions_floor_usage":[61],"damage_taken":[{"damage":0.0,"enemies":"Hallownest:2_MossCreeps","floor":1.0,"turns":4.0},{"damage":0.0,"enemies":"2_ Uuma","floor":3.0,"turns":2.0},{"damage":0.0,"enemies":"Hallownest:monsterHuskWarrior","floor":4.0,"turns":2.0},{"damage":7.0,"enemies":"Hallownest:monsterFoolEater","floor":5.0,"turns":4.0},{"damage":5.0,"enemies":"Hallownest:eliteMossKnight","floor":6.0,"turns":7.0},{"damage":20.0,"enemies":"Hallownest:monsterMarmu","floor":8.0,"turns":3.0},{"damage":13.0,"enemies":"Hallownest:Wandering_and_Horned","floor":9.0,"turns":9.0},{"damage":0.0,"enemies":"Hallownest:eliteVengeflyKing","floor":10.0,"turns":3.0},{"damage":5.0,"enemies":"Hallownest:eliteMossKnight","floor":11.0,"turns":4.0},{"damage":2.0,"enemies":"Hallownest:Wandering_and_Horned","floor":12.0,"turns":6.0},{"damage":0.0,"enemies":"Hallownest:eliteVengeflyKing","floor":13.0,"turns":3.0},{"damage":0.0,"enemies":"Hallownest:MossCreep_and_Mosskin","floor":14.0,"turns":4.0},{"damage":11.0,"enemies":"Hallownest:BossBrokenVessel","floor":16.0,"turns":7.0},{"damage":13.0,"enemies":"Hallownest:3_Youths","floor":18.0,"turns":8.0},{"damage":22.0,"enemies":"Hallownest:Flukemon_and_Top","floor":26.0,"turns":12.0},{"damage":0.0,"enemies":"Hallownest:Flukemon_and_Top","floor":27.0,"turns":4.0},{"damage":0.0,"enemies":"Hallownest:eliteSoulWarrior","floor":28.0,"turns":5.0},{"damage":0.0,"enemies":"Hallownest:monsterShrumalOgre","floor":30.0,"turns":2.0},{"damage":0.0,"enemies":"Hallownest:Nosk","floor":31.0,"turns":6.0},{"damage":3.0,"enemies":"Hallownest:BossMantisLord","floor":33.0,"turns":4.0},{"damage":11.0,"enemies":"Hallownest:3_Siblings","floor":35.0,"turns":6.0},{"damage":18.0,"enemies":"Hallownest:eliteHiveKnight","floor":40.0,"turns":5.0},{"damage":5.0,"enemies":"Hallownest:2_Littles","floor":44.0,"turns":3.0},{"damage":30.0,"enemies":"Hallownest:2_Wandering_and_1_Horned","floor":45.0,"turns":8.0},{"damage":0.0,"enemies":"Hallownest:2_Wandering_and_1_Horned","floor":46.0,"turns":5.0},{"damage":34.0,"enemies":"Hallownest:StalkingDevout","floor":48.0,"turns":5.0},{"damage":16.0,"enemies":"Hallownest:BossGreyPrinceZote","floor":50.0,"turns":7.0},{"damage":0.0,"enemies":"Hallownest:Radiance","floor":51.0,"turns":8.0},{"damage":63.0,"enemies":"Hallownest:Radiance","floor":52.0,"turns":6.0},{"damage":0,"enemies":"","floor":53,"turns":1},{"damage":225,"enemies":"paleoftheancients:N","floor":61,"turns":7}],"seed_played":"241462269946458881","potions_obtained":[{"floor":1.0,"key":"Weak Potion"},{"floor":3.0,"key":"LifebloodPotion"},{"floor":4.0,"key":"Ancient Potion"},{"floor":10.0,"key":"LiquidMemories"},{"floor":18.0,"key":"ZuzhouPotion:ReiMu"},{"floor":27.0,"key":"GamblersBrew"},{"floor":33.0,"key":"Dota2Spire:Clarity"},{"floor":35.0,"key":"Weak Potion"},{"floor":46.0,"key":"Strength Potion"}],"is_trial":false,"path_per_floor":["M","$","M","M","M","E","R","?","MIM","?","E","M","E","M","R","B",null,"M","?","?","?","R","T","MIM","M","E","$","M","E","R","B",null,"M","?","?","E","$","T","M","MIM","M","AVR","E","R","B","B","M","M","T","R","R","T","?","B",null],"character_chosen":"MKU","items_purchased":["MokouMod:AdaptivePyromancy","MokouMod:ResonanceReactor","strawberrySpire:MawJerky","Anchor","MokouMod:RisingSunBarrier","Dota2Spire:Vanguard","MokouMod:FlamingFireTalons","Replay:Wax Seal","MokouMod:SacredFire","MokouMod:InfernalWave+1","MokouMod:ScorchedEarth","DollysMirror"],"campfire_rested":0,"item_purchase_floors":[0,0,0,0,0,0,0,0,0,2,29,29],"current_hp_per_floor":[88,98,108,118,121,130,140,130,131,145,154,162,176,186,196,195,258,255,265,200,210,220,230,222,232,246,256,266,280,290,297,405,404,414,424,420,430,440,445,429,439,449,429,439,433,553,551,563,573,583,593,603,613,400],"gold":370,"neow_bonus":"","is_daily":false,"chose_seed":false,"campfire_upgraded":6,"win_rate":0.0,"timestamp":1612614837,"path_taken":["M","$","M","M","M","E","R","?","MIM","?","E","?","E","M","R","BOSS","M","?","?","?","R","?","MIM","?","E","$","M","E","R","BOSS","M","?","?","E","?","T","?","?","M","AVR","E","R","BOSS","BOSS","M","M","T","R","R","T","?","BOSS"],"items_purchased_type":["Card","Card","Relic","Relic","Card","Relic","Card","Relic","Card","Card","Card","Relic"],"build_version":"2020-12-22","purchased_purges":4,"victory":true,"max_hp_per_floor":[95,105,115,125,135,149,159,169,183,197,211,221,235,245,255,265,275,285,295,305,315,325,335,349,359,373,383,393,407,417,427,437,447,457,467,481,491,501,511,525,535,545,559,569,579,589,599,609,619,629,639,649,659,669],"card_choices":[{"not_picked":["MokouMod:HeatTransfer","MokouMod:Sear"],"picked":"MokouMod:FusionFlare","floor":1.0},{"not_picked":["MokouMod:IndiscriminateIgnition","MokouMod:CrimsonArmoury"],"picked":"MokouMod:Meltdown","floor":3.0},{"not_picked":["MokouMod:Singe","MokouMod:RetainTemperature"],"picked":"MokouMod:Wildfire","floor":4.0},{"not_picked":["MokouMod:UncontrollableSolarReaction","MokouMod:WarmUp"],"picked":"MokouMod:FlickeringFlame","floor":5.0},{"not_picked":["MokouMod:SpontaneousHumanCombustion","MokouMod:AdaptivePyromancy"],"picked":"MokouMod:IgneousBlow","floor":6.0},{"not_picked":["MokouMod:IndiscriminateIgnition","MokouMod:FlickeringFlame"],"picked":"MokouMod:HeartofFire","floor":9.0},{"not_picked":["MokouMod:UncontrollableSolarReaction","MokouMod:RisingSunBarrier"],"picked":"MokouMod:FujiyamaVolcano","floor":10.0},{"not_picked":["MokouMod:ResoluteFlare","MokouMod:BlazingComet"],"picked":"MokouMod:CrimsonFlare","floor":11.0},{"not_picked":["MokouMod:GuidingSmoke","MokouMod:FlickeringFlame"],"picked":"MokouMod:HeartofFire","floor":12.0},{"not_picked":["MokouMod:SpontaneousHumanCombustion","MokouMod:InfernalWave"],"picked":"MokouMod:TemporalFireSeal","floor":13.0},{"not_picked":["MokouMod:FlamingFireTalons","MokouMod:InfernalWave"],"picked":"MokouMod:TemporalFireSeal","floor":14.0},{"not_picked":["MokouMod:SearingBlow","MokouMod:BurningHiddenBullet"],"picked":"MokouMod:PhoenixForm","floor":16.0},{"not_picked":["MokouMod:Sear","MokouMod:AdaptivePyromancy"],"picked":"MokouMod:Afterburner","floor":18.0},{"not_picked":["infinitespire:Fortify","infinitespire:FutureSight"],"picked":"infinitespire:SevenWalls","floor":20.0},{"not_picked":["MokouMod:Singe","MokouMod:Stoke"],"picked":"MokouMod:ShiftIgnition","floor":26.0},{"not_picked":["MokouMod:BlazingComet+1","MokouMod:Combust"],"picked":"MokouMod:BurningDraft+1","floor":27.0},{"not_picked":["MokouMod:TemporalFireSeal","MokouMod:HeartofFire"],"picked":"MokouMod:BurningDraft","floor":28.0},{"not_picked":["MokouMod:IgnitionBarrier","MokouMod:SearingShot"],"picked":"MokouMod:Trailblazer","floor":30.0},{"not_picked":["MokouMod:Firecracker","MokouMod:IllusoryBattlefield","MokouMod:Trailblazer"],"picked":"SKIP","floor":31.0},{"not_picked":["MokouMod:PhoenixForm","MokouMod:Geothermal"],"picked":"MokouMod:Ventilation","floor":33.0},{"not_picked":["MokouMod:RoaringFlare","MokouMod:FujiyamaVolcano"],"picked":"MokouMod:FlareStarter+1","floor":35.0},{"not_picked":["MokouMod:Trailblazer","MokouMod:EnchantingBambooForest"],"picked":"MokouMod:FlareStarter+1","floor":40.0},{"not_picked":["MokouMod:UncontrollableSolarReaction","MokouMod:RoaringFlare"],"picked":"MokouMod:ShiftIgnition","floor":44.0},{"not_picked":["MokouMod:TemporalFireSeal","MokouMod:BlazingComet+1"],"picked":"MokouMod:ScorchedEarth+1","floor":45.0},{"not_picked":["MokouMod:SearingShot","MokouMod:SubterraneanCore"],"picked":"MokouMod:FlareStarter+1","floor":46.0},{"not_picked":["MokouMod:CrimsonFlare","MokouMod:Sear","MokouMod:RoaringFlare+1"],"picked":"SKIP","floor":48.0},{"not_picked":["MokouMod:Firecracker","MokouMod:ResoluteFlare"],"picked":"MokouMod:FujiyamaVolcano+1","floor":52.0},{"not_picked":["MokouMod:AdaptivePyromancy","MokouMod:Overheat+1","MokouMod:EternalBurstReactor"],"picked":"SKIP","floor":53}],"player_experience":409058,"relics_obtained":[{"floor":6.0,"key":"CrazyTorch:ReiMu"},{"floor":9.0,"key":"Dota2Spire:MonkeyKingBar"},{"floor":10.0,"key":"WizardHat"},{"floor":11.0,"key":"ShockBauble"},{"floor":13.0,"key":"hubris:Teleporter"},{"floor":26.0,"key":"Ice Cream"},{"floor":26.0,"key":"wanderingMiniBosses:AbyssPearl"},{"floor":28.0,"key":"StuffTheSpire:Expresso"},{"floor":31.0,"key":"Nunchaku"},{"floor":38.0,"key":"Ring of Peace"},{"floor":38.0,"key":"Ring of Searing"},{"floor":40.0,"key":"Replay:Baseball"},{"floor":43.0,"key":"MiniBlackHole"},{"floor":45.0,"key":"Dota2Spire:OrchidMalevolence"},{"floor":45.0,"key":"Dota2Spire:BattleFury"},{"floor":48.0,"key":"jedi:matchstick"},{"floor":52.0,"key":"paleoftheancients:SoulOfTheWokeBloke"},{"floor":53,"key":"paleoftheancients:SoulOfTheCollector"},{"floor":55,"key":"Dota2Spire:BlackKingBar"},{"floor":59,"key":"Dota2Spire:ShadowBlade"}],"event_choices":[],"is_beta":false,"boss_relics":[{"not_picked":["conspire:SeveredTorchhead","aspiration:WatcherSkillbook"],"picked":"infinitespire:Cupcake"},{"not_picked":["Sandwich","strawberrySpire:RottenAvocado"],"picked":"SacredBark"}],"items_purged_floors":[0,0,29,42],"is_endless":false,"potions_floor_spawned":[1,3,4,10,11,13,18,27,33,35,46],"ascension_level":20}}