{"host":"jt4xaqerixsfdsye","time":1612628758,"event":{"mods":["BaseMod","Downfall","Minty Spire (QoL Compilation)","StSLib"],"gold_per_floor":[99,113,113,127,137,147,147,147,47,32,482,514,414,414,424,526,526,526,546,564,564,564,594,620,9,26,126,154,171,182,40,58,58,58,58],"floor_reached":33,"language":"ENG","playtime":14365,"items_purged":["Pain","Regret"],"score":319,"play_id":"815bed22-f57f-4c97-9239-b5b8c8236b39","local_time":"20210206172558","is_ascension_mode":false,"campfire_choices":[{"floor":1,"key":"RECALL"},{"data":"hexamod:TimeOfNeed","floor":9,"key":"SMITH"},{"data":"hexamod:Sear","floor":13,"key":"SMITH"},{"floor":18,"key":"REST"}],"circlet_count":0,"master_deck":["hexamod:Strike","hexamod:Strike+1","hexamod:Strike","hexamod:Defend","hexamod:Defend+1","hexamod:Defend","hexamod:Defend","hexamod:Sear+1","hexamod:Float","hexamod:BacktrackSmack","hexamod:TimeOfNeed+1","hexamod:InspiringFlames","hexamod:SwordOfDarkness+1","hexamod:Hexaguard","hexamod:PhantomFireball","downfall:Icky","downfall:Icky","downfall:Icky","hexamod:BacktrackSmack","hexamod:StepThrough","hexamod:FifthSeal","hexamod:ThirdSeal","hexamod:GhostLash","hexamod:FirstSeal","hexamod:HeatMetal","hexamod:RadiantFlame+1","hexamod:SixthSeal","hexamod:FirstSeal","hexamod:HeatMetal+1","hexamod:SearingWound","hexamod:Incineration","hexamod:GhostLash","hexamod:SecondSeal","hexamod:BurningTouch","hexamod:NightmareStrike","hexamod:Hexaguard+1","hexamod:FourthSeal","hexamod:HeatCrush","hexamod:SoulSteal","hexamod:HauntingEcho","hexamod:TimeWarp","hexamod:Firestarter","hexamod:ExtraCrispy","hexamod:NecessarySacrifice","hexamod:NightmareStrike+1"],"relics":["hexamod:SpiritBrand","Mercury Hourglass","downfall:HeartBlessingRed","Vajra","downfall:HeartBlessingBlue","Ginger","Fusion Hammer","WarpedTongs","Orichalcum","Smiling Mask","Oddly Smooth Stone","Happy Flower"],"acts_visited":["Exordium","TheCity"],"potions_floor_usage":[12,12,23,23,26,30,33],"damage_taken":[{"damage":2,"enemies":"Small Slimes","floor":2,"turns":5},{"damage":0,"enemies":"Cultist","floor":4,"turns":4},{"damage":0,"enemies":"2 Louse","floor":5,"turns":2},{"damage":0,"enemies":"2 Fungi Beasts","floor":6,"turns":4},{"damage":1,"enemies":"downfall:FleeingMerchant","floor":10,"turns":4},{"damage":4,"enemies":"Gremlin Nob","floor":12,"turns":4},{"damage":8,"enemies":"Large Slime","floor":15,"turns":2},{"damage":30,"enemies":"IC_STATUS_ARCHETYPE","floor":16,"turns":5},{"damage":11,"enemies":"Shell Parasite","floor":19,"turns":5},{"damage":3,"enemies":"Chosen","floor":20,"turns":4},{"damage":47,"enemies":"Slavers","floor":23,"turns":5},{"damage":8,"enemies":"downfall:FleeingMerchant","floor":25,"turns":4},{"damage":13,"enemies":"Snecko","floor":26,"turns":4},{"damage":17,"enemies":"3 Cultists","floor":28,"turns":5},{"damage":19,"enemies":"Shelled Parasite and Fungi","floor":29,"turns":3},{"damage":6,"enemies":"Snecko","floor":30,"turns":3},{"damage":5,"enemies":"downfall:FleeingMerchant","floor":31,"turns":4},{"damage":17,"enemies":"Centurion and Healer","floor":32,"turns":5},{"damage":24,"enemies":"DF_ARCHETYPE_CLAW","floor":33,"turns":3}],"seed_played":"6451711014016093323","potions_obtained":[{"floor":4,"key":"Block Potion"},{"floor":6,"key":"EssenceOfSteel"},{"floor":15,"key":"BlessingOfTheForge"},{"floor":20,"key":"Swift Potion"},{"floor":23,"key":"Fire Potion"},{"floor":26,"key":"FairyPotion"},{"floor":29,"key":"Fire Potion"},{"floor":32,"key":"Fire Potion"}],"is_trial":false,"path_per_floor":["R","M","?","M","M","M","T","?","R","$","?","E","R","?","M","B",null,"R","M","M","?","?","E","T","$","M","?","M","M","M","$","M","B"],"character_chosen":"THE_SPIRIT","items_purchased":["Oddly Smooth Stone","Happy Flower","hexamod:SearingWound","hexamod:Incineration","hexamod:GhostLash","hexamod:Firestarter","hexamod:ExtraCrispy"],"campfire_rested":1,"item_purchase_floors":[25,25,25,25,25,31,31],"current_hp_per_floor":[77,75,75,75,75,75,75,75,75,74,74,70,80,68,60,30,87,87,76,73,87,87,47,47,39,26,26,23,4,26,35,18,0,0,0],"gold":58,"neow_bonus":"TEN_PERCENT_HP_BONUS","is_daily":false,"chose_seed":false,"campfire_upgraded":2,"win_rate":0.0,"timestamp":1612628758,"path_taken":["R","M","?","M","?","M","T","?","R","$","?","E","R","?","M","BOSS","R","M","M","?","?","E","T","$","?","?","M","M","?","?","M","BOSS"],"items_purchased_type":["Relic","Relic","Card","Card","Card","Card","Card"],"build_version":"2020-12-22","purchased_purges":2,"victory":false,"max_hp_per_floor":[77,77,77,77,77,77,77,77,77,77,77,77,87,87,87,87,87,87,87,87,87,87,87,87,87,87,87,87,87,87,87,87,87,87,87],"card_choices":[{"not_picked":["hexamod:ShieldOfDarkness","hexamod:AdvancingGuard"],"picked":"hexamod:BacktrackSmack","floor":2},{"not_picked":["hexamod:Rewind","hexamod:ThermalTransfer"],"picked":"hexamod:InspiringFlames","floor":4},{"not_picked":["hexamod:Firestarter","hexamod:NightmareGuise"],"picked":"hexamod:SwordOfDarkness","floor":5},{"not_picked":["hexamod:Again","hexamod:NightmareStrike"],"picked":"hexamod:Hexaguard","floor":6},{"not_picked":["hexamod:UnlimitedPower","hexamod:ShieldOfDarkness"],"picked":"hexamod:PhantomFireball","floor":10},{"not_picked":["hexamod:ParanormalForm","hexamod:AdvancingGuard"],"picked":"hexamod:BacktrackSmack","floor":12},{"not_picked":["hexamod:ThermalTransfer","hexamod:CatchUp"],"picked":"hexamod:StepThrough","floor":15},{"not_picked":["hexamod:GhostOfSpirePresent","hexamod:ParanormalForm"],"picked":"hexamod:FifthSeal","floor":16},{"not_picked":["hexamod:FirstSeal","hexamod:SecondSeal"],"picked":"hexamod:ThirdSeal","floor":19},{"not_picked":["hexamod:Hexaguard","hexamod:EtherealExpedition"],"picked":"hexamod:GhostLash","floor":19},{"not_picked":["hexamod:ThirdSeal","hexamod:FourthSeal"],"picked":"hexamod:FirstSeal","floor":20},{"not_picked":["hexamod:AdvancingGuard","hexamod:NecessarySacrifice"],"picked":"hexamod:HeatMetal","floor":20},{"not_picked":["hexamod:GhostLash+1","hexamod:GhostOfSpireFuture+1"],"picked":"hexamod:RadiantFlame+1","floor":23},{"not_picked":["hexamod:EmpoweredFlame+1","hexamod:GhostflameBarrier"],"picked":"hexamod:SixthSeal","floor":23},{"not_picked":["hexamod:ThirdSeal","hexamod:SixthSeal"],"picked":"hexamod:FirstSeal","floor":25},{"not_picked":["hexamod:HauntingEcho","hexamod:InspiringFlames"],"picked":"hexamod:HeatMetal","floor":25},{"not_picked":["hexamod:ThirdSeal","hexamod:SixthSeal"],"picked":"hexamod:SecondSeal","floor":26},{"not_picked":["hexamod:ThermalTransfer+1","hexamod:InspiringFlames"],"picked":"hexamod:BurningTouch","floor":26},{"not_picked":["hexamod:InspiringFlames","hexamod:GhostOfSpireFuture"],"picked":"hexamod:NightmareStrike","floor":28},{"not_picked":["hexamod:AdvancingGuard","hexamod:TimeOfNeed"],"picked":"hexamod:Hexaguard+1","floor":28},{"not_picked":["hexamod:SecondSeal","hexamod:ThirdSeal"],"picked":"hexamod:FourthSeal","floor":29},{"not_picked":["hexamod:FirstSeal","hexamod:BacktrackSmack+1"],"picked":"hexamod:HeatCrush","floor":29},{"not_picked":["hexamod:NightmareStrike","hexamod:Hexaguard"],"picked":"hexamod:SoulSteal","floor":30},{"not_picked":["hexamod:HeatMetal+1","hexamod:ExtraCrispy"],"picked":"hexamod:HauntingEcho","floor":30},{"not_picked":["hexamod:NightmareStrike","hexamod:FastForward"],"picked":"hexamod:TimeWarp","floor":31},{"not_picked":["hexamod:SwordOfDarkness","hexamod:Hexaguard"],"picked":"hexamod:NecessarySacrifice","floor":32},{"not_picked":["hexamod:SpectersWail","hexamod:HeatMetal"],"picked":"hexamod:NightmareStrike+1","floor":32}],"player_experience":164627,"relics_obtained":[{"floor":12,"key":"Vajra"},{"floor":23,"key":"Orichalcum"},{"floor":24,"key":"Smiling Mask"}],"event_choices":[{"damage_healed":0,"gold_gain":0,"player_choice":"Box","damage_taken":0,"relics_obtained":["Mercury Hourglass"],"max_hp_gain":0,"max_hp_loss":0,"event_name":"Big Fish","floor":8,"gold_loss":0,"cards_obtained":["Regret"]},{"damage_healed":0,"gold_gain":0,"player_choice":"Success","damage_taken":12,"relics_obtained":["Ginger"],"max_hp_gain":0,"max_hp_loss":0,"event_name":"Scrap Ooze","floor":14,"gold_loss":0},{"damage_healed":29,"gold_gain":0,"player_choice":"Heal","damage_taken":0,"max_hp_gain":0,"max_hp_loss":0,"event_name":"The Library","floor":21,"gold_loss":0},{"damage_healed":0,"gold_gain":0,"player_choice":"Rummage","damage_taken":0,"relics_obtained":["WarpedTongs"],"max_hp_gain":0,"max_hp_loss":0,"event_name":"Accursed Blacksmith","floor":22,"gold_loss":0,"cards_obtained":["Pain"]}],"is_beta":false,"boss_relics":[{"not_picked":["Empty Cage","SacredBark"],"picked":"Fusion Hammer"}],"items_purged_floors":[25,31],"is_endless":false,"potions_floor_spawned":[4,6,15,20,23,26,29,32],"killed_by":"DF_ARCHETYPE_CLAW","ascension_level":0}}