{"host":"aas8f8jvicx6tcxp","time":1612620525,"event":{"mods":["BaseMod","Better Third Choice","BetterRewards","Clockwork Mod","Downfall","Minty Spire (QoL Compilation)","Shop Mod","StSLib","The Cursed"],"gold_per_floor":[109,109,184,17,31,74,0,18,18,18,59,59,90,108,108,236,236,255,255,275,18,18,57,57,101,127,127,327,346,52,88,88,209,209,233,233,80,98,123,166,191,225,277,318,318,618,633,94,94,94,94,94,40,80,80,80],"floor_reached":55,"language":"ENG","playtime":7382,"items_purged":[],"score":884,"play_id":"eaf2311d-2d1d-4d97-a272-4dc7fe20ddb6","local_time":"20210206080845","is_ascension_mode":true,"campfire_choices":[{"floor":10.0,"key":"REST"},{"floor":12.0,"key":"REST"},{"floor":15.0,"key":"REST"},{"floor":24.0,"key":"RECALL"},{"floor":27.0,"key":"REST"},{"floor":32.0,"key":"REST"},{"floor":49,"key":"REST"},{"data":"Defragment","floor":52,"key":"SMITH"}],"circlet_count":0,"master_deck":["Strike_B+1","Defend_B+1","Defend_B","Defend_B+1","Zap","Dualcast","Beam Cell","Chaos","Hello World","Gash","Gash","Conserve Battery","Chill","BootSequence+1","FTL+1","Loop+1","Glacier+1","Redo+1","Electrodynamics","Gash+1","Self Repair+1","Buffer","Hyperbeam+1","Redo+1","Defragment+1","Gash+1","Parasite","Auto Shields+1","All For One","Recycle+1","Stack+1","Conserve Battery+1"],"relics":["Runic Pyramid","Golden Idol","InkBottle","Toxic Egg 2","Odd Mushroom","Empty Cage","Mummified Hand","Kunai","Pen Nib","Toolbox","CaptainsWheel","Astrolabe","Dead Branch","Bottled Lightning","Art of War","Whetstone","Old Coin","ClockworkSouvenir","Bronze Scales","Pear","War Paint"],"acts_visited":["TheBeyond","TheEnding"],"potions_floor_usage":[38,39,44,44,47,55],"damage_taken":[{"damage":0.0,"enemies":"Small Slimes","floor":1.0,"turns":3.0},{"damage":0.0,"enemies":"2 Louse","floor":5.0,"turns":2.0},{"damage":34.0,"enemies":"Lagavulin","floor":6.0,"turns":7.0},{"damage":0.0,"enemies":"Cultist","floor":8.0,"turns":4.0},{"damage":55.0,"enemies":"Gremlin Nob","floor":11.0,"turns":6.0},{"damage":10.0,"enemies":"The Mushroom Lair","floor":13.0,"turns":6.0},{"damage":3.0,"enemies":"Lots of Slimes","floor":14.0,"turns":5.0},{"damage":22.0,"enemies":"The Guardian","floor":16.0,"turns":9.0},{"damage":0.0,"enemies":"Chosen","floor":18.0,"turns":6.0},{"damage":6.0,"enemies":"Spheric Guardian","floor":20.0,"turns":5.0},{"damage":10.0,"enemies":"Slavers","floor":23.0,"turns":5.0},{"damage":11.0,"enemies":"Gremlin Leader","floor":25.0,"turns":9.0},{"damage":21.0,"enemies":"Snake Plant","floor":29.0,"turns":5.0},{"damage":10.0,"enemies":"Book of Stabbing","floor":31.0,"turns":6.0},{"damage":14.0,"enemies":"Automaton","floor":33.0,"turns":13.0},{"damage":0,"enemies":"3 Darklings","floor":35,"turns":2},{"damage":6,"enemies":"Orb Walker","floor":38,"turns":5},{"damage":11,"enemies":"Writhing Mass","floor":39,"turns":7},{"damage":0,"enemies":"Giant Head","floor":40,"turns":8},{"damage":0,"enemies":"Sphere and 2 Shapes","floor":41,"turns":4},{"damage":17,"enemies":"Nemesis","floor":42,"turns":9},{"damage":21,"enemies":"Reptomancer","floor":44,"turns":6},{"damage":21,"enemies":"Jaw Worm Horde","floor":47,"turns":3},{"damage":65,"enemies":"Time Eater","floor":50,"turns":12},{"damage":14,"enemies":"Shield and Spear","floor":54,"turns":5},{"damage":84,"enemies":"The Heart","floor":55,"turns":9}],"seed_played":"8403551456081559898","potions_obtained":[{"floor":6.0,"key":"Weak Potion"},{"floor":13.0,"key":"Weak Potion"},{"floor":20.0,"key":"SteroidPotion"},{"floor":25.0,"key":"Swift Potion"},{"floor":29.0,"key":"Block Potion"},{"floor":31.0,"key":"Fire Potion"},{"floor":33.0,"key":"BlessingOfTheForge"},{"floor":35,"key":"Explosive Potion"},{"floor":39,"key":"LiquidBronze"},{"floor":41,"key":"sneckomod:MuddlingPotion"},{"floor":54,"key":"Strength Potion"}],"is_trial":false,"path_per_floor":["M","?","?","$","M","E","$","M","T","R","E","R","?","M","R","B",null,"M","?","M","$","$","E","R","E","T","R","?","M","$","E","R","B",null,"M","?","$","M","M","E","M","E","T","E","?","T","M","$","R","B",null,"R","$","E","B"],"character_chosen":"DEFECT","items_purchased":["Chaos","Hello World","Gash","Chill","Electrodynamics","SkillPotion","Energy Potion","Toolbox","BlessingOfTheForge","SkillPotion","PowerPotion","Defragment","LiquidMemories","ClockworkSouvenir","Bronze Scales","Pear","Stack+1"],"campfire_rested":6,"item_purchase_floors":[4,4,4,7,21,21,21,30,30,30,30,37,37,48,48,48,53],"current_hp_per_floor":[75,75,68,68,68,34,34,34,34,56,1,23,13,10,32,10,75,75,75,69,69,69,59,59,48,48,70,70,49,49,39,61,57,75,75,75,75,75,74,75,75,68,68,57,57,57,36,46,71,16,85,85,85,81,0,0],"gold":80,"neow_bonus":"BOSS_RELIC","is_daily":false,"chose_seed":false,"campfire_upgraded":1,"win_rate":0.0,"timestamp":1612620525,"path_taken":["M","?","?","$","?","E","?","M","T","R","E","R","?","M","R","BOSS","M","?","M","?","$","E","R","E","T","R","?","?","$","E","R","BOSS","M","?","$","M","M","E","M","E","T","E","?","?","M","?","R","BOSS","R","$","E","BOSS"],"items_purchased_type":["Card","Card","Card","Card","Card","Potion","Potion","Relic","Potion","Potion","Potion","Card","Potion","Relic","Relic","Relic","Card"],"build_version":"2020-12-22","purchased_purges":0,"victory":false,"max_hp_per_floor":[75,75,75,75,75,75,75,75,75,75,75,75,75,75,75,75,75,75,75,75,75,75,75,75,75,75,75,75,75,75,75,75,75,75,75,75,75,75,75,75,75,75,75,75,75,75,75,85,85,85,85,85,85,85,85,85],"card_choices":[{"not_picked":["Sweeping Beam","Steam"],"picked":"Beam Cell","floor":1.0},{"not_picked":["Rebound","Auto Shields"],"picked":"Gash","floor":5.0},{"not_picked":["Gash","Doom and Gloom"],"picked":"Conserve Battery","floor":6.0},{"not_picked":["Reprogram","Blizzard","Hologram"],"picked":"SKIP","floor":8.0},{"not_picked":["Machine Learning","Beam Cell"],"picked":"BootSequence+1","floor":11.0},{"not_picked":["Sunder","Coolheaded+1"],"picked":"FTL","floor":13.0},{"not_picked":["Reinforced Body+1","FTL"],"picked":"Loop","floor":14.0},{"not_picked":["Ball Lightning","Undo+1"],"picked":"Glacier+1","floor":18.0},{"not_picked":["Static Discharge","Streamline"],"picked":"Redo+1","floor":20.0},{"not_picked":["Heatsinks","Compile Driver","Stack+1"],"picked":"SKIP","floor":23.0},{"not_picked":["Streamline","Blizzard"],"picked":"Gash+1","floor":25.0},{"not_picked":["Cold Snap","Turbo+1","Stack+1"],"picked":"SKIP","floor":29.0},{"not_picked":["Steam+1","Stack+1"],"picked":"Self Repair+1","floor":31.0},{"not_picked":["Meteor Strike","Multi-Cast+1"],"picked":"Buffer","floor":33.0},{"not_picked":["Skim+1","Redo+1","BootSequence+1"],"picked":"SKIP","floor":35},{"not_picked":["Conserve Battery+1","Barrage"],"picked":"Gash+1","floor":38},{"not_picked":["Cold Snap","Blizzard","Capacitor+1"],"picked":"SKIP","floor":39},{"not_picked":["Storm","Coolheaded+1"],"picked":"Auto Shields+1","floor":40},{"not_picked":["Rebound","Steam Power+1","Beam Cell+1"],"picked":"SKIP","floor":41},{"not_picked":["Consume+1","Leap+1"],"picked":"All For One","floor":42},{"not_picked":["Barrage","Cold Snap","Loop"],"picked":"SKIP","floor":44},{"not_picked":["Hologram+1","Ball Lightning"],"picked":"Recycle+1","floor":47},{"not_picked":["Machine Learning","Aggregate+1"],"picked":"Conserve Battery+1","floor":54}],"player_experience":367026,"relics_obtained":[{"floor":6.0,"key":"InkBottle"},{"floor":11.0,"key":"Toxic Egg 2"},{"floor":13.0,"key":"Odd Mushroom"},{"floor":23.0,"key":"Mummified Hand"},{"floor":25.0,"key":"Kunai"},{"floor":26.0,"key":"Pen Nib"},{"floor":31.0,"key":"CaptainsWheel"},{"floor":40,"key":"Dead Branch"},{"floor":42,"key":"Bottled Lightning"},{"floor":43,"key":"Art of War"},{"floor":44,"key":"Whetstone"},{"floor":46,"key":"Old Coin"},{"floor":54,"key":"War Paint"}],"event_choices":[{"damage_healed":0.0,"max_hp_gain":0.0,"max_hp_loss":0.0,"gold_gain":0.0,"event_name":"Golden Idol","player_choice":"Take Wound","floor":2.0,"gold_loss":0.0,"damage_taken":0.0,"relics_obtained":["Golden Idol"],"cards_obtained":["Injury"]},{"damage_healed":0.0,"max_hp_gain":0.0,"max_hp_loss":0.0,"gold_gain":75.0,"event_name":"FaceTrader","player_choice":"Touch","floor":3.0,"gold_loss":0.0,"damage_taken":7.0},{"damage_healed":0.0,"max_hp_gain":0.0,"max_hp_loss":0.0,"gold_gain":0.0,"event_name":"Mushrooms","player_choice":"Fought Mushrooms","floor":13.0,"gold_loss":0.0,"damage_taken":0.0},{"damage_healed":0.0,"max_hp_gain":0.0,"max_hp_loss":0.0,"gold_gain":0.0,"event_name":"Upgrade Shrine","player_choice":"Upgraded","floor":19.0,"gold_loss":0.0,"damage_taken":0.0,"cards_upgraded":["Loop"]},{"damage_healed":0.0,"max_hp_gain":0.0,"max_hp_loss":0.0,"gold_gain":200.0,"event_name":"Wheel of Change","player_choice":"Gold","floor":28.0,"gold_loss":0.0,"damage_taken":0.0},{"damage_healed":0,"gold_gain":0,"player_choice":"Ignored","damage_taken":0,"max_hp_gain":0,"max_hp_loss":0,"event_name":"Tomb of Lord Red Mask","floor":36,"gold_loss":0},{"cards_removed":["Double Energy"],"damage_healed":0,"gold_gain":0,"player_choice":"Removed Skill","damage_taken":0,"max_hp_gain":0,"max_hp_loss":0,"event_name":"Falling","floor":45,"gold_loss":0}],"is_beta":false,"boss_relics":[{"not_picked":["Calling Bell","Nuclear Battery"],"picked":"Empty Cage"},{"not_picked":["Velvet Choker","Tiny House"],"picked":"Astrolabe"}],"items_purged_floors":[],"is_endless":false,"potions_floor_spawned":[6,13,20,25,29,31,33,35,39,41,42,54],"killed_by":"The Heart","ascension_level":1}}