{"host":"epc8efk9vrywpcsw","time":1612617259,"event":{"mods":["BaseMod","Minty Spire (QoL Compilation)","Relic Stats","StSLib"],"gold_per_floor":[115,130,130,146,71,71,71,71],"floor_reached":7,"language":"ENG","playtime":168,"items_purged":["Regret"],"score":82,"play_id":"4aeb4b63-d882-4b55-8b99-cbb5a50d9b33","local_time":"20210206141419","is_ascension_mode":true,"campfire_choices":[{"data":"Neutralize","floor":6,"key":"SMITH"}],"circlet_count":0,"master_deck":["AscendersBane","Strike_G","Strike_G","Strike_G","Strike_G","Strike_G","Defend_G","Defend_G","Defend_G","Defend_G","Defend_G","Survivor","Neutralize+1","Masterful Stab","Riddle With Holes","Backflip"],"relics":["SlaversCollar","Pear"],"acts_visited":["Exordium"],"potions_floor_usage":[7,7],"damage_taken":[{"damage":8,"enemies":"Jaw Worm","floor":1,"turns":7},{"damage":12,"enemies":"Small Slimes","floor":2,"turns":4},{"damage":8,"enemies":"Cultist","floor":4,"turns":4},{"damage":3,"enemies":"Gremlin Nob","floor":7,"turns":3}],"seed_played":"551490165118925072","potions_obtained":[{"floor":1,"key":"EntropicBrew"},{"floor":2,"key":"EntropicBrew"}],"is_trial":false,"path_per_floor":["M","M","?","M","$","R","E"],"character_chosen":"THE_SILENT","items_purchased":[],"campfire_rested":0,"item_purchase_floors":[],"current_hp_per_floor":[51,39,49,41,41,41,38,38],"gold":71,"neow_bonus":"BOSS_RELIC","is_daily":false,"chose_seed":false,"campfire_upgraded":1,"win_rate":0.0,"timestamp":1612617259,"path_taken":["M","M","?","M","$","R","E"],"items_purchased_type":[],"build_version":"2020-12-22","purchased_purges":1,"victory":false,"max_hp_per_floor":[66,66,76,76,76,76,76,76],"relic_stats":{"counters":[4,18],"obtain_stats":[{"SlaversCollar":0,"Pear":3,"Ring of the Snake":0},{"SlaversCollar":0,"Pear":2,"Ring of the Snake":0},{"SlaversCollar":0,"Pear":11,"Ring of the Snake":0}]},"card_choices":[{"not_picked":["Concentrate","Sucker Punch"],"picked":"Masterful Stab","floor":1},{"not_picked":["Skewer","Poisoned Stab"],"picked":"Riddle With Holes","floor":2},{"not_picked":["Expertise","Dash"],"picked":"Backflip","floor":4}],"player_experience":492831,"relics_obtained":[],"event_choices":[{"damage_healed":0,"gold_gain":0,"player_choice":"Box","damage_taken":0,"relics_obtained":["Pear"],"max_hp_gain":0,"max_hp_loss":0,"event_name":"Big Fish","floor":3,"gold_loss":0,"cards_obtained":["Regret"]}],"is_beta":false,"boss_relics":[],"items_purged_floors":[5],"is_endless":false,"potions_floor_spawned":[1,2],"killed_by":"Gremlin Nob","ascension_level":20}}