{"host":"s5d39dhq0ddhxhke","time":1612625755,"event":{"mods":["AchievementEnabler","BaseMod","Colored Map","Minty Spire (QoL Compilation)","Smile Girya","SuperFastMode"],"gold_per_floor":[112,112,122,122,122,147,147,179,247,257,257,276,289,103,103,174,174,188,113,113,123,123,123,156,156,182,198,211,1,29,46,46,123,123,135,146,0,0,19,19,52,52,102,121,121,71,98,98,98],"floor_reached":48,"language":"ENG","playtime":1615,"items_purged":["Strike_R","Strike_R","Strike_R"],"score":991,"play_id":"d48535bc-40c6-4922-94d0-a21bd1b8256c","local_time":"20210206173555","is_ascension_mode":true,"campfire_choices":[{"floor":7.0,"key":"REST"},{"data":"Rampage","floor":11.0,"key":"SMITH"},{"data":"Fire Breathing","floor":15.0,"key":"SMITH"},{"floor":23.0,"key":"DIG"},{"floor":32.0,"key":"DIG"},{"floor":40.0,"key":"DIG"},{"floor":42.0,"key":"DIG"}],"circlet_count":0,"master_deck":["AscendersBane","Defend_R+1","Defend_R+1","Defend_R","Bash","Rampage+1","Evolve","Impervious","Fire Breathing+1","True Grit","Feel No Pain","Fiend Fire","CurseOfTheBell","Power Through","Fire Breathing+1","Shrug It Off","Offering","Fire Breathing","Power Through","Havoc+1"],"relics":["Burning Blood","MealTicket","Pantograph","The Courier","Ancient Tea Set","Calling Bell","Omamori","Mercury Hourglass","Shovel","MutagenicStrength","Akabeko","PreservedInsect","Toy Ornithopter","Bronze Scales","Dream Catcher","Sundial","Sozu","Red Mask","Singing Bowl","War Paint","Potion Belt","Smiling Mask","Red Skull"],"acts_visited":["Exordium","TheCity","TheBeyond"],"potions_floor_usage":[48],"damage_taken":[{"damage":14.0,"enemies":"Jaw Worm","floor":1.0,"turns":4.0},{"damage":1.0,"enemies":"Cultist","floor":3.0,"turns":3.0},{"damage":56.0,"enemies":"Gremlin Nob","floor":6.0,"turns":5.0},{"damage":25.0,"enemies":"3 Sentries","floor":8.0,"turns":10.0},{"damage":2.0,"enemies":"2 Louse","floor":10.0,"turns":4.0},{"damage":19.0,"enemies":"Exordium Wildlife","floor":12.0,"turns":6.0},{"damage":20.0,"enemies":"Blue Slaver","floor":13.0,"turns":5.0},{"damage":5.0,"enemies":"Slime Boss","floor":16.0,"turns":5.0},{"damage":28.0,"enemies":"Spheric Guardian","floor":18.0,"turns":5.0},{"damage":5.0,"enemies":"3 Byrds","floor":21.0,"turns":5.0},{"damage":41.0,"enemies":"Gremlin Leader","floor":24.0,"turns":7.0},{"damage":10.0,"enemies":"Centurion and Healer","floor":27.0,"turns":5.0},{"damage":13.0,"enemies":"Sentry and Sphere","floor":28.0,"turns":4.0},{"damage":21.0,"enemies":"Book of Stabbing","floor":30.0,"turns":4.0},{"damage":6.0,"enemies":"Chosen and Byrds","floor":31.0,"turns":2.0},{"damage":3.0,"enemies":"Champ","floor":33.0,"turns":10.0},{"damage":26.0,"enemies":"3 Darklings","floor":35.0,"turns":4.0},{"damage":6.0,"enemies":"3 Shapes","floor":36.0,"turns":4.0},{"damage":20.0,"enemies":"3 Darklings","floor":39.0,"turns":5.0},{"damage":25.0,"enemies":"Giant Head","floor":41.0,"turns":6.0},{"damage":17.0,"enemies":"Writhing Mass","floor":44.0,"turns":5.0},{"damage":50,"enemies":"Reptomancer","floor":48,"turns":2}],"seed_played":"3111266882572917846","potions_obtained":[{"floor":6.0,"key":"BloodPotion"},{"floor":8.0,"key":"Dexterity Potion"},{"floor":12.0,"key":"PowerPotion"},{"floor":16.0,"key":"ColorlessPotion"},{"floor":27.0,"key":"Ancient Potion"},{"floor":30.0,"key":"Energy Potion"}],"is_trial":false,"path_per_floor":["M","?","M","?","?","E","R","E","T","M","R","M","M","$","R","B",null,"M","?","?","M","?","R","E","?","T","M","M","$","E","M","R","B",null,"M","M","?","$","M","R","E","R","T","M","?","$","T","E"],"character_chosen":"IRONCLAD","items_purchased":["Ancient Tea Set","Bronze Scales"],"campfire_rested":1,"item_purchase_floors":[14,29],"current_hp_per_floor":[67,67,72,72,72,22,46,27,27,31,31,34,20,35,35,61,77,55,55,50,51,51,51,16,16,16,17,10,25,10,10,10,38,71,51,51,51,66,52,52,35,35,35,26,26,41,41,0,0],"gold":98,"neow_bonus":"TEN_PERCENT_HP_BONUS","is_daily":false,"chose_seed":false,"campfire_upgraded":2,"win_rate":0.0,"timestamp":1612625755,"path_taken":["M","?","?","?","?","E","R","E","T","M","R","M","M","$","R","BOSS","M","?","?","?","?","R","E","?","T","?","M","$","E","M","R","BOSS","M","M","?","$","M","R","E","R","T","M","?","$","?","E"],"items_purchased_type":["Relic","Relic"],"build_version":"2020-12-22","purchased_purges":3,"victory":false,"max_hp_per_floor":[82,82,82,82,82,82,82,82,82,82,82,82,82,82,82,82,82,82,82,82,82,82,82,82,82,82,82,82,82,82,82,82,82,82,82,82,82,82,82,82,84,84,84,86,86,86,86,86,86],"card_choices":[{"not_picked":["Iron Wave","Sword Boomerang"],"picked":"Rampage","floor":1.0},{"not_picked":["Twin Strike","Clash"],"picked":"Evolve","floor":3.0},{"not_picked":["Blood for Blood","Rupture"],"picked":"Impervious","floor":6.0},{"not_picked":["Dual Wield","Hemokinesis"],"picked":"Fire Breathing","floor":8.0},{"not_picked":["Pummel","Twin Strike"],"picked":"True Grit","floor":10.0},{"not_picked":["Anger","Pommel Strike","Headbutt"],"picked":"SKIP","floor":12.0},{"not_picked":["Entrench","Anger"],"picked":"Feel No Pain","floor":13.0},{"not_picked":["Impervious","Exhume"],"picked":"Fiend Fire","floor":16.0},{"not_picked":["Anger","Fire Breathing"],"picked":"Power Through","floor":18.0},{"not_picked":["Clothesline","Body Slam","Flex"],"picked":"SKIP","floor":21.0},{"not_picked":["Pummel","Evolve","Sentinel"],"picked":"SKIP","floor":24.0},{"not_picked":["Dropkick","Pommel Strike"],"picked":"Shrug It Off","floor":27.0},{"not_picked":["Sword Boomerang","Dark Embrace"],"picked":"Offering","floor":28.0},{"not_picked":["Pummel","Entrench","Fire Breathing"],"picked":"SKIP","floor":30.0},{"not_picked":["Pummel","Entrench"],"picked":"Fire Breathing","floor":30.0},{"not_picked":["Rupture","Headbutt+1"],"picked":"Power Through","floor":31.0},{"not_picked":["Pummel","Clash","Inflame"],"picked":"SKIP","floor":35.0},{"not_picked":["Warcry+1","Sword Boomerang","True Grit"],"picked":"SKIP","floor":36.0},{"not_picked":["Twin Strike","Spot Weakness"],"picked":"Havoc+1","floor":39.0},{"not_picked":["Pummel","Battle Trance","Shrug It Off"],"picked":"Singing Bowl","floor":41.0},{"not_picked":["Power Through","Sentinel","Flex+1"],"picked":"Singing Bowl","floor":44.0}],"player_experience":480026,"relics_obtained":[{"floor":6.0,"key":"MealTicket"},{"floor":8.0,"key":"Pantograph"},{"floor":9.0,"key":"The Courier"},{"floor":17.0,"key":"Omamori"},{"floor":17.0,"key":"Mercury Hourglass"},{"floor":17.0,"key":"Shovel"},{"floor":23.0,"key":"Akabeko"},{"floor":24.0,"key":"PreservedInsect"},{"floor":26.0,"key":"Toy Ornithopter"},{"floor":30.0,"key":"Dream Catcher"},{"floor":32.0,"key":"Sundial"},{"floor":40.0,"key":"Singing Bowl"},{"floor":41.0,"key":"War Paint"},{"floor":42.0,"key":"Potion Belt"},{"floor":43.0,"key":"Smiling Mask"},{"floor":47.0,"key":"Red Skull"}],"event_choices":[{"cards_removed":["Strike_R"],"damage_healed":0.0,"max_hp_gain":0.0,"max_hp_loss":0.0,"gold_gain":0.0,"event_name":"Wheel of Change","player_choice":"Card Removal","floor":2.0,"gold_loss":0.0,"damage_taken":0.0},{"cards_removed":["Strike_R"],"damage_healed":0.0,"max_hp_gain":0.0,"max_hp_loss":0.0,"gold_gain":0.0,"event_name":"Living Wall","player_choice":"Forget","floor":4.0,"gold_loss":0.0,"damage_taken":0.0},{"damage_healed":0.0,"max_hp_gain":0.0,"max_hp_loss":0.0,"gold_gain":0.0,"event_name":"Liars Game","player_choice":"Ignored","floor":5.0,"gold_loss":0.0,"damage_taken":0.0},{"cards_removed":["Defend_R"],"damage_healed":0.0,"max_hp_gain":0.0,"max_hp_loss":0.0,"gold_gain":0.0,"event_name":"Beggar","player_choice":"Gave Gold","floor":19.0,"gold_loss":75.0,"damage_taken":0.0},{"damage_healed":0.0,"max_hp_gain":0.0,"max_hp_loss":0.0,"gold_gain":0.0,"event_name":"The Woman in Blue","player_choice":"Bought 0 Potions","floor":20.0,"gold_loss":0.0,"damage_taken":0.0},{"damage_healed":0.0,"max_hp_gain":0.0,"max_hp_loss":0.0,"gold_gain":0.0,"event_name":"Drug Dealer","player_choice":"Inject Mutagens","floor":22.0,"gold_loss":0.0,"damage_taken":0.0,"relics_obtained":["MutagenicStrength"]},{"damage_healed":0.0,"max_hp_gain":0.0,"max_hp_loss":0.0,"gold_gain":0.0,"event_name":"Duplicator","player_choice":"Copied","floor":25.0,"gold_loss":0.0,"damage_taken":0.0,"cards_obtained":["Fire Breathing"]},{"damage_healed":0.0,"max_hp_gain":0.0,"max_hp_loss":0.0,"gold_gain":0.0,"event_name":"Tomb of Lord Red Mask","player_choice":"Paid","floor":37.0,"gold_loss":146.0,"damage_taken":0.0,"relics_obtained":["Red Mask"]},{"damage_healed":0.0,"max_hp_gain":0.0,"max_hp_loss":0.0,"gold_gain":0.0,"event_name":"The Moai Head","player_choice":"Ignored","floor":45.0,"gold_loss":0.0,"damage_taken":0.0}],"is_beta":false,"boss_relics":[{"not_picked":["Runic Dome","Cursed Key"],"picked":"Calling Bell"},{"not_picked":["SacredBark","Tiny House"],"picked":"Sozu"}],"items_purged_floors":[14,29,46],"is_endless":false,"potions_floor_spawned":[6,8,12,16,18,27,30,33,35,41,44],"killed_by":"Reptomancer","ascension_level":19}}