{"host":"zf1gvustpgbojd4t","time":1612589140,"event":{"mods":["Act Like it!","BaseMod","Downfall","Hallownest","Map Debug Mod","Minty Spire (QoL Compilation)","MostiFishMod","Replay The Spire","StSLib"],"gold_per_floor":[99,99,99,99,99,199,199,199,229,139,167,67,98,124,142,262,262,162,194,194,222,253,277,277,277,105,105,312,345,419,765,792,909,909,809,838,865,894,925,972,972,972,779,838,838,874,920,946,976,996,996,1051,127,127,149,173],"floor_reached":57,"language":"ZHS","playtime":2651,"items_purged":["hexamod:Strike","hexamod:Strike","hexamod:Defend","hexamod:Defend"],"score":1771,"play_id":"97f4053e-f5ae-401b-9463-6fbd82ff9534","local_time":"20210206132540","is_ascension_mode":false,"campfire_choices":[{"floor":1,"key":"RECALL"},{"data":"hexamod:SwordOfDarkness","floor":12,"key":"SMITH"},{"data":"hexamod:GhostOfSpirePresent","floor":18,"key":"SMITH"},{"data":"hexamod:CatchUp","floor":27,"key":"SMITH"},{"data":"hexamod:HexaLevel","floor":35,"key":"SMITH"},{"data":"hexamod:PhantomCloak","floor":42,"key":"SMITH"},{"floor":54,"key":"DIG"}],"circlet_count":0,"master_deck":["hexamod:Sear","hexamod:Float+1","hexamod:PhantomCloak+1","hexamod:AdvancingGuard+1","hexamod:GhostShield+1","hexamod:VolcanoVisage","hexamod:SpectersWail+1","hexamod:ForkedFlame","hexamod:SwordOfDarkness+1","hexamod:Firestarter","hexamod:GhostOfSpirePast","hexamod:PhantomFireball+1","hexamod:GhostOfSpirePresent+1","hexamod:EmpoweredFlame","hexamod:CatchUp+1","hexamod:InspiringFlames+1","hexamod:CatchUp+1","hexamod:AdvancingGuard","hexamod:ThermalTransfer","hexamod:StepThrough","hexamod:SwordOfDarkness+1","hexamod:ExtraCrispy","hexamod:TimeOfNeed+1","hexamod:HexaLevel+1","hexamod:Rewind+1","hexamod:SwordOfDarkness","hexamod:Hexaguard+1","hexamod:SpectersWail+1","hexamod:Haunt+1","hexamod:Rewind+1","Secret Weapon"],"relics":["hexamod:SpiritBrand","DaveBox","PatriotShield","downfall:HeartsMalice","Letter Opener","PreservedInsect","downfall:HeartBlessingRed","Replay:Bandana","JellyFishMachine","downfall:HeartBlessingBlue","Gremlin Horn","FossilizedHelix","Old Coin","Painkiller Herb","downfall:HeartBlessingGreen","Orichalcum","Replay:Multitool","Replay:Ringing Soul","Simple Rune","War Paint","Blue Candle","ReplayTheSpireMod:TigerMarble","HornCleat","Counterbalance","Technique","Whetstone","Replay:Accelerometer"],"acts_visited":["Exordium","TheCity","TheBeyond","TheEnding"],"potions_floor_usage":[38,38,56,56],"damage_taken":[{"damage":0,"enemies":"Jaw Worm","floor":2,"turns":1},{"damage":0,"enemies":"Small Slimes","floor":3,"turns":1},{"damage":0,"enemies":"Cultist","floor":4,"turns":1},{"damage":5,"enemies":"downfall:Heads","floor":6,"turns":5},{"damage":1,"enemies":"Lagavulin","floor":9,"turns":7},{"damage":0,"enemies":"downfall:FleeingMerchant","floor":10,"turns":4},{"damage":0,"enemies":"Gremlin Nob","floor":11,"turns":2},{"damage":0,"enemies":"Lagavulin","floor":13,"turns":2},{"damage":0,"enemies":"Blue Slaver","floor":14,"turns":1},{"damage":0,"enemies":"Exordium Thugs","floor":15,"turns":1},{"damage":0,"enemies":"WA_ARCHETYPE_RETAIN","floor":16,"turns":3},{"damage":0,"enemies":"Chosen","floor":19,"turns":2},{"damage":0,"enemies":"Shell Parasite","floor":21,"turns":3},{"damage":0,"enemies":"Sentry and Sphere","floor":22,"turns":3},{"damage":6,"enemies":"Snake Plant","floor":23,"turns":3},{"damage":0,"enemies":"downfall:FleeingMerchant","floor":26,"turns":4},{"damage":0,"enemies":"downfall:FleeingMerchant","floor":28,"turns":1},{"damage":0,"enemies":"Book of Stabbing","floor":29,"turns":2},{"damage":0,"enemies":"Replay:Snechameleon","floor":31,"turns":3},{"damage":0,"enemies":"Snecko","floor":32,"turns":3},{"damage":0,"enemies":"SI_MIRROR_ARCHETYPE","floor":33,"turns":5},{"damage":0,"enemies":"3 Shapes","floor":36,"turns":1},{"damage":0,"enemies":"3 Darklings","floor":38,"turns":3},{"damage":0,"enemies":"Spire Growth","floor":39,"turns":3},{"damage":0,"enemies":"Nemesis","floor":40,"turns":3},{"damage":0,"enemies":"R_Hoarder","floor":44,"turns":3},{"damage":0,"enemies":"Transient","floor":46,"turns":5},{"damage":0,"enemies":"Nemesis","floor":47,"turns":3},{"damage":0,"enemies":"Sphere and 2 Shapes","floor":48,"turns":1},{"damage":1,"enemies":"4 Shapes","floor":49,"turns":2},{"damage":0,"enemies":"IC_BLOCK_ARCHETYPE","floor":50,"turns":7},{"damage":0,"enemies":"downfall:CharBossMerchant","floor":52,"turns":5},{"damage":11,"enemies":"downfall:NeowBoss","floor":55,"turns":10},{"damage":3,"enemies":"downfall:NeowBossFinal","floor":56,"turns":8}],"seed_played":"-3457868425343637492","potions_obtained":[{"floor":9,"key":"Reflective Coating"},{"floor":11,"key":"Regen Potion"},{"floor":15,"key":"Fire Potion"},{"floor":40,"key":"GamblersBrew"},{"floor":46,"key":"Reflective Coating"}],"is_trial":false,"path_per_floor":["R","M","M","M","?","?","T","?","E","$","E","R","E","M","M","B",null,"R","M","?","M","M","M","T","?","$","R","$","E","?","E","M","B",null,"T","?","?","?","?","E","T","T","T","E","?","?","E","?","?","B",null,"E","T","T","B","B",null],"character_chosen":"THE_SPIRIT","items_purchased":["hexamod:StepThrough","Simple Rune","hexamod:Hexaguard+1","Counterbalance","Technique","Whetstone","Secret Weapon"],"campfire_rested":0,"item_purchase_floors":[26,43,43,53,53,53,53],"current_hp_per_floor":[70,70,70,70,70,65,65,65,64,64,64,64,64,64,64,64,70,80,80,72,72,72,66,66,66,66,66,66,66,66,66,66,66,80,80,80,80,80,80,80,80,80,83,83,78,81,81,84,86,86,92,92,95,95,84,81],"gold":173,"neow_bonus":"THREE_ENEMY_KILL","is_daily":false,"chose_seed":false,"campfire_upgraded":5,"win_rate":0.0,"timestamp":1612589140,"path_taken":["R","M","M","M","?","?","T","?","E","$","E","R","E","M","M","BOSS","R","M","?","M","?","M","T","?","$","R","?","E","?","E","M","BOSS","T","?","?","?","?","E","T","T","T","E","?","?","E","?","?","BOSS","E","T","T","BOSS","BOSS"],"items_purchased_type":["Card","Relic","Card","Relic","Relic","Relic","Card"],"build_version":"2020-12-22","purchased_purges":4,"victory":true,"max_hp_per_floor":[70,70,70,70,70,70,70,70,70,70,70,70,70,70,70,70,70,80,80,80,80,80,80,80,80,80,80,80,80,80,80,80,80,80,80,80,80,80,80,80,80,80,83,83,83,86,86,89,92,92,92,92,95,95,95,95],"card_choices":[{"not_picked":["hexamod:Hexaguard","hexamod:BacktrackSmack"],"picked":"hexamod:PhantomCloak","floor":2},{"not_picked":["hexamod:RetreatToShadows","hexamod:BacktrackSmack"],"picked":"hexamod:AdvancingGuard","floor":3},{"not_picked":["hexamod:GhostflameBarrier","hexamod:HauntingEcho"],"picked":"hexamod:GhostOfSpireFuture","floor":4},{"not_picked":["hexamod:HauntingEcho","hexamod:Firestarter"],"picked":"hexamod:SpectersWail","floor":6},{"not_picked":["hexamod:HexaLevel","hexamod:FastForward"],"picked":"hexamod:ForkedFlame","floor":9},{"not_picked":["hexamod:BacktrackSmack","hexamod:BurningTouch"],"picked":"hexamod:SwordOfDarkness","floor":10},{"not_picked":["hexamod:Hexaguard","hexamod:HeatShield"],"picked":"hexamod:Firestarter","floor":11},{"not_picked":["hexamod:RetreatToShadows","hexamod:NightmareGuise"],"picked":"hexamod:GhostOfSpirePast","floor":13},{"not_picked":["hexamod:NightmareGuise","hexamod:DynamicBlow"],"picked":"hexamod:PhantomFireball","floor":14},{"not_picked":["hexamod:BurningTouch","hexamod:GhostflameBarrier","hexamod:ExtraCrispy"],"picked":"SKIP","floor":15},{"not_picked":["hexamod:SearingWound","hexamod:TimeWarp"],"picked":"hexamod:GhostOfSpirePresent","floor":16},{"not_picked":["hexamod:EtherealExpedition","hexamod:NecessarySacrifice"],"picked":"hexamod:EmpoweredFlame","floor":19},{"not_picked":["hexamod:ChargedBarrage","hexamod:GhostLash"],"picked":"hexamod:CatchUp+1","floor":21},{"not_picked":["hexamod:GhostflameBarrier","hexamod:BacktrackSmack+1"],"picked":"hexamod:InspiringFlames","floor":22},{"not_picked":["hexamod:Firestarter+1","hexamod:NightmareStrike"],"picked":"hexamod:CatchUp","floor":23},{"not_picked":["hexamod:ThirdSeal","hexamod:GhostShield"],"picked":"hexamod:ThermalTransfer","floor":26},{"not_picked":["hexamod:DynamicBlow+1","hexamod:ParanormalForm"],"picked":"hexamod:SwordOfDarkness","floor":28},{"not_picked":["hexamod:ShieldOfDarkness","hexamod:GhostLash","hexamod:HexaLevel"],"picked":"SKIP","floor":29},{"not_picked":["hexamod:GhostflameBarrier+1","hexamod:PhantomCloak"],"picked":"hexamod:ExtraCrispy","floor":30},{"not_picked":["hexamod:BacktrackSmack","hexamod:InspiringFlames"],"picked":"hexamod:TimeOfNeed","floor":31},{"not_picked":["hexamod:GhostLash","hexamod:Haunt","hexamod:RecurringNightmare"],"picked":"SKIP","floor":32},{"not_picked":["hexamod:TurnItUp","hexamod:ParanormalForm"],"picked":"hexamod:HexaLevel","floor":33},{"not_picked":["hexamod:GhostShield","hexamod:BurningTouch"],"picked":"hexamod:Rewind+1","floor":36},{"not_picked":["hexamod:PhantomCloak+1","hexamod:StepThrough"],"picked":"hexamod:SwordOfDarkness","floor":38},{"not_picked":["hexamod:HauntingEcho","hexamod:GhostShield","hexamod:SecondSeal"],"picked":"SKIP","floor":39},{"not_picked":["hexamod:SixthSeal","hexamod:BurningTouch+1","hexamod:GhostShield"],"picked":"SKIP","floor":40},{"not_picked":["hexamod:FastForward+1","hexamod:ThirdSeal","hexamod:SpectersWail"],"picked":"SKIP","floor":44},{"not_picked":["hexamod:GhostflameBarrier+1","hexamod:RadiantFlame+1"],"picked":"hexamod:SpectersWail+1","floor":46},{"not_picked":["hexamod:ThermalTransfer","hexamod:Hexaguard","hexamod:NightmareStrike"],"picked":"SKIP","floor":47},{"not_picked":["hexamod:HauntingEcho","hexamod:NightmareGuise"],"picked":"hexamod:Haunt","floor":48},{"not_picked":["hexamod:AdvancingGuard","hexamod:GhostShield+1"],"picked":"hexamod:Rewind+1","floor":49},{"not_picked":["hexamod:Incineration+1","hexamod:GhostShield+1","hexamod:HeatCrush"],"picked":"SKIP","floor":52}],"player_experience":100329,"relics_obtained":[{"floor":9,"key":"Letter Opener"},{"floor":11,"key":"PreservedInsect"},{"floor":13,"key":"Replay:Bandana"},{"floor":24,"key":"Gremlin Horn"},{"floor":29,"key":"FossilizedHelix"},{"floor":31,"key":"Old Coin"},{"floor":37,"key":"Orichalcum"},{"floor":40,"key":"Replay:Multitool"},{"floor":41,"key":"Replay:Ringing Soul"},{"floor":44,"key":"War Paint"},{"floor":47,"key":"ReplayTheSpireMod:TigerMarble"},{"floor":52,"key":"HornCleat"},{"floor":54,"key":"Replay:Accelerometer"}],"event_choices":[],"is_beta":false,"boss_relics":[{"not_picked":["Replay:Grab Bag","Sozu"],"picked":"JellyFishMachine"},{"not_picked":["RhineCircuit","ChiXiaoBlade"],"picked":"Painkiller Herb"}],"items_purged_floors":[10,26,28,53],"is_endless":false,"potions_floor_spawned":[9,11,15,16,21,22,23,29,32,40,44,46,47],"ascension_level":0}}