{"host":"o9lehcdjc4u6j9un","time":1612633254,"event":{"mods":["BaseMod","Better-Laid Plans","Colored Map","Downfall","Hermit","Marisa£®ÏF”Í°°ƒß¿Ì…≥£©","Minty Spire (QoL Compilation)","Reimu£®≤©¿ˆ¡È√Œ£©","StSLib","The Runesmith","The Senshi","TheSwordswoman"],"gold_per_floor":[116,131,56,56,69,101,75,94,145,161,161,193,193,223,223,325,325,341,159,175,200,224,224,254,254,331,354,54,54,77,84,84],"floor_reached":31,"language":"ZHS","playtime":2702,"items_purged":["hermit:Defend_Hermit","hermit:Strike_Hermit","hermit:Strike_Hermit"],"score":277,"play_id":"1cc61f13-34ae-4088-b8b7-6457ee0f21af","local_time":"20210207014054","is_ascension_mode":false,"campfire_choices":[{"floor":13.0,"key":"REST"},{"floor":15.0,"key":"REST"},{"data":"hermit:WideOpen","floor":23,"key":"SMITH"},{"floor":25,"key":"REST"},{"data":"Apotheosis","floor":29,"key":"SMITH"}],"circlet_count":0,"master_deck":["hermit:Strike_Hermit","hermit:Defend_Hermit+1","hermit:Defend_Hermit","hermit:Defend_Hermit+1","hermit:Snapshot","hermit:Covet","hermit:Quickdraw","hermit:ShadowCloak","Decay","hermit:WideOpen+1","hermit:SprayPray","hermit:Manifest","hermit:SprayPray","hermit:Malice","hermit:FinalCanter","hermit:Scavenge","hermit:FatalDesire","hermit:Dive","hermit:ShadowCloak","hermit:Misfire","hermit:WideOpen+1","hermit:Roulette","hermit:Midnight","hermit:OverwhelmingPower","Apotheosis+1"],"relics":["hermit:Momento","Mastiff:ReiMu","Matryoshka","Anchor","War Paint","Juzu Bracelet","Pear","Sozu","Bag of Marbles","Mercury Hourglass","HornCleat"],"acts_visited":["Exordium","TheCity"],"potions_floor_usage":[],"damage_taken":[{"damage":4.0,"enemies":"2 Louse","floor":1.0,"turns":4.0},{"damage":1.0,"enemies":"Cultist","floor":2.0,"turns":3.0},{"damage":5.0,"enemies":"Small Slimes","floor":5.0,"turns":3.0},{"damage":6.0,"enemies":"3 Sentries","floor":6.0,"turns":6.0},{"damage":4.0,"enemies":"Exordium Wildlife","floor":8.0,"turns":5.0},{"damage":13.0,"enemies":"Exordium Thugs","floor":10.0,"turns":6.0},{"damage":16.0,"enemies":"Gremlin Nob","floor":12.0,"turns":4.0},{"damage":18.0,"enemies":"Lagavulin","floor":14.0,"turns":5.0},{"damage":26.0,"enemies":"Slime Boss","floor":16.0,"turns":11.0},{"damage":1,"enemies":"Shell Parasite","floor":18,"turns":4},{"damage":0,"enemies":"Chosen","floor":20,"turns":4},{"damage":18,"enemies":"Shelled Parasite and Fungi","floor":21,"turns":6},{"damage":6,"enemies":"Snake Plant","floor":22,"turns":4},{"damage":41,"enemies":"Slavers","floor":24,"turns":5},{"damage":8,"enemies":"Centurion and Healer","floor":27,"turns":5},{"damage":10,"enemies":"Shelled Parasite and Fungi","floor":30,"turns":4},{"damage":26,"enemies":"Gremlin Leader","floor":31,"turns":5}],"seed_played":"-6580792945695317019","potions_obtained":[{"floor":2.0,"key":"SkillPotion"},{"floor":8.0,"key":"GrandPatriotsElixir:ReiMu"},{"floor":10.0,"key":"BlessingOfTheForge"},{"floor":14.0,"key":"Ancient Potion"}],"is_trial":false,"path_per_floor":["M","M","$","?","M","E","$","M","T","M","?","E","R","E","R","B",null,"M","$","M","M","M","R","E","R","T","M","$","R","M","E"],"character_chosen":"HERMIT","items_purchased":["hermit:Manifest","hermit:ShadowCloak","hermit:Misfire","Apotheosis"],"campfire_rested":3,"item_purchase_floors":[7,19,19,28],"current_hp_per_floor":[71,70,70,70,65,59,59,55,55,42,35,19,41,33,58,32,85,84,84,84,66,60,60,19,44,44,36,36,36,26,0,0],"gold":84,"neow_bonus":"RANDOM_COMMON_RELIC","is_daily":false,"chose_seed":false,"campfire_upgraded":2,"win_rate":0.0,"timestamp":1612633254,"path_taken":["M","M","$","?","M","E","$","M","T","?","?","E","R","E","R","BOSS","M","$","M","M","M","R","E","R","T","M","$","R","M","E"],"items_purchased_type":["Card","Card","Card","Card"],"build_version":"2020-12-22","purchased_purges":3,"victory":false,"max_hp_per_floor":[75,75,75,75,75,75,75,75,75,75,75,75,75,85,85,85,85,85,85,85,85,85,85,85,85,85,85,85,85,85,85,85],"card_choices":[{"not_picked":["hermit:SprayPray","hermit:Midnight"],"picked":"hermit:Quickdraw","floor":1.0},{"not_picked":["hermit:EyeOfTheStorm","hermit:Gestalt"],"picked":"hermit:ShadowCloak","floor":2.0},{"not_picked":["hermit:ShadowCloak","hermit:Gestalt"],"picked":"hermit:WideOpen","floor":5.0},{"not_picked":["hermit:Roulette","hermit:Roughhouse"],"picked":"hermit:SprayPray","floor":6.0},{"not_picked":["hermit:Quickdraw","hermit:ItchyTrigger"],"picked":"hermit:SprayPray","floor":8.0},{"not_picked":["hermit:Enervate","hermit:Desperado"],"picked":"hermit:Malice","floor":10.0},{"not_picked":["hermit:Roughhouse","hermit:ShadowCloak"],"picked":"hermit:FinalCanter","floor":12.0},{"not_picked":["hermit:LowProfile","hermit:HoleUp"],"picked":"hermit:Scavenge","floor":14.0},{"not_picked":["hermit:Gambit","hermit:EternalForm"],"picked":"hermit:FatalDesire","floor":16.0},{"not_picked":["hermit:HoleUp+1","hermit:Desperado"],"picked":"hermit:Dive","floor":18},{"not_picked":["hermit:Snipe","hermit:BodyArmor"],"picked":"hermit:WideOpen+1","floor":20},{"not_picked":["hermit:LowProfile","hermit:DeadMansHand+1","hermit:HighCaliber"],"picked":"SKIP","floor":21},{"not_picked":["hermit:FlashPowder","hermit:Grudge"],"picked":"hermit:Roulette","floor":22},{"not_picked":["hermit:HighCaliber","hermit:Coalescence"],"picked":"hermit:Midnight","floor":24},{"not_picked":["hermit:Snipe","hermit:TrackingShot"],"picked":"hermit:OverwhelmingPower","floor":27},{"not_picked":["hermit:HoleUp","hermit:WideOpen","hermit:BodyArmor"],"picked":"SKIP","floor":30}],"player_experience":112179,"relics_obtained":[{"floor":6.0,"key":"Matryoshka"},{"floor":9.0,"key":"Anchor"},{"floor":9.0,"key":"War Paint"},{"floor":12.0,"key":"Juzu Bracelet"},{"floor":14.0,"key":"Pear"},{"floor":24,"key":"Bag of Marbles"},{"floor":26,"key":"Mercury Hourglass"},{"floor":26,"key":"HornCleat"}],"event_choices":[{"damage_healed":0.0,"max_hp_gain":0.0,"max_hp_loss":0.0,"gold_gain":0.0,"event_name":"Wheel of Change","player_choice":"Cursed","floor":4.0,"gold_loss":0.0,"damage_taken":0.0,"cards_obtained":["Decay"]},{"cards_removed":["hermit:Strike_Hermit"],"damage_healed":0.0,"max_hp_gain":0.0,"max_hp_loss":0.0,"gold_gain":0.0,"event_name":"Golden Wing","player_choice":"Card Removal","floor":11.0,"gold_loss":0.0,"damage_taken":7.0}],"is_beta":false,"boss_relics":[{"not_picked":["Coffee Dripper","hermit:BartenderGlass"],"picked":"Sozu"}],"items_purged_floors":[3,19,28],"is_endless":false,"potions_floor_spawned":[2,8,10,14,20,30],"killed_by":"Gremlin Leader","ascension_level":0}}