{"host":"zksvs3x2ysy9npnz","time":1612648223,"event":{"mods":["Aspiration","BaseMod","Beaked The Cultist","BetterRewards","Clockwork Mod","Colored Map","Conspire","Downfall","Duelist Mod","Halation","Highlight Path","Hubris","Infinite Spire","Jedi Mod","Magitek Elite","Minty Spire (QoL Compilation)","Permanent Neow","Quick Restart","Relic Stats","Shop Mod","StSLib","The Runesmith","The Witch"],"gold_per_floor":[116,116,116,7,21,46,46,46,46,46,64,64,77,112,112,190,190,205,221,265,292,303,338,1,1,1,1,19,46,46,60,60,132,132,142,142,142,197,214,214,214,214],"floor_reached":41,"language":"FRA","playtime":2582,"items_purged":["Injury","Strike_Witch","Shame"],"score":746,"play_id":"5e3ed472-61ac-4ce8-9377-2b2278b9df1f","local_time":"20210206225023","is_ascension_mode":true,"campfire_choices":[{"data":"VileEgg","floor":7.0,"key":"SMITH"},{"data":"SaltCircle","floor":10.0,"key":"SMITH"},{"floor":15.0,"key":"REST"},{"data":"RoilingBarrier","floor":25.0,"key":"SMITH"},{"data":"Hexguard","floor":30.0,"key":"SMITH"},{"data":"ZombieSpit","floor":32.0,"key":"SMITH"},{"floor":40,"key":"REST"}],"circlet_count":0,"master_deck":["AscendersBane","Strike_Witch","Strike_Witch","Strike_Witch","Defend_Witch","Defend_Witch","Defend_Witch","Defend_Witch","Hexguard+1","ZombieSpit+1","MementoMori","SummonCatFamiliar+1","VileEgg+1","SaltCircle+1","TrollsBlood+1","SummonRatFamiliar+1","MercuryWand","DarkProcession+1","CorruptBlood","DarkProcession+1","TwistedMind+1","RoilingBarrier+1","DireShriek","BloodSabbath"],"relics":["downfall:ShatteredFragment","aspiration:SneckoTail","hubris:ChampionShield","theDuelist:NaturiaRelic","hexamod:Sixitude","Guardian:BottledStasis","conspire:TreasureMap","Slimebound:MaxSlimesRelic","Akabeko","conspire:Boomerang","Clockwork:CopperScales","conspire:GiftBox","Clockwork:BeatingHeart","theDuelist:TokenUpgradeRelic","DataDisk","theDuelist:DragonRelicC","aspiration:KMNothing","jedi:tokenofserenity","infinitespire:Chaos","SlaversCollar","hubris:Spice"],"acts_visited":["Exordium","TheCity","TheBeyond"],"potions_floor_usage":[],"damage_taken":[{"damage":1.0,"enemies":"Small Slimes","floor":1.0,"turns":4.0},{"damage":7.0,"enemies":"2 Louse","floor":5.0,"turns":5.0},{"damage":24.0,"enemies":"Lagavulin","floor":6.0,"turns":7.0},{"damage":0.0,"enemies":"Jaw Worm","floor":11.0,"turns":3.0},{"damage":0.0,"enemies":"Gremlin Gang","floor":13.0,"turns":5.0},{"damage":25.0,"enemies":"Gremlin Nob","floor":14.0,"turns":4.0},{"damage":10.0,"enemies":"The Guardian","floor":16.0,"turns":12.0},{"damage":4.0,"enemies":"Spheric Guardian","floor":18.0,"turns":4.0},{"damage":0.0,"enemies":"2 Thieves","floor":19.0,"turns":5.0},{"damage":23.0,"enemies":"conspire:MimicChest","floor":20.0,"turns":9.0},{"damage":11.0,"enemies":"Snake Plant","floor":22.0,"turns":5.0},{"damage":14.0,"enemies":"theDuelist:KaibaA2","floor":23.0,"turns":6.0},{"damage":8.0,"enemies":"Cultist and Chosen","floor":28.0,"turns":6.0},{"damage":39.0,"enemies":"Slavers","floor":29.0,"turns":8.0},{"damage":32.0,"enemies":"3 Cultists","floor":31.0,"turns":7.0},{"damage":63.0,"enemies":"Automaton","floor":33.0,"turns":15.0},{"damage":2,"enemies":"3 Shapes","floor":35,"turns":8},{"damage":54,"enemies":"2 Orb Walkers","floor":38,"turns":5},{"damage":30,"enemies":"3 Darklings","floor":39,"turns":3},{"damage":38,"enemies":"Reptomancer","floor":41,"turns":4}],"seed_played":"-1508167663163220817","potions_obtained":[{"floor":5.0,"key":"ColorlessPotion"},{"floor":14.0,"key":"PowerPotion"},{"floor":16.0,"key":"Swift Potion"},{"floor":39,"key":"hexamod:SoulburnPotion"}],"is_trial":false,"path_per_floor":["M","?","?","$","M","E","R","?","T","R","M","?","M","E","R","B",null,"M","M","?","T","M","E","$","R","T","?","M","E","R","M","R","B",null,"M","?","AVR","?","M","R","E"],"character_chosen":"WITCH","items_purchased":["SummonCatFamiliar+1","TwistedMind+1","RoilingBarrier","Strawberry"],"campfire_rested":2,"item_purchase_floors":[4,24,24,24],"current_hp_per_floor":[59,59,59,59,59,43,43,43,43,43,48,30,38,22,42,54,64,63,67,57,57,58,62,69,69,69,69,69,74,74,55,56,20,61,74,77,77,37,7,24,0,0],"gold":214,"neow_bonus":"RANDOM_COMMON_RELIC","is_daily":false,"chose_seed":false,"campfire_upgraded":5,"win_rate":0.0,"timestamp":1612648223,"path_taken":["M","?","?","?","?","E","R","?","T","R","M","?","M","E","R","BOSS","M","M","?","?","M","E","$","R","T","?","M","E","R","M","R","BOSS","M","?","AVR","?","?","R","E"],"items_purchased_type":["Card","Card","Card","Relic"],"build_version":"2020-12-22","purchased_purges":3,"victory":false,"max_hp_per_floor":[67,67,67,67,67,67,67,67,67,67,67,67,67,67,67,67,67,67,67,67,67,67,67,74,74,74,74,74,74,74,74,74,74,74,74,77,77,85,85,85,85,85],"relic_stats":{"counters":[20,125],"obtain_stats":[{"aspiration:SneckoTail":37,"theDuelist:NaturiaRelic":37,"conspire:SpecialSausage":34,"halation:WeightlessCrab":6,"Incense Burner":27,"theDuelist:DragonRelicC":37,"Boot":14,"Sozu":17,"Nunchaku":23,"jedi:tokenofserenity":37,"Slimebound:MaxSlimesRelic":37,"jedi:firstaidkit":3,"Strawberry":24,"Clockwork:BeatingHeart":37,"hubris:FunFungus":20,"hubris:ChampionShield":37,"infinitespire:Chaos":37,"Guardian:BottledStasis":37,"conspire:TreasureMap":37,"downfall:ShatteredFragment":37,"Clockwork:CopperScales":37,"infinitespire:EmptyRelic":37,"hexamod:Sixitude":37,"conspire:Boomerang":37,"infinitespire:CheckeredPen":9,"Frozen Egg 2":2,"hubris:Towel":8,"BlackCat":0,"Akabeko":12,"theDuelist:TokenUpgradeRelic":37,"SlaversCollar":37,"conspire:GiftBox":37,"DataDisk":37,"hubris:Spice":38,"aspiration:KMNothing":37,"infinitespire:Satchel":21,"Tintinnabulum":29,"halation:EternalFortune":36,"hexamod:BolsterEngine":0},{"aspiration:SneckoTail":17,"theDuelist:NaturiaRelic":17,"conspire:SpecialSausage":16,"halation:WeightlessCrab":3,"Incense Burner":12,"theDuelist:DragonRelicC":17,"Boot":6,"Sozu":7,"Nunchaku":12,"jedi:tokenofserenity":17,"Slimebound:MaxSlimesRelic":17,"jedi:firstaidkit":1,"Strawberry":12,"Clockwork:BeatingHeart":17,"hubris:FunFungus":10,"hubris:ChampionShield":17,"infinitespire:Chaos":17,"Guardian:BottledStasis":17,"conspire:TreasureMap":17,"downfall:ShatteredFragment":17,"Clockwork:CopperScales":17,"infinitespire:EmptyRelic":17,"hexamod:Sixitude":17,"conspire:Boomerang":17,"infinitespire:CheckeredPen":3,"Frozen Egg 2":1,"hubris:Towel":3,"BlackCat":0,"Akabeko":4,"theDuelist:TokenUpgradeRelic":17,"SlaversCollar":17,"conspire:GiftBox":17,"DataDisk":17,"hubris:Spice":18,"aspiration:KMNothing":17,"infinitespire:Satchel":10,"Tintinnabulum":14,"halation:EternalFortune":17,"hexamod:BolsterEngine":0},{"aspiration:SneckoTail":113,"theDuelist:NaturiaRelic":113,"conspire:SpecialSausage":105,"halation:WeightlessCrab":16,"Incense Burner":69,"theDuelist:DragonRelicC":113,"Boot":28,"Sozu":40,"Nunchaku":69,"jedi:tokenofserenity":113,"Slimebound:MaxSlimesRelic":113,"jedi:firstaidkit":4,"Strawberry":69,"Clockwork:BeatingHeart":113,"hubris:FunFungus":58,"hubris:ChampionShield":113,"infinitespire:Chaos":113,"Guardian:BottledStasis":113,"conspire:TreasureMap":113,"downfall:ShatteredFragment":113,"Clockwork:CopperScales":113,"infinitespire:EmptyRelic":113,"hexamod:Sixitude":113,"conspire:Boomerang":113,"infinitespire:CheckeredPen":16,"Frozen Egg 2":4,"hubris:Towel":16,"BlackCat":0,"Akabeko":19,"theDuelist:TokenUpgradeRelic":113,"SlaversCollar":113,"conspire:GiftBox":113,"DataDisk":113,"hubris:Spice":118,"aspiration:KMNothing":113,"infinitespire:Satchel":58,"Tintinnabulum":83,"halation:EternalFortune":113,"hexamod:BolsterEngine":0}]},"card_choices":[{"not_picked":["MagicFang","RiteOfAutumn"],"picked":"MementoMori","floor":1.0},{"not_picked":["RoilingBarrier","Demonfyre"],"picked":"VileEgg","floor":5.0},{"not_picked":["Puncture","RiteOfSummer"],"picked":"SaltCircle","floor":6.0},{"not_picked":["CorruptBlood","LivingBomb"],"picked":"TrollsBlood+1","floor":11.0},{"not_picked":["BlackShield","BoneCarving"],"picked":"SummonRatFamiliar+1","floor":13.0},{"not_picked":["WretchedNails","RustWall"],"picked":"MercuryWand","floor":14.0},{"not_picked":["VileEgg","SummonToadFamiliar+1"],"picked":"DarkProcession+1","floor":16.0},{"not_picked":["BoneCarving","GnarledBody","MagicFang"],"picked":"SKIP","floor":18.0},{"not_picked":["BlackBolt","SoulBarrier","KarmaDrain"],"picked":"SKIP","floor":19.0},{"not_picked":["BoneCarving","KarmaDrain"],"picked":"CorruptBlood","floor":22.0},{"not_picked":["Pillage","MortusClaw"],"picked":"DarkProcession+1","floor":23.0},{"not_picked":["SummonCatFamiliar+1","SummonRatFamiliar+1","IllOmen"],"picked":"SKIP","floor":28.0},{"not_picked":["BalefulWard","Athame","SummonRatFamiliar+1"],"picked":"SKIP","floor":29.0},{"not_picked":["BlackShield","BleedOut","CursedBlade"],"picked":"SKIP","floor":31.0},{"not_picked":["Twitch","RiteOfSpring"],"picked":"DireShriek","floor":33.0},{"not_picked":["SkullFlask+1","RiteOfSummer","BlackBolt"],"picked":"SKIP","floor":35},{"not_picked":["DoomBlade","SummonToadFamiliar"],"picked":"BloodSabbath","floor":37},{"not_picked":["MagicFang","WretchedNails+1","WickedThoughts"],"picked":"SKIP","floor":39}],"player_experience":2127697,"relics_obtained":[{"floor":3.0,"key":"jedi:firstaidkit"},{"floor":6.0,"key":"halation:WeightlessCrab"},{"floor":9.0,"key":"infinitespire:CheckeredPen"},{"floor":14.0,"key":"Boot"},{"floor":20.0,"key":"hubris:FunFungus"},{"floor":21.0,"key":"infinitespire:Satchel"},{"floor":23.0,"key":"Nunchaku"},{"floor":29.0,"key":"Tintinnabulum"},{"floor":38,"key":"hubris:Spice"}],"event_choices":[{"damage_healed":0.0,"max_hp_gain":0.0,"max_hp_loss":0.0,"gold_gain":0.0,"event_name":"Scrap Ooze","player_choice":"Success","floor":12.0,"gold_loss":0.0,"damage_taken":18.0,"relics_obtained":["Akabeko"]},{"damage_healed":0.0,"max_hp_gain":0.0,"max_hp_loss":0.0,"gold_gain":0.0,"event_name":"Addict","player_choice":"Stole Relic","floor":27.0,"gold_loss":0.0,"damage_taken":0.0,"relics_obtained":["Incense Burner"],"cards_obtained":["Shame"]},{"damage_healed":0,"gold_gain":0,"player_choice":"Fight","damage_taken":0,"max_hp_gain":0,"max_hp_loss":0,"event_name":"Mysterious Sphere","floor":38,"gold_loss":0}],"is_beta":false,"boss_relics":[{"not_picked":["aspiration:FutureDiary","hubris:RunicObelisk"],"picked":"Sozu"},{"not_picked":["halation:CatFaceCupcake","infinitespire:Cupcake"],"picked":"conspire:SpecialSausage"}],"items_purged_floors":[4,24,37],"is_endless":false,"potions_floor_spawned":[5,14,16,19,22,23,28,33,35,39],"killed_by":"Reptomancer","ascension_level":13}}