{"host":"2ty4h143nj8vwezc","time":1612594714,"event":{"mods":["BaseMod","Colored Map","Googly Eyes","Highlight Path","Minty Spire (QoL Compilation)","Quick Restart","StSLib"],"gold_per_floor":[112,129,129,129,145,145,171,171,171,171,171,40,61,82,82,175,175,194,109,59,83,83,83],"floor_reached":22,"language":"ENG","playtime":1048,"items_purged":[],"score":368,"play_id":"393c2a8d-bff3-4849-8d25-cfab5b608a14","local_time":"20210206015834","is_ascension_mode":true,"campfire_choices":[{"data":"Noxious Fumes","floor":6,"key":"SMITH"},{"floor":8,"key":"RECALL"},{"floor":11,"key":"REST"},{"floor":15,"key":"REST"}],"circlet_count":0,"master_deck":["AscendersBane","Strike_G","Strike_G","Strike_G","Defend_G","Defend_G","Defend_G","Defend_G","Survivor","Neutralize","Noxious Fumes+1","Noxious Fumes+1","Accuracy+1","Noxious Fumes+1","Backstab","Injury","Catalyst+1","Footwork","Venomology","Deflect+1"],"relics":["Astrolabe","Pear","Orichalcum","Golden Idol","SlaversCollar","Letter Opener"],"acts_visited":["Exordium","TheCity"],"potions_floor_usage":[7,16,18,21,22],"damage_taken":[{"damage":10,"enemies":"Small Slimes","floor":1,"turns":5},{"damage":0,"enemies":"2 Louse","floor":2,"turns":3},{"damage":3,"enemies":"Cultist","floor":5,"turns":4},{"damage":21,"enemies":"3 Sentries","floor":7,"turns":5},{"damage":11,"enemies":"Lots of Slimes","floor":13,"turns":4},{"damage":12,"enemies":"Blue Slaver","floor":14,"turns":5},{"damage":21,"enemies":"The Guardian","floor":16,"turns":7},{"damage":29,"enemies":"Spheric Guardian","floor":18,"turns":6},{"damage":1,"enemies":"Chosen","floor":21,"turns":5},{"damage":39,"enemies":"Snecko","floor":22,"turns":6}],"seed_played":"-5114343757523635694","potions_obtained":[{"floor":2,"key":"AttackPotion"},{"floor":5,"key":"BlessingOfTheForge"},{"floor":16,"key":"Ancient Potion"},{"floor":18,"key":"CultistPotion"}],"is_trial":false,"path_per_floor":["M","M","?","?","M","R","E","R","T","?","R","$","M","M","R","B",null,"M","?","?","M","M"],"character_chosen":"THE_SILENT","items_purchased":["Catalyst","Footwork"],"campfire_rested":2,"item_purchase_floors":[12,12],"current_hp_per_floor":[49,49,49,49,46,46,35,35,35,35,57,57,46,34,56,35,66,37,37,37,36,0,0],"gold":83,"neow_bonus":"BOSS_RELIC","is_daily":false,"chose_seed":false,"campfire_upgraded":1,"win_rate":0.0,"timestamp":1612594714,"path_taken":["M","M","?","?","M","R","E","R","T","?","R","$","M","M","R","BOSS","M","?","?","M","M"],"items_purchased_type":["Card","Card"],"build_version":"2020-12-22","purchased_purges":0,"victory":false,"max_hp_per_floor":[66,66,66,66,66,66,76,76,76,76,76,76,76,76,76,76,76,76,76,76,76,76,76],"card_choices":[{"not_picked":["Sucker Punch","Calculated Gamble"],"picked":"Noxious Fumes","floor":1},{"not_picked":["Bane","Prepared"],"picked":"Backstab","floor":2},{"not_picked":["Sucker Punch","Choke","Backflip"],"picked":"SKIP","floor":5},{"not_picked":["Predator","Underhanded Strike","Poisoned Stab"],"picked":"SKIP","floor":7},{"not_picked":["Dagger Spray","Heel Hook","Acrobatics"],"picked":"SKIP","floor":13},{"not_picked":["Underhanded Strike","Accuracy","Poisoned Stab"],"picked":"SKIP","floor":14},{"not_picked":["Doppelganger","A Thousand Cuts"],"picked":"Venomology","floor":16},{"not_picked":["Slice","Blade Dance","Prepared"],"picked":"SKIP","floor":18},{"not_picked":["Deadly Poison","PiercingWail"],"picked":"Deflect+1","floor":21}],"player_experience":346433,"relics_obtained":[{"floor":7,"key":"Pear"},{"floor":9,"key":"Orichalcum"}],"event_choices":[{"damage_healed":0,"gold_gain":0,"player_choice":"Fled","damage_taken":0,"max_hp_gain":0,"max_hp_loss":0,"event_name":"Scrap Ooze","floor":3,"gold_loss":0},{"damage_healed":0,"gold_gain":0,"player_choice":"Ignored","damage_taken":0,"max_hp_gain":0,"max_hp_loss":0,"event_name":"Shining Light","floor":4,"gold_loss":0},{"damage_healed":0,"gold_gain":0,"player_choice":"Take Wound","damage_taken":0,"relics_obtained":["Golden Idol"],"max_hp_gain":0,"max_hp_loss":0,"event_name":"Golden Idol","floor":10,"gold_loss":0,"cards_obtained":["Injury"]},{"damage_healed":0,"gold_gain":0,"player_choice":"Obtained Relic","damage_taken":0,"relics_obtained":["Letter Opener"],"max_hp_gain":0,"max_hp_loss":0,"event_name":"Addict","floor":19,"gold_loss":85},{"damage_healed":0,"gold_gain":0,"player_choice":"Upgrade","damage_taken":0,"max_hp_gain":0,"max_hp_loss":0,"event_name":"Designer","floor":20,"gold_loss":50,"cards_upgraded":["Catalyst"]}],"is_beta":false,"boss_relics":[{"not_picked":["Ectoplasm","Busted Crown"],"picked":"SlaversCollar"}],"items_purged_floors":[],"is_endless":false,"potions_floor_spawned":[2,5,16,18],"killed_by":"Snecko","ascension_level":20}}