{"host":"815dqs41i1y8uxms","time":1612644580,"event":{"mods":["A Penny For Your Troubles","Act Like it!","BaseMod","GungeonMod","Minty Spire (QoL Compilation)","Rare Cards Sparkle","Shop Mod","Spire Arcade","StSLib"],"gold_per_floor":[117,129,129,14,14,39,50,81,81,100,167,167,182,147,147,251,251,265,190,201,215,28,28,98,98,98,98,115,132,143,161,181,181,181,181,181],"floor_reached":35,"language":"ENG","playtime":2025,"items_purged":[],"score":296,"play_id":"83f15984-ea45-4d7e-b50b-82b09553c691","local_time":"20210206214940","is_ascension_mode":false,"campfire_choices":[{"floor":15,"key":"REST"},{"floor":23,"key":"RECALL"},{"data":"DemoMod:ShadowBullets","floor":25,"key":"SMITH"},{"data":"DemoMod:Rummage","floor":27,"key":"SMITH"},{"floor":33,"key":"REST"}],"circlet_count":0,"master_deck":["DemoMod:Strike_Huntress","DemoMod:Strike_Huntress","DemoMod:Defend_Huntress","DemoMod:Defend_Huntress+1","DemoMod:Defend_Huntress","DemoMod:Defend_Huntress","DemoMod:Roll","DemoMod:ManualReload+1","DemoMod:RustySidearm","DemoMod:CrossBow","DemoMod:StickyCrossBow","DemoMod:PotionOfGunFriendShip+1","DemoMod:DarkMarker","DemoMod:GunShield","DemoMod:Camera","DemoMod:MachoBrace","DemoMod:SAA","DemoMod:TripleGun","DemoMod:BlankBullets","DemoMod:ProbeStrike+1","DemoMod:ShadowBullets+1","DemoMod:Replace+1","DemoMod:Rummage+1","DemoMod:SniperShot","DemoMod:JK47+1","DemoMod:GunslingerForm","DemoMod:AbyssalTentacle+1","DemoMod:MegaHand+1"],"relics":["DemoMod:Dog","NeowsBlessing","Regal Pillow","DemoMod:WhiteGuonStone","DemoMod:Plus1Bullets","Bronze Scales","Cursed Key","MerchantsRug"],"acts_visited":["Exordium","TheCity","DemoMod:Maze"],"potions_floor_usage":[8,13,16,21,28,30,30,31,35],"damage_taken":[{"damage":0,"enemies":"Cultist","floor":1,"turns":1},{"damage":0,"enemies":"Jaw Worm","floor":2,"turns":1},{"damage":0,"enemies":"Gremlin Nob","floor":6,"turns":1},{"damage":3,"enemies":"2 Louse","floor":7,"turns":3},{"damage":25,"enemies":"3 Sentries","floor":8,"turns":8},{"damage":0,"enemies":"Large Slime","floor":10,"turns":3},{"damage":0,"enemies":"Looter","floor":13,"turns":2},{"damage":12,"enemies":"Slime Boss","floor":16,"turns":5},{"damage":5,"enemies":"2 Thieves","floor":18,"turns":3},{"damage":0,"enemies":"3 Byrds","floor":20,"turns":3},{"damage":0,"enemies":"Snecko","floor":21,"turns":3},{"damage":0,"enemies":"DemoMod:Veteran_shot_gun_kin_and_bullet_kin","floor":28,"turns":4},{"damage":0,"enemies":"DemoMod:Red_and_blue_shotgun_kin","floor":29,"turns":2},{"damage":0,"enemies":"DemoMod:Veteran_shot_gun_kin_and_blue_shotgun_kin_with_gunsinger","floor":30,"turns":3},{"damage":13,"enemies":"DemoMod:Red_and_blue_shotgun_kin_with_gunsinger","floor":31,"turns":2},{"damage":6,"enemies":"DemoMod:2_Mousers","floor":32,"turns":3},{"damage":31,"enemies":"DemoMod:ResourcefulRat","floor":35,"turns":6}],"seed_played":"-9050687554526559533","potions_obtained":[{"floor":6,"key":"Explosive Potion"},{"floor":8,"key":"AttackPotion"},{"floor":10,"key":"EssenceOfSteel"},{"floor":13,"key":"Swift Potion"},{"floor":16,"key":"Ancient Potion"},{"floor":29,"key":"Fire Potion"},{"floor":30,"key":"Swift Potion"}],"is_trial":false,"path_per_floor":["M","M","?","$","?","E","M","E","T","M","?","?","M","$","R","B",null,"M","?","M","M","$","R","?","R","T","R","M","M","M","M","M","R","B","B"],"character_chosen":"HUNTRESS","items_purchased":["DemoMod:GnawedKey","DemoMod:TripleGun","MerchantsRug","DemoMod:Rummage"],"campfire_rested":2,"item_purchase_floors":[4,14,22,22],"current_hp_per_floor":[70,70,56,56,49,49,46,21,21,21,21,21,21,21,57,45,70,65,65,65,65,65,65,65,65,70,70,70,70,70,57,51,70,30,0,0],"gold":181,"neow_bonus":"THREE_ENEMY_KILL","is_daily":false,"chose_seed":false,"campfire_upgraded":2,"win_rate":0.0,"timestamp":1612644580,"path_taken":["M","M","?","$","?","E","M","E","T","M","?","?","M","?","R","BOSS","M","?","M","M","$","R","?","R","T","R","M","M","M","M","M","R","BOSS","BOSS"],"items_purchased_type":["Relic","Card","Relic","Card"],"build_version":"2020-12-22","purchased_purges":0,"victory":false,"max_hp_per_floor":[70,70,70,70,70,70,70,70,70,70,70,70,70,70,70,70,70,70,70,70,70,70,70,70,70,70,70,70,70,70,70,70,70,70,70,70],"card_choices":[{"not_picked":["DemoMod:BattleInHaste","DemoMod:JK47"],"picked":"DemoMod:StickyCrossBow","floor":1},{"not_picked":["DemoMod:Replace","DemoMod:HighKaliber"],"picked":"DemoMod:PotionOfGunFriendShip","floor":2},{"not_picked":["DemoMod:DoubleSwitch","DemoMod:FortunesFavor"],"picked":"DemoMod:DarkMarker","floor":6},{"not_picked":["DemoMod:FortunesFavor","DemoMod:Unmoved"],"picked":"DemoMod:GunShield","floor":7},{"not_picked":["DemoMod:FeignSurrender","DemoMod:AWP"],"picked":"DemoMod:Camera","floor":8},{"not_picked":["DemoMod:SniperShot","DemoMod:AC15"],"picked":"DemoMod:MachoBrace","floor":10},{"not_picked":["DemoMod:ConditionalReflex","DemoMod:JK47"],"picked":"DemoMod:SAA","floor":13},{"not_picked":["DemoMod:FightSabre","DemoMod:Behold!"],"picked":"DemoMod:BlankBullets","floor":16},{"not_picked":["DemoMod:AWP","DemoMod:Evolver"],"picked":"DemoMod:ProbeStrike+1","floor":18},{"not_picked":["DemoMod:SpreadAmmo","DemoMod:Replace+1"],"picked":"DemoMod:ShadowBullets","floor":20},{"not_picked":["DemoMod:Evolver","DemoMod:AC15"],"picked":"DemoMod:Replace+1","floor":21},{"not_picked":["DemoMod:Unity","DemoMod:Casey"],"picked":"DemoMod:SniperShot","floor":28},{"not_picked":["DemoMod:PotionOfGunFriendShip","DemoMod:StickyCrossBow"],"picked":"DemoMod:JK47+1","floor":29},{"not_picked":["DemoMod:PotionOfGunFriendShip+1","DemoMod:FeignSurrender"],"picked":"DemoMod:GunslingerForm","floor":30},{"not_picked":["DemoMod:MachoBrace+1","DemoMod:Polaris"],"picked":"DemoMod:AbyssalTentacle+1","floor":31},{"not_picked":["DemoMod:Unmoved+1","DemoMod:FastSwitch"],"picked":"DemoMod:MegaHand+1","floor":32}],"player_experience":3748489,"relics_obtained":[{"floor":6,"key":"DemoMod:WhiteGuonStone"},{"floor":8,"key":"DemoMod:Plus1Bullets"},{"floor":9,"key":"Bronze Scales"}],"event_choices":[{"damage_healed":0,"gold_gain":0,"player_choice":"Entered Light","damage_taken":14,"max_hp_gain":0,"max_hp_loss":0,"event_name":"Shining Light","floor":3,"gold_loss":0,"cards_upgraded":["DemoMod:Defend_Huntress","DemoMod:PotionOfGunFriendShip"]},{"damage_healed":0,"gold_gain":0,"player_choice":"Success","damage_taken":7,"relics_obtained":["Regal Pillow"],"max_hp_gain":0,"max_hp_loss":0,"event_name":"Scrap Ooze","floor":5,"gold_loss":0},{"damage_healed":0,"gold_gain":67,"player_choice":"Gained Gold","damage_taken":0,"max_hp_gain":0,"max_hp_loss":0,"event_name":"Golden Wing","floor":11,"gold_loss":0},{"damage_healed":0,"gold_gain":0,"player_choice":"Grow","damage_taken":0,"max_hp_gain":0,"max_hp_loss":0,"event_name":"Living Wall","floor":12,"gold_loss":0,"cards_upgraded":["DemoMod:ManualReload"]},{"cards_removed":["DemoMod:Strike_Huntress"],"damage_healed":0,"gold_gain":0,"player_choice":"Gave Gold","damage_taken":0,"max_hp_gain":0,"max_hp_loss":0,"event_name":"Beggar","floor":19,"gold_loss":75}],"is_beta":false,"boss_relics":[{"not_picked":["Runic Dome","Busted Crown"],"picked":"Cursed Key"}],"items_purged_floors":[],"is_endless":false,"potions_floor_spawned":[6,8,10,13,16,20,29,30],"killed_by":"DemoMod:ResourcefulRat","ascension_level":0}}