{"host":"ijf4uk0u2tt2bygg","time":1612630455,"event":{"mods":["2.2 Compatiblity","AchievementEnabler","BaseMod","BetterRewards","Block Reminder","Colored Map","Colored Powertips","Curses Come First","DeckTracker","Highlight Path","Minty Spire (QoL Compilation)","Permanent Neow","Quick Restart","Relic Stats","StSLib","Unknown Chances"],"gold_per_floor":[109,121,135,135,135,135,166,181,181,181,197,230,230,242,242,347,397,407,407,407,26,26,26,54,67,67,98,115,115,147,157,157,252,252,263,283,297,297,27,27,27,37,37,62,62,94,106,126,126,126,126],"floor_reached":50,"language":"ENG","playtime":6247,"items_purged":["Decay"],"score":622,"play_id":"81f518fc-b0a8-4426-8f72-fa262cc5312c","local_time":"20210206185415","is_ascension_mode":false,"campfire_choices":[{"floor":6.0,"key":"REST"},{"data":"Fusion","floor":10.0,"key":"SMITH"},{"floor":13.0,"key":"REST"},{"data":"Buffer","floor":15.0,"key":"SMITH"},{"data":"Zap","floor":23.0,"key":"SMITH"},{"data":"Seek","floor":29.0,"key":"SMITH"},{"data":"Loop","floor":32.0,"key":"SMITH"},{"data":"Tempest","floor":40.0,"key":"SMITH"},{"data":"Buffer","floor":45,"key":"SMITH"},{"floor":49,"key":"REST"}],"circlet_count":0,"master_deck":["Strike_B","Strike_B","Strike_B","Defend_B","Defend_B+1","Defend_B","Zap+1","Dualcast","Barrage+1","Lockon+1","Redo","Violence","Streamline+1","Self Repair+1","FTL+1","Stack","Fusion+1","Capacitor","Barrage+1","Buffer+1","Thunder Strike+1","Ball Lightning+1","FTL+1","Seek+1","Multi-Cast","Ball Lightning+1","Reinforced Body","Beam Cell+1","Tempest+1","Melter+1","Loop+1","Sweeping Beam+1","Machine Learning","Melter+1","Storm+1","Sweeping Beam+1","Sweeping Beam+1","Storm+1","Buffer+1","All For One+1","Reprogram+1","Streamline+1"],"relics":["Cracked Core","Molten Egg 2","ClockworkSouvenir","White Beast Statue","Sundial","Question Card","Orichalcum","Tiny House","Bird Faced Urn","Bottled Lightning","Bag of Preparation","Calipers","Pantograph","Snecko Eye","Oddly Smooth Stone","Bottled Flame","Blood Vial","Lantern"],"acts_visited":["Exordium","TheCity","TheBeyond"],"potions_floor_usage":[44,44,44,46,47,50,50],"damage_taken":[{"damage":0.0,"enemies":"Small Slimes","floor":1.0,"turns":2.0},{"damage":0.0,"enemies":"2 Louse","floor":2.0,"turns":2.0},{"damage":6.0,"enemies":"Jaw Worm","floor":3.0,"turns":3.0},{"damage":14.0,"enemies":"Gremlin Nob","floor":7.0,"turns":4.0},{"damage":6.0,"enemies":"Exordium Wildlife","floor":8.0,"turns":5.0},{"damage":12.0,"enemies":"Gremlin Gang","floor":11.0,"turns":4.0},{"damage":24.0,"enemies":"Lagavulin","floor":12.0,"turns":5.0},{"damage":7.0,"enemies":"Blue Slaver","floor":14.0,"turns":2.0},{"damage":6.0,"enemies":"Slime Boss","floor":16.0,"turns":8.0},{"damage":29.0,"enemies":"2 Thieves","floor":18.0,"turns":5.0},{"damage":0.0,"enemies":"Gremlin Leader","floor":24.0,"turns":6.0},{"damage":4.0,"enemies":"Chosen","floor":25.0,"turns":3.0},{"damage":34.0,"enemies":"Book of Stabbing","floor":27.0,"turns":5.0},{"damage":15.0,"enemies":"Snake Plant","floor":28.0,"turns":3.0},{"damage":16.0,"enemies":"Gremlin Leader","floor":30.0,"turns":3.0},{"damage":10.0,"enemies":"Cultist and Chosen","floor":31.0,"turns":6.0},{"damage":59.0,"enemies":"Collector","floor":33.0,"turns":8.0},{"damage":10.0,"enemies":"3 Shapes","floor":35.0,"turns":3.0},{"damage":17.0,"enemies":"3 Darklings","floor":36.0,"turns":5.0},{"damage":4.0,"enemies":"Sphere and 2 Shapes","floor":37.0,"turns":3.0},{"damage":0.0,"enemies":"Maw","floor":42.0,"turns":4.0},{"damage":47,"enemies":"Reptomancer","floor":44,"turns":6},{"damage":21,"enemies":"Nemesis","floor":46,"turns":6},{"damage":33,"enemies":"4 Shapes","floor":47,"turns":4},{"damage":1,"enemies":"Sphere and 2 Shapes","floor":48,"turns":4},{"damage":106,"enemies":"Awakened One","floor":50,"turns":7}],"seed_played":"7379621101939517236","potions_obtained":[{"floor":2.0,"key":"Explosive Potion"},{"floor":7.0,"key":"Dexterity Potion"},{"floor":8.0,"key":"FearPotion"},{"floor":11.0,"key":"EssenceOfSteel"},{"floor":12.0,"key":"AttackPotion"},{"floor":14.0,"key":"BlessingOfTheForge"},{"floor":16.0,"key":"Explosive Potion"},{"floor":17.0,"key":"DuplicationPotion"},{"floor":24.0,"key":"Swift Potion"},{"floor":27.0,"key":"Swift Potion"},{"floor":28.0,"key":"SteroidPotion"},{"floor":30.0,"key":"GamblersBrew"},{"floor":31.0,"key":"EssenceOfSteel"},{"floor":33.0,"key":"Swift Potion"},{"floor":35.0,"key":"PotionOfCapacity"},{"floor":36.0,"key":"Block Potion"},{"floor":44,"key":"FocusPotion"},{"floor":46,"key":"Fire Potion"},{"floor":47,"key":"EssenceOfSteel"},{"floor":48,"key":"FearPotion"}],"is_trial":false,"path_per_floor":["M","M","M","?","?","R","E","M","T","R","M","E","R","M","R","B",null,"M","?","?","$","?","R","E","M","T","E","M","R","E","M","R","B",null,"M","M","M","?","$","R","$","M","T","E","R","E","M","M","R","B"],"character_chosen":"DEFECT","items_purchased":["Molten Egg 2","ClockworkSouvenir","Barrage+1","Lockon+1","Redo","Violence","Ball Lightning+1","Bird Faced Urn","Reinforced Body","Sweeping Beam+1","Oddly Smooth Stone"],"campfire_rested":3,"item_purchase_floors":[0,0,0,0,0,0,21,21,21,39,39],"current_hp_per_floor":[59,59,53,53,28,50,46,50,50,50,48,34,56,49,49,53,80,61,61,46,46,74,74,74,82,82,61,46,46,30,36,36,20,85,75,72,82,82,82,82,82,85,85,42,42,35,22,37,62,0,0],"gold":126,"neow_bonus":"","is_daily":false,"chose_seed":false,"campfire_upgraded":7,"win_rate":0.0,"timestamp":1612630455,"path_taken":["M","M","M","?","?","R","E","M","T","R","M","E","R","M","R","BOSS","M","?","?","$","?","R","E","?","T","E","M","R","E","M","R","BOSS","M","M","?","?","$","R","?","M","T","E","R","E","M","M","R","BOSS"],"items_purchased_type":["Relic","Relic","Card","Card","Card","Card","Card","Relic","Card","Card","Relic"],"build_version":"2020-12-22","purchased_purges":1,"victory":false,"max_hp_per_floor":[75,75,75,75,75,75,75,75,75,75,75,75,75,75,75,75,80,80,80,85,85,85,85,85,85,85,85,85,85,85,85,85,85,85,85,85,85,85,85,85,85,85,85,85,85,85,85,85,85,85,85],"relic_stats":{"Blood Vial":8,"counters":[57,252],"Sundial":[8],"Bird Faced Urn":[66],"Pantograph":46,"Snecko Eye":[82,79,73,69],"Bag of Preparation":[28],"Orichalcum":[330],"Question Card":21,"obtain_stats":[{"Darkstone Periapt":26,"Lantern":22,"Calipers":24,"Tiny House":17,"Bag of Preparation":26,"Ginger":0,"Ancient Tea Set":9,"Burning Blood":0,"ClockworkSouvenir":0,"Blood Vial":44,"Lizard Tail":22,"Sundial":27,"Ninja Scroll":0,"Pantograph":30,"Cracked Core":0,"Ring of the Snake":20,"Potion Belt":13,"Girya":27,"Self Forming Clay":0,"Velvet Choker":17,"Oddly Smooth Stone":26,"Frozen Egg 2":9,"Odd Mushroom":12,"Orichalcum":29,"Medical Kit":0,"Question Card":9,"White Beast Statue":5,"Bottled Flame":43,"Bird Faced Urn":21,"Snecko Eye":34,"Molten Egg 2":0,"Black Star":17,"Nloth\u0027s Gift":20,"Bottled Lightning":24},{"Darkstone Periapt":13,"Lantern":12,"Calipers":13,"Tiny House":40,"Bag of Preparation":43,"Ginger":0,"Ancient Tea Set":21,"Burning Blood":0,"ClockworkSouvenir":31,"Blood Vial":53,"Lizard Tail":12,"Sundial":15,"Ninja Scroll":18,"Pantograph":46,"Cracked Core":0,"Ring of the Snake":27,"Potion Belt":23,"Girya":15,"Self Forming Clay":0,"Velvet Choker":9,"Oddly Smooth Stone":29,"Frozen Egg 2":5,"Odd Mushroom":7,"Orichalcum":29,"Medical Kit":18,"Question Card":36,"White Beast Statue":34,"Bottled Flame":52,"Bird Faced Urn":41,"Snecko Eye":48,"Molten Egg 2":31,"Black Star":25,"Nloth\u0027s Gift":27,"Bottled Lightning":42},{"Darkstone Periapt":61,"Lantern":54,"Calipers":61,"Tiny House":173,"Bag of Preparation":187,"Ginger":0,"Ancient Tea Set":92,"Burning Blood":0,"ClockworkSouvenir":138,"Blood Vial":231,"Lizard Tail":54,"Sundial":69,"Ninja Scroll":84,"Pantograph":198,"Cracked Core":0,"Ring of the Snake":121,"Potion Belt":103,"Girya":69,"Self Forming Clay":0,"Velvet Choker":42,"Oddly Smooth Stone":128,"Frozen Egg 2":21,"Odd Mushroom":30,"Orichalcum":128,"Medical Kit":84,"Question Card":154,"White Beast Statue":145,"Bottled Flame":225,"Bird Faced Urn":178,"Snecko Eye":211,"Molten Egg 2":138,"Black Star":113,"Nloth\u0027s Gift":121,"Bottled Lightning":184}]},"card_choices":[{"not_picked":["Genetic Algorithm","Conserve Battery"],"picked":"Streamline+1","floor":1.0},{"not_picked":["Sweeping Beam+1","Beam Cell+1"],"picked":"Self Repair","floor":2.0},{"not_picked":["Loop","Compile Driver+1"],"picked":"FTL+1","floor":3.0},{"not_picked":["Hologram","Aggregate"],"picked":"Stack","floor":7.0},{"not_picked":["Gash+1","Conserve Battery"],"picked":"Fusion","floor":8.0},{"not_picked":["Cold Snap+1","Sweeping Beam+1","Conserve Battery"],"picked":"Capacitor","floor":11.0},{"not_picked":["Hologram","Chaos","Cold Snap+1"],"picked":"Barrage+1","floor":12.0},{"not_picked":["Leap","Cold Snap+1","Gash+1"],"picked":"Buffer","floor":14.0},{"not_picked":["Seek","Reboot","Biased Cognition"],"picked":"Thunder Strike+1","floor":16.0},{"not_picked":["Cold Snap+1","Lockon+1","Stack"],"picked":"Ball Lightning+1","floor":17.0},{"not_picked":["Coolheaded","Consume","Streamline+1"],"picked":"FTL+1","floor":18.0},{"not_picked":["Steam","FTL+1","Scrape+1"],"picked":"Beam Cell+1","floor":24.0},{"not_picked":["Loop","Consume+1","Double Energy+1"],"picked":"Tempest","floor":25.0},{"not_picked":["Redo","Barrage+1","Hologram"],"picked":"Melter+1","floor":27.0},{"not_picked":["Steam","Skim","Go for the Eyes+1","Gash+1"],"picked":"SKIP","floor":28.0},{"not_picked":["Gash+1","Melter+1","Hologram+1"],"picked":"Loop","floor":30.0},{"not_picked":["Conserve Battery","Multi-Cast","Steam"],"picked":"Sweeping Beam+1","floor":31.0},{"not_picked":["Multi-Cast","Reboot","Biased Cognition"],"picked":"Machine Learning","floor":33.0},{"not_picked":["Compile Driver+1","Beam Cell+1","Stack+1"],"picked":"Melter+1","floor":35.0},{"not_picked":["Reprogram+1","Lockon+1","Scrape+1"],"picked":"Storm+1","floor":36.0},{"not_picked":["Glacier","Loop","Hologram"],"picked":"Sweeping Beam+1","floor":37.0},{"not_picked":["Aggregate","Compile Driver+1","Gash+1"],"picked":"Storm+1","floor":42.0},{"not_picked":["Go for the Eyes+1","Doom and Gloom+1","Steam Power"],"picked":"Buffer","floor":44},{"not_picked":["Cold Snap+1","Lockon+1","Ball Lightning+1"],"picked":"All For One+1","floor":46},{"not_picked":["Loop","Cold Snap+1","Hologram"],"picked":"Reprogram+1","floor":47},{"not_picked":["Cold Snap+1","Doom and Gloom+1","Multi-Cast"],"picked":"Streamline+1","floor":48}],"player_experience":6278,"relics_obtained":[{"floor":7.0,"key":"Sundial"},{"floor":9.0,"key":"Question Card"},{"floor":12.0,"key":"Orichalcum"},{"floor":24.0,"key":"Bottled Lightning"},{"floor":26.0,"key":"Bag of Preparation"},{"floor":27.0,"key":"Calipers"},{"floor":30.0,"key":"Pantograph"},{"floor":43.0,"key":"Bottled Flame"},{"floor":44,"key":"Blood Vial"},{"floor":46,"key":"Lantern"}],"event_choices":[{"damage_healed":0.0,"max_hp_gain":0.0,"max_hp_loss":0.0,"gold_gain":0.0,"event_name":"Living Wall","player_choice":"Grow","floor":4.0,"gold_loss":0.0,"damage_taken":0.0,"cards_upgraded":["Self Repair"]},{"damage_healed":0.0,"max_hp_gain":0.0,"max_hp_loss":0.0,"gold_gain":0.0,"event_name":"Scrap Ooze","player_choice":"Success","floor":5.0,"gold_loss":0.0,"damage_taken":25.0,"relics_obtained":["White Beast Statue"]},{"damage_healed":0.0,"max_hp_gain":0.0,"max_hp_loss":0.0,"gold_gain":0.0,"cards_transformed":["Strike_B","Defend_B"],"event_name":"Drug Dealer","player_choice":"Became Test Subject","floor":19.0,"gold_loss":0.0,"damage_taken":0.0,"cards_obtained":["Seek","Multi-Cast"]},{"damage_healed":0.0,"max_hp_gain":5.0,"max_hp_loss":0.0,"gold_gain":0.0,"event_name":"Forgotten Altar","player_choice":"Shed Blood","floor":20.0,"gold_loss":0.0,"damage_taken":20.0},{"damage_healed":28.0,"max_hp_gain":0.0,"max_hp_loss":0.0,"gold_gain":0.0,"event_name":"The Library","player_choice":"Heal","floor":22.0,"gold_loss":0.0,"damage_taken":0.0},{"damage_healed":0.0,"max_hp_gain":0.0,"max_hp_loss":0.0,"gold_gain":0.0,"event_name":"Wheel of Change","player_choice":"Cursed","floor":38.0,"gold_loss":0.0,"damage_taken":0.0,"cards_obtained":["Decay"]}],"is_beta":false,"boss_relics":[{"not_picked":["Empty Cage","Fusion Hammer"],"picked":"Tiny House"},{"not_picked":["Philosopher\u0027s Stone","FrozenCore"],"picked":"Snecko Eye"}],"items_purged_floors":[39],"is_endless":false,"potions_floor_spawned":[2,7,8,11,12,14,16,18,24,25,27,28,30,31,33,35,36,37,42,44,46,47,48],"killed_by":"Awakened One","ascension_level":0}}