{"host":"121m0oxswv9tg9hk","time":1612634559,"event":{"mods":["AchievementEnabler","BaseMod","Better Third Choice","Downfall","Minty Spire (QoL Compilation)","StSLib"],"gold_per_floor":[99,114,24,40,100,125,151,151,163,188,188,188,88,102,119,215,215,215,233,248,0,19,19,64,64,75,93,112,138,38,63,83,180,230,230,249,109,259,269,293,317,328,344,370,370,370,370],"floor_reached":45,"language":"ENG","playtime":3851,"items_purged":["Writhe","champ:Defend","champ:Defend","champ:Strike"],"score":740,"play_id":"96e7ce5e-7b82-4ec1-b5db-70b89ddf32c6","local_time":"20210206190239","is_ascension_mode":true,"campfire_choices":[{"data":"Panache","floor":1,"key":"SMITH"},{"floor":11,"key":"RECALL"},{"floor":13,"key":"REST"},{"data":"champ:DefensiveShout","floor":18,"key":"SMITH"},{"data":"champ:DancingMaster","floor":25,"key":"SMITH"},{"data":"champ:Shatter","floor":30,"key":"SMITH"},{"data":"champ:FancyFootwork","floor":35,"key":"SMITH"}],"circlet_count":0,"master_deck":["champ:Strike","champ:Strike","champ:Defend","champ:Defend","champ:Execute","champ:Taunt","Panache+1","champ:Shatter+1","champ:SetATrap","champ:FlashCut","champ:GutPunch","champ:ShieldWall","champ:EnchantSword+1","champ:PreciseThrust","champ:DefensiveShout+1","champ:TripleStrike","champ:DefensiveStyle","champ:GutPunch","champ:DancingMaster+1","champ:IronFortress","champ:GutPunch+1","champ:StanceDance","champ:SkillfulDodge","champ:FancyFootwork+1","champ:StrikeOfGenius","champ:BringItOn","champ:ShieldWall+1","champ:BringItOn+1","champ:EnchantSword","champ:HoldFirm"],"relics":["champ:ChampionCrown","Oddly Smooth Stone","Meat on the Bone","Kunai","downfall:HeartBlessingRed","SlaversCollar","Omamori","Bag of Marbles","downfall:HeartBlessingGreen","Anchor","Tiny House","Pen Nib"],"acts_visited":["Exordium","TheCity","TheBeyond"],"potions_floor_usage":[6,10,10,14,15,19,26,27,29,33,36,36,43,45],"damage_taken":[{"damage":21,"enemies":"Small Slimes","floor":2,"turns":4},{"damage":0,"enemies":"downfall:FleeingMerchant","floor":3,"turns":4},{"damage":12,"enemies":"Jaw Worm","floor":4,"turns":3},{"damage":48,"enemies":"3 Sentries","floor":5,"turns":9},{"damage":42,"enemies":"Gremlin Nob","floor":6,"turns":4},{"damage":5,"enemies":"2 Louse","floor":9,"turns":3},{"damage":31,"enemies":"Lagavulin","floor":10,"turns":7},{"damage":26,"enemies":"Large Slime","floor":14,"turns":6},{"damage":17,"enemies":"Exordium Thugs","floor":15,"turns":4},{"damage":25,"enemies":"SI_SHIV_ARCHETYPE","floor":16,"turns":10},{"damage":37,"enemies":"Shell Parasite","floor":19,"turns":5},{"damage":30,"enemies":"3 Byrds","floor":20,"turns":4},{"damage":28,"enemies":"downfall:FleeingMerchant","floor":21,"turns":4},{"damage":21,"enemies":"Centurion and Healer","floor":22,"turns":5},{"damage":10,"enemies":"Cultist and Chosen","floor":26,"turns":4},{"damage":25,"enemies":"Snecko","floor":27,"turns":3},{"damage":35,"enemies":"3 Cultists","floor":28,"turns":5},{"damage":42,"enemies":"Book of Stabbing","floor":29,"turns":4},{"damage":35,"enemies":"Gremlin Leader","floor":31,"turns":7},{"damage":30,"enemies":"Snake Plant","floor":32,"turns":5},{"damage":53,"enemies":"WA_ARCHETYPE_CALM","floor":33,"turns":9},{"damage":21,"enemies":"Orb Walker","floor":36,"turns":4},{"damage":30,"enemies":"downfall:FleeingMerchant","floor":37,"turns":4},{"damage":14,"enemies":"3 Shapes","floor":39,"turns":6},{"damage":13,"enemies":"downfall:FleeingMerchant","floor":40,"turns":4},{"damage":43,"enemies":"Spire Growth","floor":42,"turns":4},{"damage":25,"enemies":"Jaw Worm Horde","floor":43,"turns":5},{"damage":43,"enemies":"Nemesis","floor":44,"turns":9},{"damage":28,"enemies":"4 Shapes","floor":45,"turns":5}],"seed_played":"4709888144414536220","potions_obtained":[{"floor":5,"key":"Fire Potion"},{"floor":6,"key":"Weak Potion"},{"floor":9,"key":"Energy Potion"},{"floor":10,"key":"EssenceOfSteel"},{"floor":14,"key":"ColorlessPotion"},{"floor":16,"key":"Energy Potion"},{"floor":22,"key":"champ:OpenerPotion"},{"floor":26,"key":"PowerPotion"},{"floor":28,"key":"sneckomod:MuddlingPotion"},{"floor":32,"key":"hexamod:SoulburnPotion"},{"floor":34,"key":"Energy Potion"},{"floor":36,"key":"Fruit Juice"},{"floor":42,"key":"champ:CounterPotion"}],"is_trial":false,"path_per_floor":["R","M","$","M","?","E","T","?","M","E","R","?","R","M","M","B",null,"R","M","M","$","M","?","T","R","M","M","M","E","R","E","M","B",null,"R","M","$","?","M","$","T","M","M","E","M"],"character_chosen":"THE_CHAMP","items_purchased":["Explosive Potion","champ:IronFortress","Fire Potion","EntropicBrew","champ:HoldFirm"],"campfire_rested":1,"item_purchase_floors":[21,21,21,40,40],"current_hp_per_floor":[90,89,89,87,49,17,17,17,24,22,22,22,49,55,60,72,86,86,79,64,68,57,57,57,57,57,69,76,71,71,71,68,72,91,91,80,92,92,83,80,80,49,36,25,0,0,0],"gold":370,"neow_bonus":"RANDOM_COLORLESS_2","is_daily":false,"chose_seed":false,"campfire_upgraded":5,"win_rate":0.0,"timestamp":1612634559,"path_taken":["R","M","$","M","?","E","T","?","M","E","R","?","R","?","M","BOSS","R","M","M","$","M","?","T","R","M","M","M","E","R","E","M","BOSS","R","M","$","?","M","$","T","M","M","E","M"],"items_purchased_type":["Potion","Card","Potion","Potion","Card"],"build_version":"2020-12-22","purchased_purges":4,"victory":false,"max_hp_per_floor":[90,90,90,90,90,90,90,90,90,90,90,90,90,90,90,90,90,90,90,90,90,90,90,90,90,90,90,90,90,90,90,90,90,95,95,100,100,100,100,100,100,100,100,100,100,100,100],"card_choices":[{"not_picked":["Sadistic Nature","Mayhem"],"picked":"Panache","floor":0},{"not_picked":["champ:FanOfKnives","champ:ShieldSigil"],"picked":"champ:Shatter","floor":2},{"not_picked":["champ:Circumvent","champ:ShieldSlam"],"picked":"champ:SetATrap","floor":3},{"not_picked":["champ:TornadoPunch","champ:Circumvent"],"picked":"champ:FlashCut","floor":4},{"not_picked":["champ:TornadoPunch","champ:BerserkersShout"],"picked":"champ:GutPunch","floor":5},{"not_picked":["champ:GutPunch","champ:Circumvent"],"picked":"champ:ShieldWall","floor":6},{"not_picked":["champ:BladeFlurry","champ:FanOfKnives"],"picked":"champ:EnchantSword","floor":9},{"not_picked":["champ:FocusedBerserking","champ:BladeFlurry"],"picked":"champ:PreciseThrust","floor":10},{"not_picked":["champ:HeartStrike","champ:BladeFlurry","champ:SetATrap"],"picked":"SKIP","floor":14},{"not_picked":["champ:PerfectedStrike","champ:Circumvent"],"picked":"champ:DefensiveShout","floor":15},{"not_picked":["champ:MurderStrike","champ:StrikeOfGenius"],"picked":"champ:TripleStrike","floor":16},{"not_picked":["champ:Encircle","champ:PreciseThrust"],"picked":"champ:DefensiveStyle","floor":19},{"not_picked":["champ:Backstep","champ:Endure"],"picked":"champ:GutPunch","floor":20},{"not_picked":["champ:GladiatorStyle","champ:Shatter"],"picked":"champ:DancingMaster","floor":21},{"not_picked":["champ:BladeFlurry","champ:CrookedStrike","champ:Duel"],"picked":"SKIP","floor":22},{"not_picked":["champ:Backstep","champ:CrookedStrike"],"picked":"champ:GutPunch+1","floor":26},{"not_picked":["champ:Circumvent","champ:EnGarde+1"],"picked":"champ:StanceDance","floor":27},{"not_picked":["champ:GutPunch","champ:Haymaker","champ:Encircle+1"],"picked":"SKIP","floor":28},{"not_picked":["champ:PerfectedStrike","champ:AdrenalArmor+1"],"picked":"champ:SkillfulDodge","floor":29},{"not_picked":["champ:SwordSigil","champ:BringItOn","champ:FanOfKnives"],"picked":"SKIP","floor":31},{"not_picked":["champ:SwordSigil","champ:BringItOn+1"],"picked":"champ:FancyFootwork","floor":32},{"not_picked":["champ:VampiricStrike","champ:UltimateStance"],"picked":"champ:StrikeOfGenius","floor":33},{"not_picked":["champ:CrownThrow","champ:Circumvent"],"picked":"champ:BringItOn","floor":34},{"not_picked":["champ:EnGarde+1","champ:PreciseThrust"],"picked":"champ:ShieldWall+1","floor":36},{"not_picked":["champ:BerserkersShout","champ:Parry","champ:VampiricStrike"],"picked":"SKIP","floor":37},{"not_picked":["champ:Encircle","champ:Parry+1"],"picked":"champ:BringItOn+1","floor":39},{"not_picked":["champ:BerserkerStyle","champ:BringItOn+1"],"picked":"champ:EnchantSword","floor":40},{"not_picked":["champ:CrownThrow+1","champ:ShieldSigil","champ:CalledShot"],"picked":"SKIP","floor":42},{"not_picked":["champ:Duel","champ:CrownThrow","champ:BladeFlurry"],"picked":"SKIP","floor":43},{"not_picked":["champ:CrownThrow+1","champ:EnGarde","champ:AdrenalArmor"],"picked":"SKIP","floor":44}],"player_experience":2615845,"relics_obtained":[{"floor":5,"key":"Oddly Smooth Stone"},{"floor":6,"key":"Meat on the Bone"},{"floor":7,"key":"Orichalcum"},{"floor":10,"key":"Kunai"},{"floor":24,"key":"Omamori"},{"floor":29,"key":"Bag of Marbles"},{"floor":31,"key":"Anchor"},{"floor":44,"key":"Pen Nib"}],"event_choices":[{"cards_removed":["champ:Strike"],"damage_healed":0,"gold_gain":0,"player_choice":"Forget","damage_taken":0,"max_hp_gain":0,"max_hp_loss":0,"event_name":"Living Wall","floor":8,"gold_loss":0},{"damage_healed":0,"gold_gain":0,"player_choice":"Ignored","damage_taken":0,"max_hp_gain":0,"max_hp_loss":0,"event_name":"Ghosts","floor":23,"gold_loss":0}],"is_beta":false,"boss_relics":[{"not_picked":["sneckomod:SneckoTalon","Cursed Key"],"picked":"SlaversCollar"},{"not_picked":["Fusion Hammer","SacredBark"],"picked":"Tiny House"}],"items_purged_floors":[3,21,37,40],"is_endless":false,"potions_floor_spawned":[5,6,9,10,14,16,22,26,28,32,36,42],"killed_by":"4 Shapes","ascension_level":5}}