{"host":"mnpd8gh7cwxsn5kh","time":1612608111,"event":{"mods":["BaseMod","Bestiary","Block Reminder","Colored Map","Colored Powertips","Highlight Path","Minty Spire (QoL Compilation)","Relic Sorter","Relic Stats"],"gold_per_floor":[109,109,119,133,83,113,113,143,143,156,45,45,45,80,80,179,179,189,189,205,205,205,236,255,265,265,265,265,8,37,60,60,171,198,218,237,237,256,275,317,337,367,367,367,407,407,407,439,439,439,439],"floor_reached":50,"language":"ENG","playtime":3934,"items_purged":["Strike_R","Decay"],"score":949,"play_id":"32747c0a-9496-438a-8ae4-22eabeb7c1a3","local_time":"20210206114151","is_ascension_mode":true,"campfire_choices":[{"data":"Bash","floor":7,"key":"SMITH"},{"data":"Clothesline","floor":12,"key":"SMITH"},{"data":"1","floor":15,"key":"LIFT"},{"data":"2","floor":28,"key":"LIFT"},{"data":"3","floor":32,"key":"LIFT"},{"floor":44,"key":"REST"},{"floor":46,"key":"RECALL"},{"floor":49,"key":"REST"}],"circlet_count":0,"master_deck":["AscendersBane","Defend_R","Defend_R","Defend_R+1","Bash+1","True Grit+1","Twin Strike","Reaper","Clothesline+1","Sword Boomerang","Impervious","Shrug It Off+1","Twin Strike","Bite","Bite","Bite","Bite","Bite","Shockwave+1","Bludgeon","Thunderclap+1","Armaments+1","Juggernaut+1","Ghostly Armor+1","Power Through+1","Pommel Strike+1","Fiend Fire","Ghostly Armor","Shrug It Off","Spot Weakness"],"relics":["Burning Blood","NeowsBlessing","Bag of Preparation","Kunai","Bronze Scales","Girya","Fusion Hammer","Tiny Chest","StrikeDummy","Pear","Brimstone","CeramicFish","MealTicket","Astrolabe","War Paint","Shuriken","Red Skull","InkBottle"],"acts_visited":["Exordium","TheCity","TheBeyond"],"potions_floor_usage":[6,8,16,24,33,33,42,45,50,50],"damage_taken":[{"damage":0,"enemies":"2 Louse","floor":1,"turns":1},{"damage":0,"enemies":"Cultist","floor":3,"turns":1},{"damage":0,"enemies":"Small Slimes","floor":4,"turns":1},{"damage":32,"enemies":"Lagavulin","floor":6,"turns":5},{"damage":41,"enemies":"3 Sentries","floor":8,"turns":13},{"damage":3,"enemies":"Blue Slaver","floor":10,"turns":4},{"damage":16,"enemies":"Gremlin Nob","floor":14,"turns":3},{"damage":14,"enemies":"Slime Boss","floor":16,"turns":8},{"damage":13,"enemies":"2 Thieves","floor":18,"turns":4},{"damage":28,"enemies":"Chosen","floor":20,"turns":5},{"damage":34,"enemies":"Gremlin Leader","floor":23,"turns":10},{"damage":6,"enemies":"Shelled Parasite and Fungi","floor":24,"turns":6},{"damage":14,"enemies":"Cultist and Chosen","floor":25,"turns":6},{"damage":26,"enemies":"Book of Stabbing","floor":30,"turns":4},{"damage":36,"enemies":"Automaton","floor":33,"turns":7},{"damage":13,"enemies":"3 Shapes","floor":35,"turns":3},{"damage":11,"enemies":"3 Darklings","floor":36,"turns":3},{"damage":24,"enemies":"Spire Growth","floor":38,"turns":3},{"damage":3,"enemies":"Transient","floor":39,"turns":5},{"damage":37,"enemies":"Nemesis","floor":40,"turns":5},{"damage":22,"enemies":"Jaw Worm Horde","floor":41,"turns":4},{"damage":23,"enemies":"Giant Head","floor":42,"turns":6},{"damage":21,"enemies":"Nemesis","floor":45,"turns":7},{"damage":25,"enemies":"Giant Head","floor":48,"turns":6},{"damage":142,"enemies":"Donu and Deca","floor":50,"turns":6}],"seed_played":"8870879376710824806","potions_obtained":[{"floor":1,"key":"ColorlessPotion"},{"floor":3,"key":"SteroidPotion"},{"floor":8,"key":"Explosive Potion"},{"floor":23,"key":"SkillPotion"},{"floor":24,"key":"LiquidBronze"},{"floor":25,"key":"PowerPotion"},{"floor":30,"key":"Dexterity Potion"},{"floor":36,"key":"Energy Potion"},{"floor":40,"key":"GamblersBrew"},{"floor":41,"key":"Explosive Potion"},{"floor":42,"key":"Regen Potion"}],"is_trial":false,"path_per_floor":["M","?","M","M","?","E","R","E","T","M","$","R","?","E","R","B",null,"M","?","M","?","?","E","M","M","T","T","R","$","E","T","R","B",null,"M","M","?","M","M","E","M","E","T","R","E","R","?","E","R","B"],"character_chosen":"IRONCLAD","items_purchased":["Inflame","Brimstone"],"campfire_rested":2,"item_purchase_floors":[11,29],"current_hp_per_floor":[78,78,80,80,80,54,54,46,46,49,49,49,33,23,23,15,64,57,57,40,40,40,26,45,56,56,66,66,66,50,50,50,41,60,66,63,63,45,58,54,49,40,40,58,63,63,63,49,63,0,0],"gold":439,"neow_bonus":"THREE_ENEMY_KILL","is_daily":false,"chose_seed":false,"campfire_upgraded":2,"win_rate":0.0,"timestamp":1612608111,"path_taken":["M","?","M","?","?","E","R","E","T","M","$","R","?","E","R","BOSS","M","?","?","?","?","E","?","M","T","?","R","?","E","?","R","BOSS","M","M","?","M","M","E","M","E","T","R","E","R","?","E","R","BOSS"],"items_purchased_type":["Card","Relic"],"build_version":"2020-12-22","purchased_purges":2,"victory":false,"max_hp_per_floor":[80,80,80,80,80,80,80,80,80,80,80,80,80,80,80,80,80,80,80,80,56,56,56,56,56,56,66,66,66,66,66,66,66,66,66,66,63,63,63,63,63,63,63,63,63,63,63,63,63,63,63],"relic_stats":{"counters":[25,126],"CeramicFish":99,"Astrolabe":["Thunderclap","Armaments","Juggernaut"],"Bag of Preparation":[42],"War Paint":["Shockwave","Shrug It Off"],"Burning Blood":122,"Shuriken":[2],"Bronze Scales":[260],"Tiny Chest":1,"MealTicket":0,"Kunai":[19],"obtain_stats":[{"Girya":14,"Pear":27,"NeowsBlessing":0,"CeramicFish":30,"Astrolabe":34,"Bag of Preparation":6,"War Paint":40,"Burning Blood":0,"Brimstone":29,"Shuriken":42,"Bronze Scales":9,"Tiny Chest":23,"MealTicket":31,"Fusion Hammer":17,"Kunai":8,"StrikeDummy":26,"Red Skull":43,"InkBottle":45},{"Girya":7,"Pear":13,"NeowsBlessing":0,"CeramicFish":14,"Astrolabe":15,"Bag of Preparation":4,"War Paint":20,"Burning Blood":0,"Brimstone":13,"Shuriken":22,"Bronze Scales":5,"Tiny Chest":11,"MealTicket":14,"Fusion Hammer":8,"Kunai":5,"StrikeDummy":13,"Red Skull":22,"InkBottle":23},{"Girya":28,"Pear":67,"NeowsBlessing":0,"CeramicFish":71,"Astrolabe":78,"Bag of Preparation":8,"War Paint":97,"Burning Blood":0,"Brimstone":67,"Shuriken":107,"Bronze Scales":21,"Tiny Chest":55,"MealTicket":71,"Fusion Hammer":36,"Kunai":21,"StrikeDummy":67,"Red Skull":107,"InkBottle":114}],"InkBottle":[3]},"card_choices":[{"not_picked":["Second Wind","Thunderclap"],"picked":"True Grit","floor":1},{"not_picked":["Entrench","Headbutt"],"picked":"Twin Strike","floor":3},{"not_picked":["Flame Barrier","Dropkick"],"picked":"Reaper","floor":4},{"not_picked":["Havoc","Intimidate"],"picked":"Wild Strike","floor":6},{"not_picked":["Wild Strike","Reaper","Dark Embrace"],"picked":"SKIP","floor":8},{"not_picked":["Wild Strike","Reaper","Dark Embrace"],"picked":"SKIP","floor":8},{"not_picked":["True Grit","Entrench"],"picked":"Clothesline","floor":10},{"not_picked":["Flex","Sentinel"],"picked":"Sword Boomerang","floor":14},{"not_picked":["Exhume","Corruption"],"picked":"Impervious","floor":16},{"not_picked":["Warcry","Havoc"],"picked":"Shrug It Off","floor":18},{"not_picked":["True Grit","Clothesline"],"picked":"Twin Strike","floor":20},{"not_picked":["Hemokinesis","Body Slam","Berserk"],"picked":"SKIP","floor":23},{"not_picked":["Infernal Blade+1","Evolve"],"picked":"Fire Breathing+1","floor":24},{"not_picked":["Dropkick","Bloodletting+1"],"picked":"Shockwave","floor":25},{"not_picked":["Perfected Strike","Armaments","Flex"],"picked":"SKIP","floor":30},{"not_picked":["Exhume","Barricade"],"picked":"Bludgeon","floor":33},{"not_picked":["Warcry","Armaments"],"picked":"Ghostly Armor+1","floor":35},{"not_picked":["Whirlwind","Uppercut"],"picked":"Power Through+1","floor":36},{"not_picked":["Flex","Anger+1"],"picked":"Pommel Strike+1","floor":38},{"not_picked":["Warcry+1","Headbutt+1"],"picked":"Fiend Fire","floor":39},{"not_picked":["Flex","Thunderclap+1"],"picked":"Ghostly Armor","floor":40},{"not_picked":["Clothesline+1","Twin Strike+1"],"picked":"Shrug It Off","floor":41},{"not_picked":["Headbutt+1","Thunderclap+1","Reckless Charge"],"picked":"SKIP","floor":42},{"not_picked":["Immolate","Thunderclap"],"picked":"Spot Weakness","floor":45},{"not_picked":["True Grit","Searing Blow+1","Sever Soul"],"picked":"SKIP","floor":48}],"player_experience":330973,"relics_obtained":[{"floor":6,"key":"Bag of Preparation"},{"floor":8,"key":"Kunai"},{"floor":9,"key":"Bronze Scales"},{"floor":14,"key":"Girya"},{"floor":23,"key":"Tiny Chest"},{"floor":26,"key":"StrikeDummy"},{"floor":27,"key":"Pear"},{"floor":30,"key":"CeramicFish"},{"floor":31,"key":"MealTicket"},{"floor":40,"key":"War Paint"},{"floor":42,"key":"Shuriken"},{"floor":43,"key":"Red Skull"},{"floor":45,"key":"InkBottle"}],"event_choices":[{"damage_healed":0,"gold_gain":0,"player_choice":"Forge","damage_taken":0,"max_hp_gain":0,"max_hp_loss":0,"event_name":"Accursed Blacksmith","floor":2,"gold_loss":0,"cards_upgraded":["True Grit"]},{"cards_removed":["Strike_R"],"damage_healed":0,"gold_gain":0,"player_choice":"Card Removal","damage_taken":0,"max_hp_gain":0,"max_hp_loss":0,"event_name":"The Cleric","floor":5,"gold_loss":50},{"damage_healed":0,"gold_gain":0,"player_choice":"Entered Light","damage_taken":16,"max_hp_gain":0,"max_hp_loss":0,"event_name":"Shining Light","floor":13,"gold_loss":0,"cards_upgraded":["Defend_R","Wild Strike"]},{"damage_healed":0,"gold_gain":0,"player_choice":"Cursed","damage_taken":0,"max_hp_gain":0,"max_hp_loss":0,"event_name":"Wheel of Change","floor":19,"gold_loss":0,"cards_obtained":["Decay"]},{"damage_healed":0,"gold_gain":0,"player_choice":"Became a vampire","damage_taken":0,"max_hp_gain":0,"max_hp_loss":24,"event_name":"Vampires","floor":21,"gold_loss":0,"cards_obtained":["Bite","Bite","Bite","Bite","Bite"]},{"damage_healed":0,"gold_gain":0,"cards_transformed":["Wild Strike"],"player_choice":"Transformed","damage_taken":0,"max_hp_gain":0,"max_hp_loss":0,"event_name":"Transmorgrifier","floor":22,"gold_loss":0,"cards_obtained":["Evolve"]},{"damage_healed":0,"gold_gain":0,"player_choice":"Max HP","damage_taken":0,"max_hp_gain":0,"max_hp_loss":3,"event_name":"Winding Halls","floor":37,"gold_loss":0},{"cards_removed":["Inflame"],"damage_healed":0,"gold_gain":0,"player_choice":"Removed Power","damage_taken":0,"max_hp_gain":0,"max_hp_loss":0,"event_name":"Falling","floor":47,"gold_loss":0}],"is_beta":false,"boss_relics":[{"not_picked":["Empty Cage","Runic Pyramid"],"picked":"Fusion Hammer"},{"not_picked":["Runic Dome","Black Star"],"picked":"Astrolabe"}],"items_purged_floors":[11,29],"is_endless":false,"potions_floor_spawned":[1,3,8,23,24,25,30,36,40,41,42],"killed_by":"Donu and Deca","ascension_level":10}}