{"host":"i0m6ffz3lpe3z1ky","time":1612643272,"event":{"mods":["Aspiration","BaseMod","Bestiary","BetterRewards","Colored Map","Conspire","Energized Spire","Highlight Path","Hubris","Ironclad Rager","Minty Spire (QoL Compilation)","Quick Restart","Reliquary","Shop Mod","Spicy Shops","StSLib","Thieving Mod"],"gold_per_floor":[115,115,129,129,148,148,109,139,439,458,478,496,513,543,543,614,614,624,636,655,655,655],"floor_reached":21,"language":"KOR","playtime":931,"items_purged":[],"score":390,"play_id":"7eb880f0-0567-4f9b-bb86-4afcb99f3c15","local_time":"20210207052752","is_ascension_mode":true,"campfire_choices":[{"data":"Neutralize","floor":6.0,"key":"SMITH"},{"data":"hubris:Counter","floor":15,"key":"SMITH"}],"circlet_count":0,"master_deck":["AscendersBane","Strike_G","Strike_G","Strike_G","Strike_G","Strike_G","Defend_G","Defend_G","Defend_G","Defend_G","Defend_G","Survivor","Neutralize+1","Terror+1","PiercingWail","After Image","Noxious Fumes","hubris:Counter+1","Adrenaline","After Image"],"relics":["Ring of the Snake","TwistedFunnel","Lee\u0027s Waffle","PreservedInsect","hubris:SlimyHat","Lantern","Orichalcum","Old Coin","reliquary:BoilingFlask","Black Star"],"acts_visited":["Exordium","TheCity"],"potions_floor_usage":[14,14,16,18],"damage_taken":[{"damage":0.0,"enemies":"Cultist","floor":1.0,"turns":4.0},{"damage":0.0,"enemies":"2 Louse","floor":3.0,"turns":3.0},{"damage":4.0,"enemies":"Jaw Worm","floor":5.0,"turns":2.0},{"damage":35.0,"enemies":"3 Sentries","floor":8.0,"turns":9.0},{"damage":0.0,"enemies":"Red Slaver","floor":10.0,"turns":3.0},{"damage":0.0,"enemies":"2 Fungi Beasts","floor":11.0,"turns":4.0},{"damage":0.0,"enemies":"Gremlin Gang","floor":12.0,"turns":6.0},{"damage":3.0,"enemies":"Exordium Wildlife","floor":13.0,"turns":4.0},{"damage":10,"enemies":"Lagavulin","floor":14,"turns":5},{"damage":11,"enemies":"The Guardian","floor":16,"turns":15},{"damage":2,"enemies":"Spheric Guardian","floor":18,"turns":8},{"damage":24,"enemies":"Chosen","floor":19,"turns":5},{"damage":20,"enemies":"Sentry and Sphere","floor":20,"turns":10},{"damage":10,"enemies":"Cultist and Chosen","floor":21,"turns":3}],"seed_played":"4573025235656644004","potions_obtained":[{"floor":5.0,"key":"Ancient Potion"},{"floor":11.0,"key":"Weak Potion"},{"floor":13.0,"key":"Poison Potion"},{"floor":14,"key":"SpeedPotion"},{"floor":16,"key":"AttackPotion"},{"floor":18,"key":"SpeedPotion"}],"is_trial":false,"path_per_floor":["M","?","M","?","M","R","$","E","T","M","M","M","M","E","R","B",null,"M","M","M","M"],"character_chosen":"THE_SILENT","items_purchased":["TwistedFunnel","Lee\u0027s Waffle","PreservedInsect","hubris:SlimyHat","Lantern","DistilledChaos","Noxious Fumes"],"campfire_rested":0,"item_purchase_floors":[0,0,0,0,0,0,7],"current_hp_per_floor":[73,73,73,73,69,69,69,34,34,34,34,34,31,21,21,10,57,55,31,11,1,1],"gold":655,"neow_bonus":"","is_daily":false,"chose_seed":false,"campfire_upgraded":2,"win_rate":0.0,"timestamp":1612643272,"path_taken":["M","?","M","?","M","R","$","E","T","M","M","M","M","E","R","BOSS","M","M","M","M"],"items_purchased_type":["Relic","Relic","Relic","Relic","Relic","Potion","Card"],"build_version":"2020-12-22","purchased_purges":0,"victory":false,"max_hp_per_floor":[73,73,73,73,73,73,73,73,73,73,73,73,73,73,73,73,73,73,73,73,73,73],"card_choices":[{"not_picked":["Outmaneuver","Dagger Spray"],"picked":"Terror","floor":1.0},{"not_picked":["Bane","Concentrate"],"picked":"PiercingWail","floor":3.0},{"not_picked":["Dagger Spray","Heel Hook"],"picked":"After Image","floor":5.0},{"not_picked":["Choke","Masterful Stab","Glass Knife"],"picked":"SKIP","floor":8.0},{"not_picked":["hubris:SlightOfHand","All Out Attack","Bane"],"picked":"SKIP","floor":10.0},{"not_picked":["Poisoned Stab","Riddle With Holes"],"picked":"hubris:Counter","floor":11.0},{"not_picked":["Dagger Throw","Well Laid Plans","Leg Sweep"],"picked":"SKIP","floor":12.0},{"not_picked":["Deflect","Slice"],"picked":"Adrenaline","floor":13.0},{"not_picked":["Deflect","Distraction","Doppelganger"],"picked":"SKIP","floor":14},{"not_picked":["Night Terror","Bullet Time"],"picked":"After Image","floor":16},{"not_picked":["conspire:DoublingDagger","hubris:SlightOfHand","conspire:PoisonWeapons"],"picked":"SKIP","floor":18},{"not_picked":["Cloak And Dagger","Blade Dance","Calculated Gamble"],"picked":"SKIP","floor":19},{"not_picked":["Dodge and Roll","Acrobatics","Prepared"],"picked":"SKIP","floor":20}],"player_experience":515019,"relics_obtained":[{"floor":8.0,"key":"Orichalcum"},{"floor":9.0,"key":"Old Coin"},{"floor":14,"key":"reliquary:BoilingFlask"}],"event_choices":[{"damage_healed":0.0,"max_hp_gain":0.0,"max_hp_loss":0.0,"gold_gain":0.0,"event_name":"Shining Light","player_choice":"Ignored","floor":4.0,"gold_loss":0.0,"damage_taken":0.0}],"is_beta":false,"boss_relics":[{"not_picked":["hubris:BlackHole","energizedSpire:DeadBattery"],"picked":"Black Star"}],"items_purged_floors":[],"is_endless":false,"potions_floor_spawned":[5,11,13,14,16,18],"killed_by":"Cultist and Chosen","ascension_level":20}}