{"host":"Black","time":1612626828,"event":{"mods":["Act Like it!","Always Whale","AlwaysNeverKeys","Aspiration","BaseMod","Beta Mode","BetterRewards","Colored Map","Colored Powertips","Custom Start","DeckTracker","Downfall","FetchMod","Highlight Path","Hubris","Minty Spire (QoL Compilation)","MoreRelics","Quick Restart","Random Character Button","Shop Mod","StSLib","SuperFastMode","Unceasing Turn Reminder","everything is the same but u backflip on backflip"],"gold_per_floor":[99,115,130,130,143,143,143,143,143,156,167,167,167,183,203,299,299,299,315,315,315,335,369,369,386,249,249,249,249,249,277,289,392,392,392,406,418,430,440,89,89,89,101,101,101,48,59,59,79,79],"floor_reached":51,"language":"ENG","playtime":3595,"items_purged":["Guardian:Strike_Guardian","Guardian:Defend_Guardian","Guardian:Strike_Guardian"],"score":656,"play_id":"852541fc-3e66-4baa-9f6d-9f07a7809fa5","local_time":"20210206165348","is_ascension_mode":false,"campfire_choices":[{"data":"Guardian:TwinSlam","floor":1,"key":"SMITH"},{"data":"Guardian:PiercingHide","floor":6,"key":"SMITH"},{"data":"Guardian:CurlUp","floor":8,"key":"SMITH"},{"data":"Guardian:TemporalShield","floor":12,"key":"SMITH"},{"data":"Guardian:StasisStrike","floor":18,"key":"SMITH"},{"data":"Guardian:Repulse","floor":28,"key":"SMITH"},{"data":"Guardian:StasisField","floor":35,"key":"SMITH"},{"data":"Guardian:PrimingBeam","floor":42,"key":"SMITH"},{"data":"Guardian:Incinerate","floor":45,"key":"SMITH"}],"circlet_count":0,"master_deck":["Guardian:Strike_Guardian","Guardian:Defend_Guardian","Guardian:CurlUp+1","Guardian:TwinSlam+1","Guardian:PiercingHide+1","Guardian:TemporalShield+1","Guardian:ChargeCore","Guardian:StasisStrike+1","Guardian:Recover+1","Guardian:PrimingBeam+1","Guardian:ShieldCharger","Guardian:Repulse+1","Guardian:Incinerate+1","Guardian:Preprogram+1","hubris:DuctTapeCard","Guardian:TimeBomb+1","Guardian:StasisField+1","Guardian:Gem_Cyan","Guardian:Gem_Yellow","Guardian:PrimingBeam+1","Guardian:Orbwalk","Guardian:FastForward","Guardian:TimeBomb+1","Guardian:CrystalBeam+1"],"relics":["Guardian:ModeShifter","Kunai","downfall:ShatteredFragment","hubris:Towel","Runic Dome","Smiling Mask","MealTicket","aspiration:HummingbirdHeart","Guardian:PickAxe","hubris:DuctTape","Busted Crown","Guardian:BottledStasis","aspiration:FrozenJewel","hubris:Icosahedron","DollysMirror","Toxic Egg 2"],"acts_visited":["Exordium","TheCity","TheBeyond"],"potions_floor_usage":[16,23,46,50,50,50,50,50],"damage_taken":[{"damage":0,"enemies":"Small Slimes","floor":2,"turns":3},{"damage":1,"enemies":"Cultist","floor":3,"turns":4},{"damage":0,"enemies":"2 Louse","floor":5,"turns":3},{"damage":0,"enemies":"Large Slime","floor":10,"turns":5},{"damage":7,"enemies":"Blue Slaver","floor":11,"turns":3},{"damage":0,"enemies":"Gremlin Gang","floor":14,"turns":4},{"damage":0,"enemies":"Lots of Slimes","floor":15,"turns":3},{"damage":34,"enemies":"IC_STATUS_ARCHETYPE","floor":16,"turns":13},{"damage":0,"enemies":"Spheric Guardian","floor":19,"turns":3},{"damage":10,"enemies":"Chosen","floor":22,"turns":4},{"damage":3,"enemies":"Gremlin Leader","floor":23,"turns":7},{"damage":0,"enemies":"Sentry and Sphere","floor":25,"turns":6},{"damage":0,"enemies":"downfall:FleeingMerchant","floor":26,"turns":4},{"damage":4,"enemies":"Slavers","floor":31,"turns":5},{"damage":0,"enemies":"Snecko","floor":32,"turns":6},{"damage":24,"enemies":"SI_MIRROR_ARCHETYPE","floor":33,"turns":11},{"damage":8,"enemies":"3 Shapes","floor":36,"turns":6},{"damage":0,"enemies":"3 Darklings","floor":37,"turns":6},{"damage":2,"enemies":"Jaw Worm Horde","floor":38,"turns":5},{"damage":0,"enemies":"Sphere and 2 Shapes","floor":39,"turns":5},{"damage":0,"enemies":"downfall:FleeingMerchant","floor":40,"turns":4},{"damage":0,"enemies":"4 Shapes","floor":43,"turns":3},{"damage":0,"enemies":"downfall:FleeingMerchant","floor":46,"turns":4},{"damage":10,"enemies":"Spire Growth","floor":47,"turns":3},{"damage":1,"enemies":"Transient","floor":49,"turns":5},{"damage":25,"enemies":"DF_ARCHETYPE_ORBS","floor":50,"turns":8}],"seed_played":"-2963862451546044147","potions_obtained":[{"floor":3,"key":"bronze:BurnAndBuffPotion"},{"floor":14,"key":"Explosive Potion"},{"floor":16,"key":"SpeedPotion"},{"floor":19,"key":"Guardian:BlockOnCardUsePotion"},{"floor":31,"key":"Fire Potion"},{"floor":33,"key":"Guardian:DefensiveModePotion"},{"floor":38,"key":"SteroidPotion"},{"floor":43,"key":"EntropicBrew"},{"floor":47,"key":"BlessingOfTheForge"}],"is_trial":false,"path_per_floor":["R","M","M","?","M","R","T","R","?","M","M","R","?","M","M","B",null,"R","M","?","?","M","E","T","M","$","T","R","T","R","E","M","B",null,"R","M","M","M","M","$","T","R","M","?","R","$","M","?","M","B",null],"character_chosen":"GUARDIAN","items_purchased":["Guardian:Gem_Green","Guardian:Incinerate","Guardian:BottledStasis","Guardian:Gem_Crimson","Guardian:PrimingBeam","Guardian:Orbwalk","Guardian:FastForward","DollysMirror"],"campfire_rested":0,"item_purchase_floors":[26,26,40,40,40,46,46,46],"current_hp_per_floor":[72,72,71,71,71,71,71,71,47,47,40,40,40,40,40,6,72,72,72,72,72,62,59,59,59,72,72,72,72,72,68,68,44,72,72,64,64,62,62,72,72,72,72,72,72,72,62,62,61,36],"gold":79,"neow_bonus":"REMOVE_TWO","is_daily":false,"chose_seed":false,"campfire_upgraded":9,"win_rate":0.0,"timestamp":1612626828,"path_taken":["R","M","M","?","?","R","T","R","?","M","M","R","?","M","M","BOSS","R","M","?","?","?","E","T","M","?","?","R","?","R","E","M","BOSS","R","M","M","M","?","$","T","R","M","?","R","$","M","?","M","BOSS"],"items_purchased_type":["Card","Card","Relic","Card","Card","Card","Card","Relic"],"build_version":"2020-12-22","purchased_purges":3,"victory":true,"max_hp_per_floor":[72,72,72,72,72,72,72,72,72,72,72,72,72,72,72,72,72,72,72,72,72,72,72,72,72,72,72,72,72,72,72,72,72,72,72,72,72,72,72,72,72,72,72,72,72,72,72,72,72,72],"card_choices":[{"not_picked":["Guardian:Incinerate","Guardian:PrimingBeam"],"picked":"Guardian:Gem_Green","floor":2},{"not_picked":["Guardian:WalkerClaw","Guardian:ShieldSpikes"],"picked":"Guardian:PiercingHide","floor":3},{"not_picked":["Guardian:PolyBeam","Guardian:Incinerate"],"picked":"Guardian:TemporalShield","floor":5},{"not_picked":["Guardian:PrimingBeam","Guardian:PiercingHide"],"picked":"Guardian:Gem_Blue","floor":10},{"not_picked":["Guardian:Gem_Cyan","Guardian:Gem_Lightblue"],"picked":"Guardian:Gem_Orange","floor":11},{"not_picked":["Guardian:Gem_Lightblue","Guardian:WalkerClaw"],"picked":"Guardian:ChargeCore","floor":14},{"not_picked":["Guardian:Emergency","Guardian:TemporalShield"],"picked":"Guardian:FloatingOrbs","floor":15},{"not_picked":["Guardian:FastForward","Guardian:AncientConstruct"],"picked":"Guardian:StasisStrike","floor":16},{"not_picked":["Guardian:Harden","Guardian:CrystalBeam"],"picked":"Guardian:Recover","floor":19},{"not_picked":["Guardian:Repulse","Guardian:Suspension"],"picked":"Guardian:PrimingBeam+1","floor":22},{"not_picked":["Guardian:GuardianWhirl","Guardian:SpikerProtocol"],"picked":"Guardian:ShieldCharger","floor":23},{"not_picked":["Guardian:Gem_Blue","Guardian:ChargeCore+1"],"picked":"Guardian:FloatingOrbs+1","floor":25},{"not_picked":["Guardian:Suspension","Guardian:RefractedBeam"],"picked":"Guardian:Repulse","floor":26},{"not_picked":["Guardian:Gem_Cyan","Guardian:GuardianWhirl"],"picked":"Guardian:Preprogram+1","floor":31},{"not_picked":["Guardian:Planning","Guardian:PrismaticBeam+1"],"picked":"Guardian:TimeBomb+1","floor":32},{"not_picked":["Guardian:GatlingBeam","Guardian:ExploitGems"],"picked":"Guardian:StasisField","floor":33},{"not_picked":["Guardian:PrismaticBeam"],"picked":"SKIP","floor":36},{"not_picked":["Guardian:Incinerate"],"picked":"SKIP","floor":37},{"not_picked":["Guardian:SpikerProtocol+1"],"picked":"SKIP","floor":38},{"not_picked":[],"picked":"Guardian:Gem_Cyan","floor":39},{"not_picked":[],"picked":"Guardian:Gem_Yellow","floor":40},{"not_picked":["Guardian:Gem_Red"],"picked":"SKIP","floor":43},{"not_picked":["Guardian:WalkerClaw"],"picked":"SKIP","floor":46},{"not_picked":[],"picked":"Guardian:CrystalBeam+1","floor":47},{"not_picked":["Guardian:Gem_Fragmented"],"picked":"SKIP","floor":49}],"player_experience":490843,"relics_obtained":[{"floor":7,"key":"Kunai"},{"floor":23,"key":"Smiling Mask"},{"floor":24,"key":"MealTicket"},{"floor":27,"key":"aspiration:HummingbirdHeart"},{"floor":29,"key":"Guardian:PickAxe"},{"floor":31,"key":"hubris:DuctTape"},{"floor":41,"key":"aspiration:FrozenJewel"},{"floor":48,"key":"Toxic Egg 2"}],"event_choices":[{"cards_removed":["Guardian:Defend_Guardian"],"damage_healed":0,"gold_gain":0,"player_choice":"Offered Basic","damage_taken":0,"max_hp_gain":0,"max_hp_loss":0,"event_name":"Bonfire Elementals","floor":4,"gold_loss":0}],"is_beta":true,"boss_relics":[{"not_picked":["bronze:MakeshiftBattery","aspiration:PoetsPen_weak"],"picked":"Runic Dome"},{"not_picked":["Empty Cage","Tiny House"],"picked":"Busted Crown"}],"items_purged_floors":[26,40,46],"is_endless":false,"potions_floor_spawned":[3,14,16,19,31,32,33,38,39,43,47],"ascension_level":0}}