{"host":"1ooxfz79hmpvpehx","time":1612579122,"event":{"mods":["BaseMod","Minty Spire (QoL Compilation)","Quick Restart","Replay The Spire","StSLib","SuperFastMode"],"gold_per_floor":[112,112,112,112,125,125,160,176,202,202,212,224,283,316,316,414,414,434,447,500,117,42,42,73,73,73,104,104,116,135,155,155,315,315,356,401,449,197,247,290,290,343,343,385,385,420,420,420,420,484,484,576,576],"floor_reached":52,"language":"ENG","playtime":958,"items_purged":["Strike_B","Strike_B"],"score":720,"play_id":"157c27b8-f9c5-4a98-8101-4757a93ecf91","local_time":"20210205233842","is_ascension_mode":true,"campfire_choices":[{"data":"Zap","floor":6,"key":"SMITH"},{"floor":10,"key":"RECALL"},{"floor":15,"key":"DIG"},{"data":"Dualcast","floor":23,"key":"SMITH"},{"floor":25,"key":"REST"},{"floor":32,"key":"DIG"},{"floor":41,"key":"REST"},{"data":"Strike_B","floor":49,"key":"SMITH"},{"floor":51,"key":"REST"}],"circlet_count":0,"master_deck":["Strike_B+1","Zap+1","Dualcast+1","Ball Lightning+1","ReplayTheSpireMod:Omega Cannon+1","Ball Lightning+1","ReplayTheSpireMod:Omega Cannon+1","Lockon+1","Double Energy+1"],"relics":["Cracked Core","NeowsBlessing","Potion Belt","Ring of Shattering","Molten Egg 2","Juzu Bracelet","Shuriken","Vajra","Replay:Drink Me","Pen Nib","Lantern","Blood Vial","Happy Flower","Replay:Rubber Ducky","Replay:Bandana","Painkiller Herb","DollysMirror","Oddly Smooth Stone","Bag of Marbles","Eternal Feather","Bird Faced Urn"],"acts_visited":["Exordium","TheCity","TheBeyond"],"potions_floor_usage":[14,14,14,16,16,31,31,33,33,33,33,40,52],"damage_taken":[{"damage":0,"enemies":"Jaw Worm","floor":1,"turns":1},{"damage":0,"enemies":"Small Slimes","floor":5,"turns":1},{"damage":0,"enemies":"3 Sentries","floor":7,"turns":1},{"damage":0,"enemies":"2 Louse","floor":8,"turns":1},{"damage":0,"enemies":"Large Slime","floor":11,"turns":4},{"damage":3,"enemies":"Red Slaver","floor":12,"turns":2},{"damage":0,"enemies":"Gremlin Nob","floor":14,"turns":3},{"damage":43,"enemies":"Hexaghost","floor":16,"turns":7},{"damage":10,"enemies":"Chosen","floor":18,"turns":2},{"damage":10,"enemies":"2 Thieves","floor":19,"turns":2},{"damage":7,"enemies":"Slavers","floor":24,"turns":2},{"damage":4,"enemies":"Gremlin Leader","floor":27,"turns":3},{"damage":0,"enemies":"Centurion and Healer","floor":29,"turns":2},{"damage":0,"enemies":"Snake Plant","floor":30,"turns":1},{"damage":2,"enemies":"Cultist and Chosen","floor":31,"turns":2},{"damage":0,"enemies":"Automaton","floor":33,"turns":3},{"damage":7,"enemies":"3 Shapes","floor":35,"turns":1},{"damage":0,"enemies":"3 Darklings","floor":36,"turns":2},{"damage":0,"enemies":"4 Shapes","floor":37,"turns":1},{"damage":0,"enemies":"Jaw Worm Horde","floor":39,"turns":1},{"damage":40,"enemies":"Nemesis","floor":40,"turns":5},{"damage":16,"enemies":"R_Hoarder","floor":42,"turns":5},{"damage":18,"enemies":"Sphere and 2 Shapes","floor":44,"turns":1},{"damage":0,"enemies":"Spire Growth","floor":46,"turns":2},{"damage":0,"enemies":"Mind Bloom Boss Battle","floor":50,"turns":1},{"damage":68,"enemies":"Replay:Hell Engine","floor":52,"turns":4}],"seed_played":"-552443243801113851","potions_obtained":[{"floor":1,"key":"Swift Potion"},{"floor":5,"key":"SpeedPotion"},{"floor":8,"key":"EssenceOfSteel"},{"floor":11,"key":"Dexterity Potion"},{"floor":13,"key":"Explosive Potion"},{"floor":13,"key":"Block Potion"},{"floor":27,"key":"Swift Potion"},{"floor":28,"key":"LifebloodPotion"},{"floor":28,"key":"EssenceOfSteel"},{"floor":28,"key":"Weak Potion"},{"floor":29,"key":"LiquidMemories"},{"floor":31,"key":"LifebloodPotion"},{"floor":37,"key":"Elixir"},{"floor":40,"key":"Doom Potion"}],"is_trial":false,"path_per_floor":["M","?","?","?","M","R","E","M","T","R","M","M","?","E","R","B",null,"M","M","T","$","?","R","E","R","T","E","?","M","M","M","R","B",null,"?","?","?","T","?","E","T","E","T","?","?","?","PTL","PTL","T","?","T","B"],"character_chosen":"DEFECT","items_purchased":["Lantern","Blood Vial","DollysMirror"],"campfire_rested":3,"item_purchase_floors":[21,21,38],"current_hp_per_floor":[75,75,68,68,68,68,68,68,68,68,68,65,47,47,47,4,57,47,37,37,37,37,37,32,49,49,47,47,49,51,51,51,53,57,50,52,54,54,56,17,34,20,20,4,67,67,67,67,67,67,67,0,0],"gold":576,"neow_bonus":"THREE_ENEMY_KILL","is_daily":false,"chose_seed":false,"campfire_upgraded":3,"win_rate":0.0,"timestamp":1612579122,"path_taken":["M","?","?","?","M","R","E","M","T","R","M","M","?","E","R","BOSS","M","M","?","$","?","R","E","R","T","E","?","M","M","M","R","BOSS","?","?","?","T","?","E","T","E","T","?","?","?","PTL","PTL","T","?","T","BOSS"],"items_purchased_type":["Relic","Relic","Relic"],"build_version":"2020-12-22","purchased_purges":2,"victory":false,"max_hp_per_floor":[75,75,75,75,75,75,75,75,75,75,75,75,75,75,75,75,57,57,57,57,57,57,57,57,57,57,57,57,57,57,57,57,57,57,57,57,57,57,57,57,57,57,57,57,67,67,67,67,67,67,67,67,67],"card_choices":[{"not_picked":["ReplayTheSpireMod:Reroute Power","Barrage","Doom and Gloom"],"picked":"SKIP","floor":1},{"not_picked":["Rebound","Tempest","Compile Driver"],"picked":"SKIP","floor":5},{"not_picked":["Panic Button","Cold Snap+1","Tempest"],"picked":"SKIP","floor":7},{"not_picked":["Hologram","Aggregate","Time Bomb"],"picked":"SKIP","floor":8},{"not_picked":["Turbo","Chaos","Conserve Battery"],"picked":"SKIP","floor":11},{"not_picked":["Turbo","Leap","Hologram"],"picked":"SKIP","floor":12},{"not_picked":["Barrage+1","Stack"],"picked":"Ball Lightning+1","floor":14},{"not_picked":["Rainbow","Core Surge+1"],"picked":"ReplayTheSpireMod:Omega Cannon+1","floor":16},{"not_picked":["Beam Cell+1","Steam Power","Conserve Battery+1"],"picked":"SKIP","floor":18},{"not_picked":["ReplayTheSpireMod:System Scan","Reprogram","Rebound+1"],"picked":"SKIP","floor":19},{"not_picked":["ReplayTheSpireMod:Calculation Training","Conserve Battery","BasicCrystalCard+1"],"picked":"SKIP","floor":24},{"not_picked":["Time Bomb","Cold Snap+1","Auto Shields+1"],"picked":"SKIP","floor":27},{"not_picked":["ReplaySolidLightProjector+1","Beam Cell+1","Hello World"],"picked":"SKIP","floor":29},{"not_picked":["Cold Snap+1","ReplaySolidLightProjector+1","Leap+1"],"picked":"SKIP","floor":30},{"not_picked":["Crystallizer","Hello World","Aggregate+1"],"picked":"SKIP","floor":31},{"not_picked":["All For One+1","Mirror Shield"],"picked":"Rainbow","floor":33},{"not_picked":["BasicCrystalCard+1","Recycle+1","Conserve Battery+1"],"picked":"SKIP","floor":35},{"not_picked":["Conserve Battery","ReplayTheSpireMod:Reroute Power+1"],"picked":"Ball Lightning+1","floor":36},{"not_picked":["Go for the Eyes+1","Hologram","Leap+1"],"picked":"SKIP","floor":37},{"not_picked":["Creative AI","Auto Shields","Sweeping Beam+1"],"picked":"SKIP","floor":39},{"not_picked":["Hologram+1","ReplayTheSpireMod:Calculation Training+1","Barrage+1"],"picked":"SKIP","floor":40},{"not_picked":["Turbo","Time Bomb","Amplify"],"picked":"SKIP","floor":42},{"not_picked":["Turbo","Time Bomb","Amplify"],"picked":"SKIP","floor":42},{"not_picked":["Rebound+1","Sweeping Beam+1"],"picked":"Lockon+1","floor":44},{"not_picked":["BasicCrystalCard+1","Skim","Steam+1"],"picked":"SKIP","floor":46},{"not_picked":["BasicCrystalCard+1","ReplayTheSpireMod:Repulse"],"picked":"Double Energy+1","floor":50}],"player_experience":26932,"relics_obtained":[{"floor":4,"key":"Ring of Shattering"},{"floor":7,"key":"Molten Egg 2"},{"floor":9,"key":"Juzu Bracelet"},{"floor":14,"key":"Shuriken"},{"floor":15,"key":"Vajra"},{"floor":20,"key":"Pen Nib"},{"floor":24,"key":"Happy Flower"},{"floor":27,"key":"Replay:Rubber Ducky"},{"floor":32,"key":"Replay:Bandana"},{"floor":40,"key":"Oddly Smooth Stone"},{"floor":42,"key":"Bag of Marbles"},{"floor":43,"key":"Eternal Feather"},{"floor":50,"key":"Bird Faced Urn"}],"event_choices":[{"cards_removed":["Defend_B"],"damage_healed":0,"gold_gain":0,"player_choice":"Forget","damage_taken":0,"max_hp_gain":0,"max_hp_loss":0,"event_name":"Living Wall","floor":2,"gold_loss":0},{"damage_healed":0,"gold_gain":0,"player_choice":"Success","damage_taken":7,"relics_obtained":["Potion Belt"],"max_hp_gain":0,"max_hp_loss":0,"event_name":"Scrap Ooze","floor":3,"gold_loss":0},{"cards_removed":["Strike_B"],"damage_healed":0,"gold_gain":0,"player_choice":"Gave Gold","damage_taken":0,"max_hp_gain":0,"max_hp_loss":0,"event_name":"Beggar","floor":22,"gold_loss":75},{"damage_healed":0,"gold_gain":0,"player_choice":"Got Potions","damage_taken":0,"max_hp_gain":0,"max_hp_loss":0,"event_name":"Lab","floor":28,"gold_loss":0},{"cards_removed":["Rainbow"],"damage_healed":53,"gold_gain":0,"player_choice":"Offered Rare","damage_taken":0,"max_hp_gain":10,"max_hp_loss":0,"event_name":"Bonfire Elementals","floor":45,"gold_loss":0},{"damage_healed":0,"gold_gain":0,"player_choice":"Fight","damage_taken":0,"max_hp_gain":0,"max_hp_loss":0,"event_name":"MindBloom","floor":50,"gold_loss":0}],"is_beta":false,"boss_relics":[{"not_picked":["Cursed Key","Calling Bell"],"picked":"Replay:Drink Me"},{"not_picked":["Nuclear Battery","Coffee Dripper"],"picked":"Painkiller Herb"}],"items_purged_floors":[21,38],"is_endless":false,"potions_floor_spawned":[1,5,8,11,27,29,31,37,40],"killed_by":"Replay:Hell Engine","ascension_level":1}}