{"host":"d61fcf2p3sjwe6yo","time":1612625675,"event":{"mods":["BaseMod","Colored Map","Koishi","Marisa????????","Minty Spire (QoL Compilation)","Reimu??????","Remilia??????","StSLib","SuperFastMode","The Servant 0.9.4"],"gold_per_floor":[109,123,123,198,218,218,256,256,256,270,614,67,32,56,56,186,186,237,237,237,251,268,268,282,282,308,65,77,77,108,123,123,220,220,230,1229,1247,1270,1285,1305,1323,1352,1352,1371,1371,1394,1394,1406,1406,1406,1406,1406,422,447,442,442],"floor_reached":55,"language":"ENG","playtime":3711,"items_purged":["Koishi:BasicStrike","Koishi:BasicStrike"],"score":886,"play_id":"796bea2b-9397-4ceb-9366-df6404b31404","local_time":"20210206183435","is_ascension_mode":false,"campfire_choices":[{"data":"Koishi:PerfectMindControl","floor":6,"key":"SMITH"},{"data":"Koishi:HauntingSlash","floor":8,"key":"SMITH"},{"data":"Koishi:PerfectMindControl","floor":15,"key":"SMITH"},{"data":"Koishi:FidgetySnatcher","floor":23,"key":"SMITH"},{"data":"Koishi:SuperEgo","floor":25,"key":"SMITH"},{"data":"Apotheosis","floor":32,"key":"SMITH"},{"floor":45,"key":"RECALL"},{"data":"Koishi:MentalBreakdown","floor":49,"key":"SMITH"},{"data":"Koishi:TerrifyingSpectre","floor":52,"key":"SMITH"}],"circlet_count":0,"master_deck":["Koishi:BasicStrike","Koishi:BasicStrike","Koishi:BasicDefend","Koishi:BasicDefend","Koishi:BasicDefend","Koishi:BasicDefend","Koishi:Provoke","Koishi:HauntingSlash+1","Koishi:PerfectMindControl+1","Koishi:SubconsciousSweep","Koishi:SubconsciousSweep","Koishi:DanmakuParanoia","Koishi:Whimsy","Koishi:SubterraneanRose","Koishi:TremblingHands","Koishi:PredatoryInstincts","Koishi:PhantomBarrier","Koishi:MentalBreakdown+1","Koishi:ParalyzingFear","Koishi:PerfectMindControl+1","Koishi:SuperEgo+1","Koishi:DreadfulBlow","Koishi:CatchAndRose+1","Koishi:FidgetySnatcher+1","Koishi:ReleaseOfTheId","Apotheosis+1","Koishi:GeneticsOfTheUnconscious+1","Koishi:TerrifyingSpectre+1","Koishi:JumpScare+1","Koishi:FidgetySnatcher+1","Koishi:PhantomBarrier+1","Koishi:Whimsy+1","Koishi:BramblyRoseGarden+1","Koishi:MentalBreakdown","Koishi:RacingHeart+1"],"relics":["Koishi:ImaginaryFriend","Bloody Idol","Ginger","Dead Branch","Old Coin","Omamori","Shuriken","Orrery","Koishi:ColorfulDays","Vajra","Regal Pillow","Black Star","Art of War","Akabeko","Eternal Feather","Darkstone Periapt","Nunchaku","Blue Candle","Kunai","Toolbox","Bird Faced Urn","ScarletDevilRocket","Frozen Eye"],"acts_visited":["Exordium","TheCity","TheBeyond","TheEnding"],"potions_floor_usage":[7,10,44,55,55,55],"damage_taken":[{"damage":1,"enemies":"2 Louse","floor":1,"turns":2},{"damage":6,"enemies":"Jaw Worm","floor":2,"turns":4},{"damage":7,"enemies":"Small Slimes","floor":5,"turns":3},{"damage":11,"enemies":"Gremlin Nob","floor":7,"turns":5},{"damage":0,"enemies":"3 Louse","floor":10,"turns":2},{"damage":13,"enemies":"3 Sentries","floor":11,"turns":6},{"damage":4,"enemies":"Exordium Thugs","floor":14,"turns":4},{"damage":14,"enemies":"The Guardian","floor":16,"turns":12},{"damage":0,"enemies":"2 Thieves","floor":18,"turns":4},{"damage":1,"enemies":"Shell Parasite","floor":21,"turns":4},{"damage":1,"enemies":"Snecko","floor":22,"turns":5},{"damage":0,"enemies":"Snake Plant","floor":24,"turns":3},{"damage":3,"enemies":"3 Cultists","floor":28,"turns":3},{"damage":13,"enemies":"Slavers","floor":30,"turns":4},{"damage":7,"enemies":"Centurion and Healer","floor":31,"turns":6},{"damage":0,"enemies":"Collector","floor":33,"turns":6},{"damage":10,"enemies":"3 Shapes","floor":35,"turns":6},{"damage":2,"enemies":"Orb Walker","floor":37,"turns":5},{"damage":6,"enemies":"3 Darklings","floor":39,"turns":5},{"damage":16,"enemies":"Sphere and 2 Shapes","floor":40,"turns":6},{"damage":0,"enemies":"Writhing Mass","floor":41,"turns":4},{"damage":15,"enemies":"Nemesis","floor":42,"turns":6},{"damage":43,"enemies":"Spire Growth","floor":44,"turns":5},{"damage":0,"enemies":"Giant Head","floor":46,"turns":9},{"damage":36,"enemies":"Transient","floor":48,"turns":5},{"damage":34,"enemies":"Time Eater","floor":50,"turns":13},{"damage":11,"enemies":"Shield and Spear","floor":54,"turns":5},{"damage":98,"enemies":"The Heart","floor":55,"turns":9}],"seed_played":"-566803672365387316","potions_obtained":[{"floor":1,"key":"Energy Potion"},{"floor":5,"key":"Weak Potion"},{"floor":10,"key":"Fruit Juice"},{"floor":16,"key":"DuplicationPotion"},{"floor":18,"key":"Regen Potion"}],"is_trial":false,"path_per_floor":["M","M","?","?","M","R","E","R","T","M","E","$","?","M","R","B",null,"M","?","?","M","M","R","M","R","T","$","M","?","E","M","R","B",null,"M","?","M","T","M","M","M","E","T","M","R","E","?","M","R","B",null,"R","$","E","B"],"character_chosen":"KOISHI","items_purchased":["Omamori","Shuriken","Orrery","Apotheosis","Blue Candle","Kunai","Toolbox","Koishi:MentalBreakdown","LiquidMemories"],"campfire_rested":0,"item_purchase_floors":[12,12,12,27,53,53,53,53,53],"current_hp_per_floor":[60,55,40,29,22,22,14,14,14,21,8,8,24,28,28,22,65,65,65,65,65,65,65,65,65,65,65,65,75,75,75,75,75,75,72,75,75,75,75,75,75,75,75,48,66,75,75,51,69,37,75,75,75,75,0,0],"gold":442,"neow_bonus":"ONE_RANDOM_RARE_CARD","is_daily":false,"chose_seed":false,"campfire_upgraded":8,"win_rate":0.0,"timestamp":1612625675,"path_taken":["M","M","?","?","M","R","E","R","T","M","E","$","?","M","R","BOSS","M","?","?","M","M","R","M","R","T","$","M","?","E","?","R","BOSS","M","?","M","?","M","M","M","E","T","M","R","E","?","?","R","BOSS","R","$","E","BOSS"],"items_purchased_type":["Relic","Relic","Relic","Card","Relic","Relic","Relic","Card","Potion"],"build_version":"2020-12-22","purchased_purges":2,"victory":false,"max_hp_per_floor":[60,60,60,60,60,60,60,60,60,65,65,65,65,65,65,65,65,65,65,65,65,65,65,65,65,65,65,65,75,75,75,75,75,75,75,75,75,75,75,75,75,75,75,75,75,75,75,75,75,75,75,75,75,75,75,75],"card_choices":[{"not_picked":["Koishi:TraumaticStroke","Koishi:HeartfeltFancy"],"picked":"Koishi:SubconsciousSweep","floor":1},{"not_picked":["Koishi:MassHysteria","Koishi:StrangeCloudFist"],"picked":"Koishi:SubconsciousSweep","floor":2},{"not_picked":["Koishi:Prune","Koishi:UnseenTerror"],"picked":"Koishi:DanmakuParanoia","floor":5},{"not_picked":["Koishi:CatchAndRose","Koishi:BramblyRoseGarden"],"picked":"Koishi:Whimsy","floor":7},{"not_picked":["Koishi:Vanish","Koishi:Jaunt"],"picked":"Koishi:SubterraneanRose","floor":10},{"not_picked":["Koishi:DreadfulBlow","Koishi:Prune"],"picked":"Koishi:RuptureMind","floor":11},{"not_picked":["Koishi:FleetingPhantom","Koishi:DreadfulBlow"],"picked":"Koishi:TremblingHands","floor":12},{"not_picked":["Koishi:StingingMind","Koishi:BloodcurdlingScream"],"picked":"Koishi:PredatoryInstincts","floor":12},{"not_picked":["Koishi:TraumaticStroke","Koishi:UnansweredLove"],"picked":"Koishi:PhantomBarrier","floor":12},{"not_picked":["Koishi:PhantomBarrier","Koishi:StingingMind"],"picked":"Koishi:MentalBreakdown","floor":12},{"not_picked":["Koishi:Prune","Koishi:ConfinedInnocent"],"picked":"Koishi:ParalyzingFear","floor":12},{"not_picked":["Koishi:CatchAndRose","Koishi:PhantomBarrier"],"picked":"Koishi:PerfectMindControl","floor":14},{"not_picked":["Koishi:Ego","Koishi:FadingMemory"],"picked":"Koishi:SuperEgo","floor":16},{"not_picked":["Koishi:GeneticsOfTheUnconscious","Koishi:CatchAndRose","Koishi:PhantomStrike"],"picked":"SKIP","floor":18},{"not_picked":["Koishi:EmbryosDream+1","Koishi:PhantomStrike+1"],"picked":"Koishi:CatchAndRose+1","floor":21},{"not_picked":["Koishi:JumpScare","Koishi:Jaunt"],"picked":"Koishi:FidgetySnatcher","floor":22},{"not_picked":["Koishi:GeneticsOfTheUnconscious","Koishi:FleetingPhantom"],"picked":"Koishi:ReleaseOfTheId","floor":24},{"not_picked":["Koishi:PhantomBarrier","Koishi:DreadfulBlow","Koishi:BloodcurdlingScream+1"],"picked":"SKIP","floor":28},{"not_picked":["Koishi:JumpScare","Koishi:DNAsFlaw+1"],"picked":"Koishi:GeneticsOfTheUnconscious+1","floor":30},{"not_picked":["Koishi:Prune","Koishi:Untouchable","Koishi:CatchAndRose"],"picked":"SKIP","floor":31},{"not_picked":["Koishi:FormlessExistence","Koishi:MindStellarRelief"],"picked":"Koishi:TerrifyingSpectre","floor":33},{"not_picked":["Koishi:Prune+1","Koishi:PhantomStrike"],"picked":"Koishi:JumpScare+1","floor":35},{"not_picked":["Koishi:Prune+1","Koishi:DNAsFlaw+1"],"picked":"Koishi:FidgetySnatcher+1","floor":37},{"not_picked":["Koishi:StingingMind+1","Koishi:FadingMemory","Koishi:SpiritedAway+1"],"picked":"SKIP","floor":39},{"not_picked":["Koishi:ReflexRadar+1","Koishi:SpiritedAway+1"],"picked":"Koishi:PhantomBarrier+1","floor":40},{"not_picked":["Koishi:Jaunt+1","Koishi:Prune","Koishi:FleetingPhantom"],"picked":"SKIP","floor":41},{"not_picked":["Koishi:PhantomStrike+1","Koishi:MindNumbingTerror+1","Koishi:TraumaticStroke+1"],"picked":"SKIP","floor":42},{"not_picked":["Koishi:DNAsFlaw+1","Koishi:ReflexRadar+1"],"picked":"Koishi:Whimsy+1","floor":44},{"not_picked":["Koishi:MindNumbingTerror+1","Koishi:StrangeCloudFist"],"picked":"Koishi:BramblyRoseGarden+1","floor":46},{"not_picked":["Koishi:YoukaiPolygraph+1","Koishi:StingingMind+1","Koishi:UnconsciousUrges+1"],"picked":"SKIP","floor":48},{"not_picked":["Koishi:ApparitionsStalkTheNight","Koishi:GeneticsOfTheUnconscious+1"],"picked":"Koishi:RacingHeart+1","floor":54}],"player_experience":264164,"relics_obtained":[{"floor":7,"key":"Ginger"},{"floor":9,"key":"Dead Branch"},{"floor":11,"key":"Old Coin"},{"floor":26,"key":"Vajra"},{"floor":30,"key":"Regal Pillow"},{"floor":38,"key":"Art of War"},{"floor":42,"key":"Akabeko"},{"floor":42,"key":"Eternal Feather"},{"floor":46,"key":"Darkstone Periapt"},{"floor":46,"key":"Nunchaku"},{"floor":54,"key":"Bird Faced Urn"},{"floor":54,"key":"ScarletDevilRocket"}],"event_choices":[{"damage_healed":0,"gold_gain":0,"player_choice":"Take Damage","damage_taken":15,"relics_obtained":["Golden Idol"],"max_hp_gain":0,"max_hp_loss":0,"event_name":"Golden Idol","floor":3,"gold_loss":0},{"damage_healed":0,"gold_gain":75,"player_choice":"Gather Gold","damage_taken":11,"max_hp_gain":0,"max_hp_loss":0,"event_name":"World of Goop","floor":4,"gold_loss":0},{"damage_healed":16,"gold_gain":0,"player_choice":"Healed","damage_taken":0,"max_hp_gain":0,"max_hp_loss":0,"event_name":"The Cleric","floor":13,"gold_loss":35},{"damage_healed":0,"gold_gain":0,"player_choice":"Gave Idol","damage_taken":0,"relics_obtained":["Bloody Idol"],"max_hp_gain":0,"max_hp_loss":0,"event_name":"Forgotten Altar","floor":19,"relics_lost":["Golden Idol"],"gold_loss":0},{"damage_healed":0,"gold_gain":0,"player_choice":"Read","damage_taken":0,"max_hp_gain":0,"max_hp_loss":0,"event_name":"The Library","floor":20,"gold_loss":0,"cards_obtained":["Koishi:DreadfulBlow"]},{"cards_removed":["Koishi:RuptureMind"],"damage_healed":0,"gold_gain":0,"player_choice":"Offered Rare","damage_taken":0,"max_hp_gain":10,"max_hp_loss":0,"event_name":"Bonfire Elementals","floor":29,"gold_loss":0},{"damage_healed":0,"gold_gain":999,"player_choice":"Gold","damage_taken":0,"max_hp_gain":0,"max_hp_loss":0,"event_name":"MindBloom","floor":36,"gold_loss":0,"cards_obtained":["Normality","Normality"]},{"damage_healed":0,"gold_gain":0,"player_choice":"Ignored","damage_taken":0,"max_hp_gain":0,"max_hp_loss":0,"event_name":"Tomb of Lord Red Mask","floor":47,"gold_loss":0}],"is_beta":false,"boss_relics":[{"not_picked":["Snecko Eye","Sozu"],"picked":"Koishi:ColorfulDays"},{"not_picked":["Astrolabe","Empty Cage"],"picked":"Black Star"}],"items_purged_floors":[27,53],"is_endless":false,"potions_floor_spawned":[1,5,10,16,18,31,37,41,42],"killed_by":"The Heart","ascension_level":0}}