{"host":"x5w9zppki4gdwvc7","time":1612648831,"event":{"mods":["AchievementEnabler","BaseMod","DeckTracker","Minty Spire (QoL Compilation)"],"gold_per_floor":[110,123,139,314,294,182,193,219,287,287,301,301,326,340,340,437,437,447,244,259,259,259,288,387,17,17,30,43,43,43],"floor_reached":29,"language":"ENG","playtime":2255,"items_purged":["Doubt","Strike_P"],"score":307,"play_id":"25c70e69-23f0-430d-952d-92077190ca42","local_time":"20210206230031","is_ascension_mode":false,"campfire_choices":[{"floor":10.0,"key":"REST"},{"data":"PathToVictory","floor":12.0,"key":"SMITH"},{"data":"LikeWater","floor":15,"key":"SMITH"}],"circlet_count":0,"master_deck":["Strike_P","Strike_P","Defend_P","Defend_P","Defend_P","Defend_P","Eruption","Vigilance","LikeWater","EmptyBody","ClearTheMind","PathToVictory+1","LikeWater+1","InnerPeace","Evaluate","FearNoEvil","MasterReality","Vault","JustLucky","LikeWater","Ghostly","Ghostly","Ghostly","Ghostly","Ghostly","Evaluate+1","LikeWater","CutThroughFate"],"relics":["PureWater","NeowsBlessing","Omamori","Matryoshka","Thread and Needle","Calling Bell","Oddly Smooth Stone","Shuriken","Incense Burner","Ancient Tea Set","Ginger","Boot","Sundial"],"acts_visited":["Exordium","TheCity"],"potions_floor_usage":[16,16,29],"damage_taken":[{"damage":0.0,"enemies":"Small Slimes","floor":1.0,"turns":1.0},{"damage":0.0,"enemies":"2 Louse","floor":2.0,"turns":1.0},{"damage":0.0,"enemies":"Jaw Worm","floor":3.0,"turns":1.0},{"damage":20.0,"enemies":"Exordium Thugs","floor":5.0,"turns":9.0},{"damage":11.0,"enemies":"Exordium Wildlife","floor":7.0,"turns":6.0},{"damage":24.0,"enemies":"Gremlin Nob","floor":8.0,"turns":6.0},{"damage":0.0,"enemies":"Gremlin Gang","floor":11.0,"turns":8.0},{"damage":13.0,"enemies":"3 Sentries","floor":13.0,"turns":13.0},{"damage":0,"enemies":"Looter","floor":14,"turns":5},{"damage":6,"enemies":"The Guardian","floor":16,"turns":12},{"damage":6,"enemies":"3 Byrds","floor":18,"turns":10},{"damage":0,"enemies":"Spheric Guardian","floor":20,"turns":8},{"damage":23,"enemies":"Book of Stabbing","floor":23,"turns":10},{"damage":0,"enemies":"Shelled Parasite and Fungi","floor":27,"turns":9},{"damage":2,"enemies":"Sentry and Sphere","floor":28,"turns":14},{"damage":23,"enemies":"Gremlin Leader","floor":29,"turns":4}],"seed_played":"-9204084864004035411","potions_obtained":[{"floor":1.0,"key":"EssenceOfSteel"},{"floor":2.0,"key":"Regen Potion"},{"floor":11.0,"key":"SteroidPotion"},{"floor":13,"key":"ColorlessPotion"},{"floor":18,"key":"FairyPotion"},{"floor":28,"key":"BlessingOfTheForge"}],"is_trial":false,"path_per_floor":["M","M","M","?","M","$","M","E","T","R","M","R","E","M","R","B",null,"M","$","M","?","?","E","?","$","T","M","M","E"],"character_chosen":"WATCHER","items_purchased":["LikeWater","JustLucky","Dexterity Potion","Ginger","LikeWater"],"campfire_rested":1,"item_purchase_floors":[6,19,19,25,25],"current_hp_per_floor":[72,72,72,72,52,52,41,17,17,38,38,38,40,40,40,34,72,66,66,66,36,36,13,13,13,13,13,11,0,0],"gold":43,"neow_bonus":"THREE_ENEMY_KILL","is_daily":false,"chose_seed":false,"campfire_upgraded":2,"win_rate":0.0,"timestamp":1612648831,"path_taken":["M","M","M","?","M","$","M","E","T","R","M","R","E","M","R","BOSS","M","$","M","?","?","E","?","?","T","?","M","E"],"items_purchased_type":["Card","Card","Potion","Relic","Card"],"build_version":"2020-12-22","purchased_purges":2,"victory":false,"max_hp_per_floor":[72,72,72,72,72,72,72,72,72,72,72,72,72,72,72,72,72,72,72,72,36,36,36,36,36,36,36,36,36,36],"card_choices":[{"not_picked":["Weave","Vengeance"],"picked":"LikeWater","floor":1.0},{"not_picked":["ThirdEye","FlurryOfBlows"],"picked":"EmptyBody","floor":2.0},{"not_picked":["Crescendo","WreathOfFlame"],"picked":"ClearTheMind","floor":3.0},{"not_picked":["Halt","ClearTheMind"],"picked":"PathToVictory","floor":5.0},{"not_picked":["Meditate","Protect"],"picked":"InnerPeace","floor":7.0},{"not_picked":["EmptyMind","CutThroughFate"],"picked":"Evaluate","floor":8.0},{"not_picked":["Halt","Prostrate"],"picked":"FearNoEvil","floor":11.0},{"not_picked":["CrushJoints","ThirdEye"],"picked":"MasterReality","floor":13},{"not_picked":["Indignation","Adaptation","ClearTheMind"],"picked":"SKIP","floor":14},{"not_picked":["Scrawl","Devotion"],"picked":"Vault","floor":16},{"not_picked":["JustLucky","Vengeance+1","FlyingSleeves+1"],"picked":"SKIP","floor":18},{"not_picked":["FlyingSleeves+1","FearNoEvil"],"picked":"LikeWater","floor":20},{"not_picked":["Establishment","BowlingBash+1"],"picked":"Evaluate+1","floor":23},{"not_picked":["EmptyFist","Protect","Halt"],"picked":"SKIP","floor":27},{"not_picked":["SashWhip","FlyingSleeves+1"],"picked":"CutThroughFate","floor":28}],"player_experience":505771,"relics_obtained":[{"floor":8.0,"key":"Omamori"},{"floor":9.0,"key":"Matryoshka"},{"floor":13,"key":"Thread and Needle"},{"floor":17,"key":"Oddly Smooth Stone"},{"floor":17,"key":"Shuriken"},{"floor":17,"key":"Incense Burner"},{"floor":23,"key":"Ancient Tea Set"},{"floor":26,"key":"Boot"},{"floor":26,"key":"Sundial"}],"event_choices":[{"damage_healed":0.0,"max_hp_gain":0.0,"max_hp_loss":0.0,"gold_gain":175.0,"event_name":"Liars Game","player_choice":"AGREE","floor":4.0,"gold_loss":0.0,"damage_taken":0.0,"cards_obtained":["Doubt"]},{"damage_healed":0,"gold_gain":0,"player_choice":"Became a Ghost","damage_taken":0,"max_hp_gain":0,"max_hp_loss":36,"event_name":"Ghosts","floor":21,"gold_loss":0,"cards_obtained":["Ghostly","Ghostly","Ghostly","Ghostly","Ghostly"]},{"cards_removed":["Strike_P"],"damage_healed":0,"gold_gain":0,"player_choice":"Elegance","damage_taken":0,"max_hp_gain":0,"max_hp_loss":0,"event_name":"Back to Basics","floor":22,"gold_loss":0},{"damage_healed":0,"gold_gain":99,"player_choice":"Stole From Cult","damage_taken":0,"max_hp_gain":0,"max_hp_loss":0,"event_name":"Nest","floor":24,"gold_loss":0}],"is_beta":false,"boss_relics":[{"not_picked":["Astrolabe","Pandora\u0027s Box"],"picked":"Calling Bell"}],"items_purged_floors":[6,19],"is_endless":false,"potions_floor_spawned":[1,2,11,13,18,20,28],"killed_by":"Gremlin Leader","ascension_level":0}}