{"host":"uceopoba4zvqsgiy","time":1612602677,"event":{"mods":["2.2 Compatiblity","Act Like it!","BaseMod","Better Skull","Better Third Choice","Elementarium","Evolution","GifTheSpireLib","Hermit","Humility","Infinite Spire","Jorbs\u0027s Wanderer Trilogy","Marked Mod","Minty Spire (QoL Compilation)","Potionbrewer","Reliquary","Replay The Spire","Robot Space Explorer","Shade Mod","Spicy Shops","StS++","StSLib","Stuff the Spire","The Blue Laboratory","The Caster","The Cursed","The Dragon Tamer","The Hierophant","The Judge","The Jungle","TheSurvivalist","Wandering Minibosses"],"gold_per_floor":[113,113,125,192,192,222,222,247,297,313,332,332,332],"floor_reached":12,"language":"ENG","playtime":979,"items_purged":[],"score":266,"play_id":"38f875bc-589c-4f0b-8d67-61955aaad312","local_time":"20210206194117","is_ascension_mode":true,"campfire_choices":[],"circlet_count":0,"master_deck":["WordoMod:StrikeCard","WordoMod:StrikeCard","WordoMod:StrikeCard","WordoMod:StrikeCard","WordoMod:DefendCard","WordoMod:DefendCard","WordoMod:DefendCard","WordoMod:DefendCard","WordoMod:Accursed","WordoMod:IllWill+1","WordoMod:Unchained","Pain","WordoMod:Unchained","ReplayTheSpireMod:Splinters","Clumsy","WordoMod:LanternFlame","WordoMod:Unchained","WordoMod:Accursed","WordoMod:Unchained"],"relics":["WordoMod:Obsidian","WordoMod:Effigy","EVO:Axolotl","NeowsBlessing","WarpedTongs","infinitespire:PuzzleCube","StuffTheSpire:NeowsTribute","Girya","reliquary:NewFriend","Toy Ornithopter"],"acts_visited":["Exordium"],"potions_floor_usage":[11,11],"damage_taken":[{"damage":0,"enemies":"Small Slimes","floor":1,"turns":1},{"damage":1,"enemies":"Cultist","floor":3,"turns":1},{"damage":0,"enemies":"3 Sentries","floor":6,"turns":1},{"damage":47,"enemies":"Lagavulin","floor":8,"turns":5},{"damage":14,"enemies":"Jaw Worm","floor":10,"turns":3},{"damage":8,"enemies":"Looter","floor":11,"turns":2},{"damage":23,"enemies":"Gremlin Nob","floor":12,"turns":2}],"seed_played":"1487978803839614378","potions_obtained":[{"floor":3,"key":"blueLaboratory:HummingbirdPotion"},{"floor":6,"key":"blueLaboratory:PhilterOfMotion"},{"floor":11,"key":"Regen Potion"}],"is_trial":false,"path_per_floor":["M","?","M","?","?","E","T","E","T","M","M","E"],"character_chosen":"JUDGE_CLASS","items_purchased":[],"campfire_rested":0,"item_purchase_floors":[],"current_hp_per_floor":[75,75,74,74,74,74,74,27,27,13,15,0,0],"gold":332,"neow_bonus":"THREE_ENEMY_KILL","is_daily":false,"chose_seed":false,"campfire_upgraded":0,"win_rate":0.0,"timestamp":1612602677,"path_taken":["M","?","?","?","?","E","?","E","T","M","M","E"],"items_purchased_type":[],"build_version":"2020-12-22","purchased_purges":0,"victory":false,"max_hp_per_floor":[75,75,75,75,75,75,75,75,75,75,75,75,75],"card_choices":[{"not_picked":["WordoMod:BurdenOfSin","WordoMod:Vulgarity"],"picked":"WordoMod:Unchained","floor":1},{"not_picked":["WordoMod:BreakChains","WordoMod:CurseBuckler"],"picked":"WordoMod:Unchained","floor":3},{"not_picked":["Sickly","Delirium"],"picked":"Clumsy","floor":6},{"not_picked":["WordoMod:Malice","WordoMod:Parry"],"picked":"WordoMod:LanternFlame","floor":6},{"not_picked":["WordoMod:HoldTheFort","WordoMod:BadMemories","WordoMod:FalseDiagnosis"],"picked":"SKIP","floor":8},{"not_picked":["WordoMod:Behead","WordoMod:Contagion"],"picked":"WordoMod:Unchained","floor":10},{"not_picked":["Injury","Elementarium:StickyTar"],"picked":"WordoMod:Accursed","floor":11},{"not_picked":["WordoMod:BadMemories","WordoMod:Resurrection"],"picked":"WordoMod:Unchained","floor":11}],"player_experience":1775344,"relics_obtained":[{"floor":4,"key":"infinitespire:PuzzleCube"},{"floor":6,"key":"StuffTheSpire:NeowsTribute"},{"floor":7,"key":"Girya"},{"floor":8,"key":"reliquary:NewFriend"},{"floor":9,"key":"Toy Ornithopter"}],"event_choices":[{"damage_healed":0,"gold_gain":0,"player_choice":"Rummage","damage_taken":0,"relics_obtained":["WarpedTongs"],"max_hp_gain":0,"max_hp_loss":0,"event_name":"Accursed Blacksmith","floor":2,"gold_loss":0,"cards_obtained":["Pain"]},{"damage_healed":0,"gold_gain":0,"player_choice":"Grow","damage_taken":0,"max_hp_gain":0,"max_hp_loss":0,"event_name":"Living Wall","floor":5,"gold_loss":0,"cards_upgraded":["WordoMod:IllWill"]}],"is_beta":false,"boss_relics":[],"items_purged_floors":[],"is_endless":false,"potions_floor_spawned":[3,6,11],"killed_by":"Gremlin Nob","ascension_level":5,"is_humility":true}}