{"host":"8is2j71l4wmybkoi","time":1612621635,"event":{"mods":["AchievementEnabler","BaseMod","Colored Map","Minty Spire (QoL Compilation)","Rare Cards Sparkle","StSLib","SuperFastMode"],"gold_per_floor":[109,259,275,1,16,16,91,91,91,91,117,132,160,160,160,236,236,249,6,6,6,6,33,33,33,33,45,74,74,85,103,103,103,103],"floor_reached":33,"language":"KOR","playtime":1420,"items_purged":["Doubt"],"score":553,"play_id":"e3ab2030-93f8-46bf-b5c2-725c557360ce","local_time":"20210206232715","is_ascension_mode":true,"campfire_choices":[{"data":"Blade Dance","floor":6.0,"key":"SMITH"},{"data":"Neutralize","floor":8.0,"key":"SMITH"},{"data":"Seeing Red","floor":10.0,"key":"SMITH"},{"data":"BattleHymn","floor":15,"key":"SMITH"},{"floor":25,"key":"REST"},{"data":"Doppelganger","floor":32,"key":"SMITH"}],"circlet_count":0,"master_deck":["AscendersBane","Strike_G","Defend_G","Defend_G","Defend_G","Survivor","Neutralize+1","Blade Dance+1","Seeing Red+1","FTL","BattleHymn+1","FollowUp","Doppelganger+1","Dagger Spray","Sucker Punch","Endless Agony","Prepared+1","Alpha+1","Second Wind+1"],"relics":["Ring of the Snake","PrismaticShard","Kunai","PreservedInsect","Omamori","Empty Cage","Toxic Egg 2","Snake Skull","Mummified Hand","Happy Flower"],"acts_visited":["Exordium","TheCity"],"potions_floor_usage":[12,13,23,28,33],"damage_taken":[{"damage":1.0,"enemies":"Small Slimes","floor":1.0,"turns":5.0},{"damage":1.0,"enemies":"Jaw Worm","floor":3.0,"turns":3.0},{"damage":0.0,"enemies":"2 Louse","floor":5.0,"turns":2.0},{"damage":24.0,"enemies":"3 Sentries","floor":11.0,"turns":11.0},{"damage":0,"enemies":"Blue Slaver","floor":12,"turns":2},{"damage":0,"enemies":"Lagavulin","floor":13,"turns":6},{"damage":29,"enemies":"Slime Boss","floor":16,"turns":10},{"damage":0,"enemies":"3 Byrds","floor":18,"turns":4},{"damage":1,"enemies":"Gremlin Leader","floor":23,"turns":4},{"damage":1,"enemies":"Shell Parasite","floor":27,"turns":3},{"damage":9,"enemies":"Slavers","floor":28,"turns":4},{"damage":0,"enemies":"3 Cultists","floor":30,"turns":3},{"damage":18,"enemies":"Centurion and Healer","floor":31,"turns":6},{"damage":52,"enemies":"Automaton","floor":33,"turns":6}],"seed_played":"199873775993448938","potions_obtained":[{"floor":5.0,"key":"SkillPotion"},{"floor":11.0,"key":"Strength Potion"},{"floor":16,"key":"FearPotion"},{"floor":27,"key":"SteroidPotion"},{"floor":28,"key":"SteroidPotion"}],"is_trial":false,"path_per_floor":["M","?","M","$","M","R","?","R","T","R","E","M","E","?","R","B",null,"M","$","?","?","?","E","?","R","T","M","E","?","M","M","R","B"],"character_chosen":"THE_SILENT","items_purchased":["PrismaticShard","Fire Potion","Toxic Egg 2"],"campfire_rested":1,"item_purchase_floors":[4,4,19],"current_hp_per_floor":[64,64,63,63,63,63,52,52,52,52,28,28,28,33,33,4,59,59,59,59,59,37,36,36,60,60,59,50,50,50,32,32,0,0],"gold":103,"neow_bonus":"TEN_PERCENT_HP_BONUS","is_daily":false,"chose_seed":false,"campfire_upgraded":5,"win_rate":0.0,"timestamp":1612621635,"path_taken":["M","?","M","$","M","R","?","R","T","R","E","M","E","?","R","BOSS","M","$","?","?","?","E","?","R","T","M","E","?","M","M","R","BOSS"],"items_purchased_type":["Relic","Potion","Relic"],"build_version":"2020-12-22","purchased_purges":1,"victory":false,"max_hp_per_floor":[72,72,72,72,72,72,72,72,72,72,72,72,72,77,77,77,77,77,77,77,77,82,82,82,82,82,82,82,82,82,82,82,82,82],"card_choices":[{"not_picked":["Acrobatics","Blur"],"picked":"Blade Dance","floor":1.0},{"not_picked":["Deadly Poison","Sucker Punch","Slice"],"picked":"SKIP","floor":3.0},{"not_picked":["Iron Wave","Redo"],"picked":"Seeing Red","floor":5.0},{"not_picked":["Infernal Blade","Brilliance"],"picked":"FTL","floor":11.0},{"not_picked":["Heel Hook","EmptyMind"],"picked":"BattleHymn","floor":12},{"not_picked":["Ragnarok","Pommel Strike"],"picked":"FollowUp","floor":13},{"not_picked":["SpiritShield","Machine Learning"],"picked":"Doppelganger","floor":16},{"not_picked":["Slice","MentalFortress+1","Doom and Gloom"],"picked":"SKIP","floor":18},{"not_picked":["Go for the Eyes","Sucker Punch"],"picked":"Endless Agony","floor":23},{"not_picked":["Electrodynamics","Twin Strike"],"picked":"Prepared+1","floor":27},{"not_picked":["Choke","Stack+1"],"picked":"Alpha+1","floor":28},{"not_picked":["Intimidate+1","Hello World"],"picked":"Second Wind+1","floor":30},{"not_picked":["Mind Blast","Pommel Strike","Heavy Blade+1"],"picked":"SKIP","floor":31}],"player_experience":1026166,"relics_obtained":[{"floor":9.0,"key":"Kunai"},{"floor":11.0,"key":"PreservedInsect"},{"floor":13,"key":"Omamori"},{"floor":23,"key":"Snake Skull"},{"floor":26,"key":"Mummified Hand"},{"floor":28,"key":"Happy Flower"}],"event_choices":[{"damage_healed":0.0,"max_hp_gain":0.0,"max_hp_loss":0.0,"gold_gain":150.0,"event_name":"Liars Game","player_choice":"AGREE","floor":2.0,"gold_loss":0.0,"damage_taken":0.0,"cards_obtained":["Doubt"]},{"damage_healed":0.0,"max_hp_gain":0.0,"max_hp_loss":0.0,"gold_gain":75.0,"event_name":"World of Goop","player_choice":"Gather Gold","floor":7.0,"gold_loss":0.0,"damage_taken":11.0},{"damage_healed":0,"gold_gain":0,"player_choice":"Donut","damage_taken":0,"max_hp_gain":5,"max_hp_loss":0,"event_name":"Big Fish","floor":14,"gold_loss":0},{"cards_removed":["Strike_G"],"damage_healed":0,"gold_gain":0,"player_choice":"Elegance","damage_taken":0,"max_hp_gain":0,"max_hp_loss":0,"event_name":"Back to Basics","floor":20,"gold_loss":0},{"damage_healed":0,"gold_gain":0,"cards_transformed":["Strike_G","Strike_G"],"player_choice":"Became Test Subject","damage_taken":0,"max_hp_gain":0,"max_hp_loss":0,"event_name":"Drug Dealer","floor":21,"gold_loss":0,"cards_obtained":["Dagger Spray","Sucker Punch"]},{"damage_healed":0,"gold_gain":0,"player_choice":"Shed Blood","damage_taken":27,"max_hp_gain":5,"max_hp_loss":0,"event_name":"Forgotten Altar","floor":22,"gold_loss":0},{"damage_healed":0,"gold_gain":0,"player_choice":"Ignored","damage_taken":0,"max_hp_gain":0,"max_hp_loss":0,"event_name":"Vampires","floor":24,"gold_loss":0},{"cards_removed":["Defend_G"],"damage_healed":0,"gold_gain":0,"player_choice":"Purged","damage_taken":0,"max_hp_gain":0,"max_hp_loss":0,"event_name":"Purifier","floor":29,"gold_loss":0}],"is_beta":false,"boss_relics":[{"not_picked":["Runic Pyramid","Runic Dome"],"picked":"Empty Cage"}],"items_purged_floors":[4],"is_endless":false,"potions_floor_spawned":[5,11,16,27,28],"killed_by":"Automaton","ascension_level":15}}