{"host":"zwezhz46a5cjkxff","time":1612589306,"event":{"mods":["AchievementEnabler","BaseMod","Colored Map","Colored Powertips","DeckTracker","Minty Spire (QoL Compilation)","Permanent Neow","Quick Restart","Rare Cards Sparkle","Relic Stats","StSLib","SuperFastMode"],"gold_per_floor":[15,15,15,35,54,83,102,102,102],"floor_reached":8,"language":"ENG","playtime":417,"items_purged":[],"score":64,"play_id":"b3edb399-3ecd-4b7c-a79a-4c4f401dffcd","local_time":"20210205232826","is_ascension_mode":true,"campfire_choices":[],"circlet_count":0,"master_deck":["Strike_G","Strike_G","Strike_G","Strike_G","Defend_G","Defend_G","Defend_G","Survivor","Neutralize","Finisher","Bullet Time+1","Blur","Expertise"],"relics":["Ring of the Snake","White Beast Statue"],"acts_visited":["Exordium"],"potions_floor_usage":[8,8],"damage_taken":[{"damage":0,"enemies":"Cultist","floor":1,"turns":3},{"damage":0,"enemies":"2 Louse","floor":4,"turns":2},{"damage":0,"enemies":"Small Slimes","floor":5,"turns":4},{"damage":54,"enemies":"Lagavulin","floor":6,"turns":11},{"damage":0,"enemies":"3 Louse","floor":7,"turns":5},{"damage":16,"enemies":"3 Sentries","floor":8,"turns":10}],"seed_played":"8280042392845352631","potions_obtained":[{"floor":1,"key":"Dexterity Potion"},{"floor":4,"key":"SpeedPotion"},{"floor":7,"key":"SkillPotion"}],"is_trial":false,"path_per_floor":["M","?","?","M","M","E","M","E"],"character_chosen":"THE_SILENT","items_purchased":[],"campfire_rested":0,"item_purchase_floors":[],"current_hp_per_floor":[70,70,70,70,70,16,16,0,0],"gold":102,"neow_bonus":"TRANSFORM_TWO_CARDS","is_daily":false,"chose_seed":false,"campfire_upgraded":0,"win_rate":0.0,"timestamp":1612589306,"path_taken":["M","?","?","M","M","E","?","E"],"items_purchased_type":[],"build_version":"2020-12-22","purchased_purges":0,"victory":false,"max_hp_per_floor":[70,70,70,70,70,70,70,70,70],"relic_stats":{"counters":[6,35],"obtain_stats":[{"White Beast Statue":6,"Ring of the Snake":0},{"White Beast Statue":4,"Ring of the Snake":0},{"White Beast Statue":20,"Ring of the Snake":0}],"Ring of the Snake":[12]},"card_choices":[{"not_picked":["Poisoned Stab","Crippling Poison"],"picked":"Blur","floor":1},{"not_picked":["Dagger Spray","Prepared","Slice"],"picked":"SKIP","floor":4},{"not_picked":["Poisoned Stab","Accuracy"],"picked":"Expertise","floor":5},{"not_picked":["PiercingWail","Masterful Stab","Acrobatics"],"picked":"SKIP","floor":6},{"not_picked":["Outmaneuver","Slice","Dodge and Roll"],"picked":"SKIP","floor":7}],"player_experience":73994,"relics_obtained":[{"floor":6,"key":"White Beast Statue"}],"event_choices":[{"cards_removed":["Defend_G"],"damage_healed":0,"gold_gain":0,"player_choice":"Forget","damage_taken":0,"max_hp_gain":0,"max_hp_loss":0,"event_name":"Living Wall","floor":2,"gold_loss":0},{"damage_healed":0,"gold_gain":0,"player_choice":"Upgraded","damage_taken":0,"max_hp_gain":0,"max_hp_loss":0,"event_name":"Upgrade Shrine","floor":3,"gold_loss":0,"cards_upgraded":["Bullet Time"]}],"is_beta":false,"boss_relics":[],"items_purged_floors":[],"is_endless":false,"potions_floor_spawned":[1,4,7],"killed_by":"3 Sentries","ascension_level":2}}