{"host":"2lo6hma6kymb0g9i","time":1612632391,"event":{"mods":["BaseMod","Colored Map","DeckTracker","Minty Spire (QoL Compilation)"],"gold_per_floor":[116,116,116,116,142,142,155,198,223,258,291,403,431,461,473,485,485],"floor_reached":16,"language":"JPN","playtime":994,"items_purged":[],"score":270,"play_id":"dde5f2b5-b70b-4a2c-8938-97dcbf69f12a","local_time":"20210207022631","is_ascension_mode":true,"campfire_choices":[{"data":"Neutralize","floor":6.0,"key":"SMITH"},{"data":"Dagger Throw","floor":15.0,"key":"SMITH"}],"circlet_count":0,"master_deck":["AscendersBane","Strike_G","Strike_G","Strike_G","Strike_G","Strike_G","Defend_G","Defend_G","Defend_G","Defend_G","Defend_G","Survivor","Neutralize+1","Blur","Underhanded Strike","Escape Plan","Dagger Throw+1","Underhanded Strike","Terror","Tactician"],"relics":["Ring of the Snake","NeowsBlessing","Golden Idol","Regal Pillow","Bird Faced Urn","Toy Ornithopter","MawBank"],"acts_visited":["Exordium"],"potions_floor_usage":[16],"damage_taken":[{"damage":0.0,"enemies":"Jaw Worm","floor":1.0,"turns":1.0},{"damage":0.0,"enemies":"2 Louse","floor":7.0,"turns":1.0},{"damage":0.0,"enemies":"Gremlin Nob","floor":8.0,"turns":1.0},{"damage":17.0,"enemies":"3 Sentries","floor":10.0,"turns":13.0},{"damage":0.0,"enemies":"Cultist","floor":11.0,"turns":4.0},{"damage":1.0,"enemies":"Looter","floor":13.0,"turns":4.0},{"damage":22.0,"enemies":"Exordium Thugs","floor":14.0,"turns":8.0},{"damage":23,"enemies":"Slime Boss","floor":16,"turns":7}],"seed_played":"5225175658178986547","potions_obtained":[{"floor":1.0,"key":"SteroidPotion"},{"floor":7.0,"key":"LiquidBronze"},{"floor":8.0,"key":"Strength Potion"}],"is_trial":false,"path_per_floor":["M","$","?","?","T","R","M","E","T","E","M","?","M","M","R","B"],"character_chosen":"THE_SILENT","items_purchased":[],"campfire_rested":0,"item_purchase_floors":[],"current_hp_per_floor":[59,59,59,59,59,59,59,59,59,43,43,43,42,20,20,2,2],"gold":485,"neow_bonus":"THREE_ENEMY_KILL","is_daily":false,"chose_seed":false,"campfire_upgraded":2,"win_rate":0.0,"timestamp":1612632391,"path_taken":["M","$","?","?","?","R","M","E","T","E","M","?","M","?","R","BOSS"],"items_purchased_type":[],"build_version":"2020-12-22","purchased_purges":0,"victory":false,"max_hp_per_floor":[66,66,60,60,60,60,60,60,60,60,60,60,60,60,60,60,60],"card_choices":[{"not_picked":["Outmaneuver","Blade Dance"],"picked":"Blur","floor":1.0},{"not_picked":["Blur","Blade Dance"],"picked":"Underhanded Strike","floor":7.0},{"not_picked":["Deflect","Distraction"],"picked":"Escape Plan","floor":8.0},{"not_picked":["Poisoned Stab","Acrobatics"],"picked":"Dagger Throw","floor":10.0},{"not_picked":["Glass Knife","Calculated Gamble"],"picked":"Underhanded Strike","floor":11.0},{"not_picked":["Deadly Poison","Bane"],"picked":"Terror","floor":13.0},{"not_picked":["Dagger Spray","Calculated Gamble"],"picked":"Tactician","floor":14.0}],"player_experience":1136488,"relics_obtained":[{"floor":5.0,"key":"Regal Pillow"},{"floor":8.0,"key":"Bird Faced Urn"},{"floor":9.0,"key":"Toy Ornithopter"},{"floor":10.0,"key":"MawBank"}],"event_choices":[{"damage_healed":0.0,"max_hp_gain":0.0,"max_hp_loss":6.0,"gold_gain":0.0,"event_name":"Golden Idol","player_choice":"Lose Max HP","floor":3.0,"gold_loss":0.0,"damage_taken":0.0,"relics_obtained":["Golden Idol"]},{"damage_healed":0.0,"max_hp_gain":0.0,"max_hp_loss":0.0,"gold_gain":0.0,"event_name":"Liars Game","player_choice":"Ignored","floor":4.0,"gold_loss":0.0,"damage_taken":0.0},{"damage_healed":0.0,"max_hp_gain":0.0,"max_hp_loss":0.0,"gold_gain":100.0,"event_name":"Wheel of Change","player_choice":"Gold","floor":12.0,"gold_loss":0.0,"damage_taken":0.0}],"is_beta":false,"boss_relics":[],"items_purged_floors":[],"is_endless":false,"potions_floor_spawned":[1,7,8],"killed_by":"Slime Boss","ascension_level":20}}