{"host":"oehe2dxjvdgux73m","time":1612624136,"event":{"mods":["AchievementEnabler","BaseMod","Colored Map","Colored Powertips","DeckTracker","Keyboard Shortcuts","Minty Spire (QoL Compilation)","Permanent Neow","Quick Restart","StSLib","SuperFastMode"],"gold_per_floor":[11,28,40,51,51,51,71,71,71],"floor_reached":8,"language":"KOR","playtime":274,"items_purged":[],"score":100,"play_id":"d20c6c26-a392-42dc-8979-27de5f6f4175","local_time":"20210207000856","is_ascension_mode":true,"campfire_choices":[{"data":"Masterful Stab","floor":6,"key":"SMITH"}],"circlet_count":0,"master_deck":["AscendersBane","Strike_G","Strike_G","Strike_G","Strike_G","Strike_G","Defend_G","Defend_G","Defend_G","Defend_G","Defend_G","Survivor","Neutralize","Masterful Stab+1","Backflip","Leg Sweep","Grand Finale"],"relics":["Ring of the Snake","Lizard Tail"],"acts_visited":["Exordium"],"potions_floor_usage":[7,8,8],"damage_taken":[{"damage":0.0,"enemies":"Jaw Worm","floor":1.0,"turns":7.0},{"damage":0.0,"enemies":"Cultist","floor":2.0,"turns":3.0},{"damage":0,"enemies":"2 Louse","floor":3,"turns":2},{"damage":23,"enemies":"Large Slime","floor":4,"turns":11},{"damage":0,"enemies":"Lots of Slimes","floor":7,"turns":6},{"damage":32,"enemies":"Lagavulin","floor":8,"turns":10}],"seed_played":"-2269692125753843022","potions_obtained":[{"floor":4,"key":"Swift Potion"},{"floor":5,"key":"Ancient Potion"},{"floor":7,"key":"Weak Potion"}],"is_trial":false,"path_per_floor":["M","M","M","M","?","R","M","E"],"character_chosen":"THE_SILENT","items_purchased":[],"campfire_rested":0,"item_purchase_floors":[],"current_hp_per_floor":[59,59,59,36,36,36,36,4,4],"gold":71,"neow_bonus":"ONE_RARE_RELIC","is_daily":false,"chose_seed":false,"campfire_upgraded":1,"win_rate":0.0,"timestamp":1612624136,"path_taken":["M","M","M","M","?","R","M","E"],"items_purchased_type":[],"build_version":"2020-12-22","purchased_purges":0,"victory":false,"max_hp_per_floor":[66,66,66,66,66,66,66,66,66],"card_choices":[{"not_picked":["Cloak And Dagger","Slice"],"picked":"Masterful Stab","floor":1.0},{"not_picked":["Deflect","Underhanded Strike","Caltrops"],"picked":"SKIP","floor":2.0},{"not_picked":["Skewer","Underhanded Strike"],"picked":"Backflip","floor":3},{"not_picked":["Quick Slash","Outmaneuver"],"picked":"Leg Sweep","floor":4},{"not_picked":["Setup","Acrobatics"],"picked":"Grand Finale","floor":7}],"player_experience":395173,"relics_obtained":[],"event_choices":[{"damage_healed":0,"gold_gain":0,"player_choice":"Got Potions","damage_taken":0,"max_hp_gain":0,"max_hp_loss":0,"event_name":"Lab","floor":5,"gold_loss":0}],"is_beta":false,"boss_relics":[],"items_purged_floors":[],"is_endless":false,"potions_floor_spawned":[4,7],"killed_by":"Lagavulin","ascension_level":20}}