{"host":"nolo0osttpwefhwj","time":1612646174,"event":{"mods":["AchievementEnabler","BaseMod","Bestiary","Colored Powertips","Minty Spire (QoL Compilation)","Permanent Neow","Quick Restart","Relic Stats"],"gold_per_floor":[110,126,138,63,74,103,103,122,149,149,149,207,231,263,263,338,338,350,350,370,389,417,417,435,435,435],"floor_reached":25,"language":"ENG","playtime":1358,"items_purged":["Injury"],"score":477,"play_id":"e74aee0d-19d1-4858-bc50-a2d2cbb5c392","local_time":"20210206221614","is_ascension_mode":true,"campfire_choices":[{"data":"Inflame","floor":7.0,"key":"SMITH"},{"floor":11.0,"key":"REST"},{"data":"Feed","floor":15.0,"key":"SMITH"},{"floor":23,"key":"REST"}],"circlet_count":0,"master_deck":["AscendersBane","Defend_R","Defend_R","Defend_R","Defend_R","Bash","Clothesline","Anger","Evolve","Inflame+1","Shockwave","Battle Trance","Whirlwind","Anger","Feed+1","Corruption","CurseOfTheBell","Sword Boomerang","Bite","Bite","Bite","Bite","Bite","Ghostly Armor","Sword Boomerang","Anger+1"],"relics":["Burning Blood","Oddly Smooth Stone","MealTicket","Red Skull","Bronze Scales","Odd Mushroom","Ancient Tea Set","Calling Bell","Centennial Puzzle","Du-Vu Doll","Letter Opener","Red Mask"],"acts_visited":["Exordium","TheCity"],"potions_floor_usage":[16,21],"damage_taken":[{"damage":6.0,"enemies":"Cultist","floor":1.0,"turns":3.0},{"damage":5.0,"enemies":"2 Louse","floor":2.0,"turns":3.0},{"damage":9.0,"enemies":"Jaw Worm","floor":3.0,"turns":4.0},{"damage":10.0,"enemies":"2 Fungi Beasts","floor":5.0,"turns":4.0},{"damage":45.0,"enemies":"Gremlin Nob","floor":6.0,"turns":5.0},{"damage":10.0,"enemies":"3 Louse","floor":8.0,"turns":4.0},{"damage":26.0,"enemies":"Gremlin Nob","floor":12.0,"turns":4.0},{"damage":6.0,"enemies":"The Mushroom Lair","floor":13.0,"turns":3.0},{"damage":0.0,"enemies":"Lagavulin","floor":14.0,"turns":4.0},{"damage":16,"enemies":"Slime Boss","floor":16,"turns":5},{"damage":6,"enemies":"3 Byrds","floor":18,"turns":3},{"damage":18,"enemies":"Spheric Guardian","floor":20,"turns":4},{"damage":18,"enemies":"Snake Plant","floor":21,"turns":3},{"damage":52,"enemies":"Masked Bandits","floor":22,"turns":5},{"damage":17,"enemies":"Cultist and Chosen","floor":24,"turns":5},{"damage":46,"enemies":"Book of Stabbing","floor":25,"turns":4}],"seed_played":"-7612448211620450874","potions_obtained":[{"floor":2.0,"key":"SteroidPotion"},{"floor":3.0,"key":"SkillPotion"},{"floor":6.0,"key":"Regen Potion"},{"floor":16,"key":"SpeedPotion"},{"floor":18,"key":"DistilledChaos"}],"is_trial":false,"path_per_floor":["M","M","M","$","M","E","R","M","T","?","R","?","?","E","R","B",null,"M","?","M","M","?","R","M","E"],"character_chosen":"IRONCLAD","items_purchased":[],"campfire_rested":2,"item_purchase_floors":[],"current_hp_per_floor":[82,83,80,80,76,37,37,45,45,34,60,40,40,46,46,36,76,80,65,57,51,13,34,37,0,0],"gold":435,"neow_bonus":"TWENTY_PERCENT_HP_BONUS","is_daily":false,"chose_seed":false,"campfire_upgraded":2,"win_rate":0.0,"timestamp":1612646174,"path_taken":["M","?","M","?","M","E","R","?","T","?","R","?","?","E","R","BOSS","M","?","M","M","?","R","M","E"],"items_purchased_type":[],"build_version":"2020-12-22","purchased_purges":1,"victory":false,"max_hp_per_floor":[89,89,89,89,89,89,89,89,89,89,89,89,89,89,89,89,89,93,65,69,69,73,73,77,77,77],"relic_stats":{"Centennial Puzzle":[18],"counters":[16,63],"Bronze Scales":[141],"MealTicket":0,"Letter Opener":[10],"obtain_stats":[{"Calling Bell":17,"Du-Vu Doll":17,"Centennial Puzzle":17,"Bronze Scales":12,"Oddly Smooth Stone":6,"MealTicket":9,"Red Mask":22,"Letter Opener":17,"Odd Mushroom":13,"Ancient Tea Set":14,"Burning Blood":0,"Red Skull":10},{"Calling Bell":10,"Du-Vu Doll":10,"Centennial Puzzle":10,"Bronze Scales":7,"Oddly Smooth Stone":5,"MealTicket":6,"Red Mask":14,"Letter Opener":10,"Odd Mushroom":8,"Ancient Tea Set":9,"Burning Blood":0,"Red Skull":6},{"Calling Bell":39,"Du-Vu Doll":39,"Centennial Puzzle":39,"Bronze Scales":27,"Oddly Smooth Stone":19,"MealTicket":23,"Red Mask":54,"Letter Opener":39,"Odd Mushroom":30,"Ancient Tea Set":34,"Burning Blood":0,"Red Skull":23}],"Burning Blood":90},"card_choices":[{"not_picked":["Pummel","Warcry"],"picked":"Clothesline","floor":1.0},{"not_picked":["Evolve","Cleave"],"picked":"Anger","floor":2.0},{"not_picked":["Brutality","Rampage"],"picked":"Evolve","floor":3.0},{"not_picked":["Warcry","Wild Strike"],"picked":"Inflame","floor":5.0},{"not_picked":["Thunderclap","Clothesline"],"picked":"Shockwave","floor":6.0},{"not_picked":["Entrench","Headbutt"],"picked":"Battle Trance","floor":8.0},{"not_picked":["Headbutt","True Grit"],"picked":"Whirlwind","floor":12.0},{"not_picked":["Havoc","Sever Soul"],"picked":"Anger","floor":13.0},{"not_picked":["Combust","Clothesline"],"picked":"Feed","floor":14.0},{"not_picked":["Fiend Fire","Demon Form"],"picked":"Corruption","floor":16},{"not_picked":["Heavy Blade","Cleave"],"picked":"Sword Boomerang","floor":18},{"not_picked":["Thunderclap","Cleave"],"picked":"Ghostly Armor","floor":20},{"not_picked":["Burning Pact","Wild Strike"],"picked":"Sword Boomerang","floor":21},{"not_picked":["Flex","Fiend Fire"],"picked":"Anger+1","floor":24}],"player_experience":310586,"relics_obtained":[{"floor":6.0,"key":"Oddly Smooth Stone"},{"floor":9.0,"key":"MealTicket"},{"floor":12.0,"key":"Bronze Scales"},{"floor":13.0,"key":"Odd Mushroom"},{"floor":14.0,"key":"Ancient Tea Set"},{"floor":17,"key":"Centennial Puzzle"},{"floor":17,"key":"Du-Vu Doll"},{"floor":17,"key":"Letter Opener"},{"floor":22,"key":"Red Mask"}],"event_choices":[{"damage_healed":0.0,"max_hp_gain":0.0,"max_hp_loss":0.0,"gold_gain":0.0,"event_name":"Scrap Ooze","player_choice":"Success","floor":10.0,"gold_loss":0.0,"damage_taken":11.0,"relics_obtained":["Red Skull"]},{"damage_healed":0.0,"max_hp_gain":0.0,"max_hp_loss":0.0,"gold_gain":0.0,"event_name":"Dead Adventurer","player_choice":"Searched \u00271\u0027 times","floor":12.0,"gold_loss":0.0,"damage_taken":0.0},{"damage_healed":0.0,"max_hp_gain":0.0,"max_hp_loss":0.0,"gold_gain":0.0,"event_name":"Mushrooms","player_choice":"Fought Mushrooms","floor":13.0,"gold_loss":0.0,"damage_taken":0.0},{"damage_healed":0,"gold_gain":0,"player_choice":"Became a vampire","damage_taken":0,"max_hp_gain":0,"max_hp_loss":28,"event_name":"Vampires","floor":19,"gold_loss":0,"cards_obtained":["Bite","Bite","Bite","Bite","Bite"]},{"damage_healed":0,"gold_gain":0,"player_choice":"Fought Bandits","damage_taken":0,"max_hp_gain":0,"max_hp_loss":0,"event_name":"Masked Bandits","floor":22,"gold_loss":0}],"is_beta":false,"boss_relics":[{"not_picked":["Runic Pyramid","Philosopher\u0027s Stone"],"picked":"Calling Bell"}],"items_purged_floors":[4],"is_endless":false,"potions_floor_spawned":[2,3,6,16,18,20],"killed_by":"Book of Stabbing","ascension_level":18}}