{"host":"qc268ltokmxwqyrx","time":1612648962,"event":{"mods":["BaseMod","Colored Map","Colored Powertips","Minty Spire (QoL Compilation)","Relic Stats","Slay the Relics Exporter","StSLib","ojb\u0027s Info Mod"],"gold_per_floor":[119,131,149,160,174,174,200,200,200,213,232,265,265,281,281,358,358,370,387,41,41,55,55,55],"floor_reached":23,"language":"ENG","playtime":994,"items_purged":["Strike_G"],"score":414,"play_id":"dbfb13ed-d356-4cbb-979d-103792e11af8","local_time":"20210206160242","is_ascension_mode":true,"campfire_choices":[{"data":"Backstab","floor":6.0,"key":"SMITH"},{"data":"Eviscerate","floor":8.0,"key":"SMITH"},{"data":"Blade Dance","floor":13.0,"key":"SMITH"},{"data":"Blade Dance","floor":15.0,"key":"SMITH"}],"circlet_count":0,"master_deck":["AscendersBane","Strike_G+1","Strike_G+1","Strike_G+1","Defend_G+1","Defend_G+1","Defend_G+1","Defend_G+1","Survivor","Neutralize","Backstab+1","Sucker Punch","Flying Knee","PiercingWail","Finisher","Eviscerate+1","Dagger Spray","Blade Dance+1","Blade Dance+1","Wraith Form v2","Dagger Throw","Predator","Footwork"],"relics":["Empty Cage","Boot","Smiling Mask","Potion Belt","Snecko Eye","ClockworkSouvenir"],"acts_visited":["Exordium","TheCity"],"potions_floor_usage":[23,23,23],"damage_taken":[{"damage":3.0,"enemies":"Cultist","floor":1.0,"turns":5.0},{"damage":2.0,"enemies":"Small Slimes","floor":2.0,"turns":3.0},{"damage":1.0,"enemies":"2 Louse","floor":3.0,"turns":3.0},{"damage":4.0,"enemies":"Blue Slaver","floor":4.0,"turns":3.0},{"damage":9.0,"enemies":"Lots of Slimes","floor":5.0,"turns":6.0},{"damage":12.0,"enemies":"3 Sentries","floor":7.0,"turns":12.0},{"damage":0.0,"enemies":"2 Fungi Beasts","floor":10.0,"turns":2.0},{"damage":0.0,"enemies":"Looter","floor":11.0,"turns":2.0},{"damage":6.0,"enemies":"Gremlin Nob","floor":12.0,"turns":3.0},{"damage":0.0,"enemies":"Blue Slaver","floor":14.0,"turns":1.0},{"damage":20.0,"enemies":"Hexaghost","floor":16.0,"turns":9.0},{"damage":20.0,"enemies":"Chosen","floor":18.0,"turns":4.0},{"damage":1.0,"enemies":"3 Byrds","floor":19.0,"turns":4.0},{"damage":0.0,"enemies":"Sentry and Sphere","floor":22.0,"turns":2.0},{"damage":32,"enemies":"Book of Stabbing","floor":23,"turns":6}],"seed_played":"-7043958646278047833","potions_obtained":[{"floor":4.0,"key":"Dexterity Potion"},{"floor":5.0,"key":"GamblersBrew"},{"floor":7.0,"key":"SkillPotion"},{"floor":10.0,"key":"AttackPotion"},{"floor":14.0,"key":"FearPotion"},{"floor":19.0,"key":"Weak Potion"},{"floor":22.0,"key":"SpeedPotion"}],"is_trial":false,"path_per_floor":["M","M","M","M","M","R","E","R","T","M","M","E","R","M","R","B",null,"M","M","$","?","M","E"],"character_chosen":"THE_SILENT","items_purchased":["Predator","ClockworkSouvenir","Block Potion"],"campfire_rested":0,"item_purchase_floors":[20,20,20],"current_hp_per_floor":[56,54,53,49,40,40,28,28,28,28,28,22,22,22,22,2,50,30,29,29,29,29,0,0],"gold":55,"neow_bonus":"BOSS_RELIC","is_daily":false,"chose_seed":false,"campfire_upgraded":4,"win_rate":0.0,"timestamp":1612648962,"path_taken":["M","M","?","M","M","R","E","R","T","?","M","E","R","M","R","BOSS","M","?","$","?","M","E"],"items_purchased_type":["Card","Relic","Potion"],"build_version":"2020-12-22","purchased_purges":1,"victory":false,"max_hp_per_floor":[66,66,66,66,66,66,66,66,66,66,66,66,66,66,66,66,66,66,66,66,66,66,66,66],"relic_stats":{"counters":[15,65],"Snecko Eye":[20,32,21,31],"Boot":[81],"Smiling Mask":25,"obtain_stats":[{"Potion Belt":12,"Snecko Eye":17,"Empty Cage":0,"Boot":7,"Smiling Mask":9,"Ring of the Snake":0,"ClockworkSouvenir":20},{"Potion Belt":9,"Snecko Eye":11,"Empty Cage":0,"Boot":6,"Smiling Mask":6,"Ring of the Snake":0,"ClockworkSouvenir":13},{"Potion Belt":39,"Snecko Eye":49,"Empty Cage":0,"Boot":32,"Smiling Mask":32,"Ring of the Snake":0,"ClockworkSouvenir":57}]},"card_choices":[{"not_picked":["Quick Slash","Backflip"],"picked":"Backstab","floor":1.0},{"not_picked":["Escape Plan","Backflip"],"picked":"Sucker Punch","floor":2.0},{"not_picked":["Calculated Gamble","Deflect"],"picked":"Flying Knee","floor":3.0},{"not_picked":["Calculated Gamble","Flying Knee"],"picked":"PiercingWail","floor":4.0},{"not_picked":["Deflect","Sucker Punch"],"picked":"Finisher","floor":5.0},{"not_picked":["Crippling Poison","Night Terror"],"picked":"Eviscerate","floor":7.0},{"not_picked":["Reflex","Concentrate"],"picked":"Dagger Spray","floor":10.0},{"not_picked":["PiercingWail","Backstab"],"picked":"Blade Dance","floor":11.0},{"not_picked":["Caltrops","Accuracy"],"picked":"Blade Dance","floor":12.0},{"not_picked":["Noxious Fumes","Crippling Poison","Dagger Spray"],"picked":"SKIP","floor":14.0},{"not_picked":["Noxious Fumes","Crippling Poison","Dagger Spray"],"picked":"SKIP","floor":14.0},{"not_picked":["Night Terror","Tools of the Trade"],"picked":"Wraith Form v2","floor":16.0},{"not_picked":["Poisoned Stab","Escape Plan","Quick Slash"],"picked":"SKIP","floor":18.0},{"not_picked":["Cloak And Dagger","Dagger Throw","Bane"],"picked":"SKIP","floor":19.0},{"not_picked":["Cloak And Dagger","Bane"],"picked":"Dagger Throw","floor":19.0},{"not_picked":["Dagger Throw","Backstab"],"picked":"Footwork","floor":22.0}],"player_experience":1806544,"relics_obtained":[{"floor":7.0,"key":"Boot"},{"floor":9.0,"key":"Smiling Mask"},{"floor":12.0,"key":"Potion Belt"}],"event_choices":[{"damage_healed":0.0,"max_hp_gain":0.0,"max_hp_loss":0.0,"gold_gain":0.0,"event_name":"Back to Basics","player_choice":"Simplicity","floor":21.0,"gold_loss":0.0,"damage_taken":0.0,"cards_upgraded":["Strike_G","Strike_G","Strike_G","Defend_G","Defend_G","Defend_G","Defend_G"]}],"is_beta":false,"boss_relics":[{"not_picked":["Coffee Dripper","Velvet Choker"],"picked":"Snecko Eye"}],"items_purged_floors":[20],"is_endless":false,"potions_floor_spawned":[4,5,7,10,14,19,22],"killed_by":"Book of Stabbing","ascension_level":20}}