{"host":"yx8wv8d7ru77s2k1","time":1612626612,"event":{"mods":["BaseMod","Colored Map","Downfall","Hermit","Infinite Spire","Jorbs\u0027s Wanderer Trilogy","Marisa????????","Minty Spire (QoL Compilation)","Relic Sorter","Reliquary","Spikes Relics","StSLib","The Bug Knight","The Disciple","The Hierophant","The Necromancer","The Servant 0.9.4"],"gold_per_floor":[119,138,59,77,152,152,152,167,167,167,167,167,167,167,167,167,167],"floor_reached":16,"language":"ENG","playtime":352,"items_purged":[],"score":88,"play_id":"afe26dc6-24bb-4f97-b7b5-64806a5e88aa","local_time":"20210206165012","is_ascension_mode":false,"campfire_choices":[{"data":"Flame Barrier","floor":6,"key":"SMITH"},{"data":"Shockwave","floor":10,"key":"SMITH"},{"data":"Bloodletting","floor":15,"key":"SMITH"}],"circlet_count":0,"master_deck":["Strike_R","Strike_R","Strike_R","Strike_R","Strike_R","Defend_R","Defend_R","Defend_R","Bash","Shockwave+1","Bloodletting+1","Flame Barrier+1"],"relics":["Burning Blood","Tiny Chest","reliquary:BoilingFlask","Frozen Egg 2"],"acts_visited":["Exordium"],"potions_floor_usage":[],"damage_taken":[{"damage":7,"enemies":"2 Louse","floor":1,"turns":3},{"damage":14,"enemies":"Small Slimes","floor":2,"turns":6},{"damage":1,"enemies":"Cultist","floor":4,"turns":4},{"damage":13,"enemies":"3 Louse","floor":8,"turns":5},{"damage":69,"enemies":"The Guardian","floor":16,"turns":15}],"seed_played":"9165723123920785697","potions_obtained":[],"is_trial":true,"path_per_floor":["M","M","$","M","?","R","?","M","T","R","?","?","?","T","R","B"],"character_chosen":"IRONCLAD","items_purchased":["Bloodletting"],"campfire_rested":0,"item_purchase_floors":[3],"current_hp_per_floor":[79,71,71,76,65,65,65,58,58,58,58,51,51,51,51,0,0],"gold":167,"neow_bonus":"","is_daily":false,"chose_seed":false,"campfire_upgraded":3,"win_rate":0.0,"timestamp":1612626612,"path_taken":["M","M","$","M","?","R","?","M","T","R","?","?","?","?","R","BOSS"],"items_purchased_type":["Card"],"build_version":"2020-12-22","purchased_purges":0,"victory":false,"max_hp_per_floor":[80,80,80,80,80,80,80,80,80,80,80,80,80,80,80,80,80],"card_choices":[{"not_picked":["Anger","Shrug It Off","Iron Wave"],"picked":"SKIP","floor":1},{"not_picked":["Warcry","Clash"],"picked":"Shockwave","floor":2},{"not_picked":["Body Slam","True Grit"],"picked":"Flame Barrier","floor":4},{"not_picked":["Havoc","Whirlwind","Perfected Strike"],"picked":"SKIP","floor":8}],"player_experience":179731,"relics_obtained":[{"floor":9,"key":"Tiny Chest"},{"floor":14,"key":"Frozen Egg 2"}],"event_choices":[{"damage_healed":0,"gold_gain":75,"player_choice":"Gather Gold","damage_taken":11,"max_hp_gain":0,"max_hp_loss":0,"event_name":"World of Goop","floor":5,"gold_loss":0},{"damage_healed":0,"gold_gain":0,"player_choice":"Success","damage_taken":7,"relics_obtained":["reliquary:BoilingFlask"],"max_hp_gain":0,"max_hp_loss":0,"event_name":"Scrap Ooze","floor":12,"gold_loss":0},{"damage_healed":0,"gold_gain":0,"player_choice":"0 cards matched","damage_taken":0,"max_hp_gain":0,"max_hp_loss":0,"event_name":"Match and Keep!","floor":13,"gold_loss":0,"cards_obtained":[]}],"is_beta":false,"boss_relics":[],"items_purged_floors":[],"is_endless":false,"potions_floor_spawned":[8],"killed_by":"The Guardian","ascension_level":0}}