{"host":"8is2j71l4wmybkoi","time":1612594612,"event":{"mods":["AchievementEnabler","BaseMod","Colored Map","Minty Spire (QoL Compilation)","Rare Cards Sparkle","StSLib","SuperFastMode"],"gold_per_floor":[109,126,126,126,144,176,176,201,201,201,58,76,92,106,106,179,179,190,203,218,218,218,218,251,26,26,38,38,38],"floor_reached":28,"language":"KOR","playtime":1083,"items_purged":["Strike_R","Strike_R"],"score":438,"play_id":"f8b04561-de02-451c-92fc-887696aa0223","local_time":"20210206155652","is_ascension_mode":true,"campfire_choices":[{"data":"Combust","floor":7.0,"key":"SMITH"},{"data":"Feel No Pain","floor":10.0,"key":"SMITH"},{"floor":15.0,"key":"REST"},{"floor":23.0,"key":"REST"}],"circlet_count":0,"master_deck":["AscendersBane","Defend_R","Defend_R","Defend_R","Defend_R","Bash+1","Reckless Charge","Feel No Pain+1","Pummel","Combust+1","Power Through","Headbutt","Dropkick","Blood for Blood","Reaper","Bloodletting","Clothesline+1","RitualDagger","Feel No Pain+1","Dark Embrace","Second Wind"],"relics":["Burning Blood","Ancient Tea Set","Mercury Hourglass","Bronze Scales","Empty Cage","Nunchaku"],"acts_visited":["Exordium","TheCity"],"potions_floor_usage":[28],"damage_taken":[{"damage":3.0,"enemies":"2 Louse","floor":1.0,"turns":3.0},{"damage":13.0,"enemies":"Jaw Worm","floor":2.0,"turns":4.0},{"damage":3.0,"enemies":"Cultist","floor":5.0,"turns":3.0},{"damage":49.0,"enemies":"Lagavulin","floor":6.0,"turns":9.0},{"damage":24.0,"enemies":"3 Sentries","floor":8.0,"turns":6.0},{"damage":7.0,"enemies":"Gremlin Gang","floor":12.0,"turns":2.0},{"damage":10.0,"enemies":"Large Slime","floor":13.0,"turns":3.0},{"damage":14.0,"enemies":"3 Louse","floor":14.0,"turns":2.0},{"damage":23.0,"enemies":"Slime Boss","floor":16.0,"turns":8.0},{"damage":33.0,"enemies":"2 Thieves","floor":18.0,"turns":4.0},{"damage":3.0,"enemies":"Chosen","floor":19.0,"turns":3.0},{"damage":25.0,"enemies":"Shelled Parasite and Fungi","floor":20.0,"turns":4.0},{"damage":34.0,"enemies":"Book of Stabbing","floor":24.0,"turns":5.0},{"damage":13,"enemies":"Chosen and Byrds","floor":27,"turns":4},{"damage":12,"enemies":"Snake Plant","floor":28,"turns":2}],"seed_played":"-908237655042687441","potions_obtained":[{"floor":5.0,"key":"BloodPotion"},{"floor":6.0,"key":"LiquidMemories"},{"floor":12.0,"key":"PowerPotion"},{"floor":13.0,"key":"ColorlessPotion"},{"floor":18.0,"key":"Weak Potion"},{"floor":20.0,"key":"Energy Potion"}],"is_trial":false,"path_per_floor":["M","M","?","?","M","E","R","E","T","R","$","M","M","M","R","B",null,"M","M","M","?","?","R","E","$","T","M","M"],"character_chosen":"IRONCLAD","items_purchased":["Power Through","Dark Embrace","BlessingOfTheForge"],"campfire_rested":2,"item_purchase_floors":[11,25,25],"current_hp_per_floor":[71,64,69,69,72,29,29,27,27,27,27,26,22,14,38,21,65,38,41,22,16,16,40,16,16,16,15,3,3],"gold":38,"neow_bonus":"UPGRADE_CARD","is_daily":false,"chose_seed":false,"campfire_upgraded":2,"win_rate":0.0,"timestamp":1612594612,"path_taken":["M","M","?","?","M","E","R","E","T","R","$","?","M","M","R","BOSS","M","?","M","?","?","R","E","$","T","M","M"],"items_purchased_type":["Card","Card","Potion"],"build_version":"2020-12-22","purchased_purges":2,"victory":false,"max_hp_per_floor":[75,75,80,80,80,80,80,80,80,80,80,80,80,80,80,80,80,80,80,80,80,80,80,80,80,80,80,80,80],"card_choices":[{"not_picked":["Heavy Blade","Thunderclap"],"picked":"Reckless Charge","floor":1.0},{"not_picked":["Twin Strike","Entrench"],"picked":"Feel No Pain","floor":2.0},{"not_picked":["Iron Wave","Armaments"],"picked":"Pummel","floor":5.0},{"not_picked":["Rage","Burning Pact"],"picked":"Combust","floor":6.0},{"not_picked":["Perfected Strike","Rage","Thunderclap"],"picked":"SKIP","floor":8.0},{"not_picked":["Burning Pact","Pommel Strike"],"picked":"Headbutt","floor":12.0},{"not_picked":["Battle Trance","Feel No Pain"],"picked":"Dropkick","floor":13.0},{"not_picked":["Berserk","Cleave"],"picked":"Blood for Blood","floor":14.0},{"not_picked":["Brutality","Juggernaut"],"picked":"Reaper","floor":16.0},{"not_picked":["True Grit","Wild Strike"],"picked":"Bloodletting","floor":18.0},{"not_picked":["Havoc","Pommel Strike+1"],"picked":"Clothesline+1","floor":19.0},{"not_picked":["Armaments","Cleave","Rampage"],"picked":"SKIP","floor":20.0},{"not_picked":["Juggernaut","Rage","Headbutt"],"picked":"SKIP","floor":24.0},{"not_picked":["Armaments","Pummel"],"picked":"Second Wind","floor":27}],"player_experience":1007163,"relics_obtained":[{"floor":6.0,"key":"Ancient Tea Set"},{"floor":8.0,"key":"Mercury Hourglass"},{"floor":9.0,"key":"Bronze Scales"},{"floor":24.0,"key":"Nunchaku"}],"event_choices":[{"damage_healed":0.0,"max_hp_gain":5.0,"max_hp_loss":0.0,"gold_gain":0.0,"event_name":"Big Fish","player_choice":"Donut","floor":3.0,"gold_loss":0.0,"damage_taken":0.0},{"cards_removed":["Strike_R"],"damage_healed":0.0,"max_hp_gain":0.0,"max_hp_loss":0.0,"gold_gain":0.0,"event_name":"Wheel of Change","player_choice":"Card Removal","floor":4.0,"gold_loss":0.0,"damage_taken":0.0},{"damage_healed":0.0,"max_hp_gain":0.0,"max_hp_loss":0.0,"gold_gain":0.0,"event_name":"Nest","player_choice":"Joined the Cult","floor":21.0,"gold_loss":0.0,"damage_taken":6.0,"cards_obtained":["RitualDagger"]},{"damage_healed":0.0,"max_hp_gain":0.0,"max_hp_loss":0.0,"gold_gain":0.0,"event_name":"Duplicator","player_choice":"Copied","floor":22.0,"gold_loss":0.0,"damage_taken":0.0,"cards_obtained":["Feel No Pain"]}],"is_beta":false,"boss_relics":[{"not_picked":["Runic Dome","Busted Crown"],"picked":"Empty Cage"}],"items_purged_floors":[11,25],"is_endless":false,"potions_floor_spawned":[5,6,12,13,18,20],"killed_by":"Snake Plant","ascension_level":15}}