{"host":"q9sqrn60n8lvmavn","time":1612572181,"event":{"mods":["AchievementEnabler","AlwaysNeverKeys","BaseMod","Better Third Choice","Better Vampires","Better-Laid Plans","Block Reminder","Colored Powertips","Curses Come First","DNKmod","Emptier Cage","Friendly Minions","Minty Spire (QoL Compilation)","Permanent Neow","Relic Filter Mod","Shop Mod","StSLib","Weighted Paths"],"gold_per_floor":[1018,1033,1043,558,546,580,580,611,638,668,709,738,750,780,792,905,917,949,977,905,928,941,973,984,1011,1036,1069,1069,1069,1088,768,768,867,867,885,885,896,667,677,677,677,707,732,764,783,802,802,830,830,830,830,830,667,700,700],"floor_reached":56,"language":"ENG","playtime":2255,"items_purged":["Defend_G","Strike_G","Defend_G","Defend_G","Defend_G"],"score":2350,"play_id":"05cef338-5c2a-4b79-a2a2-95ddc44b3576","local_time":"20210205164301","is_ascension_mode":true,"campfire_choices":[{"data":"Footwork","floor":7,"key":"SMITH"},{"data":"Survivor","floor":15,"key":"SMITH"},{"data":"Footwork","floor":29,"key":"SMITH"},{"data":"Strike_G","floor":32,"key":"SMITH"},{"data":"Strike_G","floor":40,"key":"SMITH"},{"floor":47,"key":"REST"},{"floor":49,"key":"REST"},{"floor":52,"key":"REST"}],"circlet_count":0,"master_deck":["AscendersBane","Strike_G","Strike_G","Strike_G+1","Strike_G+1","Defend_G","Survivor+1","Neutralize+1","Cloak And Dagger+1","Cloak And Dagger+1","Footwork+1","Tactician+1","Terror+1","Tactician+1","Swift Strike+1","Neutralize+1","Acrobatics+1","Footwork+1","Backflip+1","Terror+1","Blur+1","Prepared+1","Cloak And Dagger+1","Finisher+1","Acrobatics+1","Backflip+1","Adrenaline+1"],"relics":["Ring of the Snake","HornCleat","Toxic Egg 2","Molten Egg 2","MerchantsRug","Membership Card","Pen Nib","Art of War","Incense Burner","Tiny Chest","MawBank","Odd Mushroom","WristBlade","Bag of Preparation","InkBottle","Sundial","Centennial Puzzle","Mercury Hourglass","MutagenicStrength","Ninja Scroll","Oddly Smooth Stone","Strange Spoon","Runic Dome","Unceasing Top","Mummified Hand","Vajra","Dream Catcher","Nunchaku","Question Card","Strawberry","Bottled Lightning"],"acts_visited":["Exordium","TheCity","TheBeyond","TheEnding"],"potions_floor_usage":[16,16,25,25,33,44,55,55],"damage_taken":[{"damage":2,"enemies":"Cultist","floor":1,"turns":4},{"damage":0,"enemies":"Small Slimes","floor":2,"turns":3},{"damage":0,"enemies":"Jaw Worm","floor":3,"turns":2},{"damage":12,"enemies":"Exordium Thugs","floor":5,"turns":4},{"damage":5,"enemies":"3 Sentries","floor":6,"turns":11},{"damage":2,"enemies":"Gremlin Nob","floor":8,"turns":4},{"damage":0,"enemies":"Lagavulin","floor":10,"turns":6},{"damage":3,"enemies":"The Mushroom Lair","floor":11,"turns":5},{"damage":0,"enemies":"Looter","floor":12,"turns":2},{"damage":1,"enemies":"2 Fungi Beasts","floor":14,"turns":3},{"damage":13,"enemies":"Slime Boss","floor":16,"turns":7},{"damage":0,"enemies":"Chosen","floor":18,"turns":3},{"damage":0,"enemies":"Spheric Guardian","floor":19,"turns":3},{"damage":0,"enemies":"Centurion and Healer","floor":22,"turns":3},{"damage":11,"enemies":"Slavers","floor":23,"turns":5},{"damage":0,"enemies":"Sentry and Sphere","floor":24,"turns":2},{"damage":22,"enemies":"Gremlin Leader","floor":25,"turns":3},{"damage":0,"enemies":"Book of Stabbing","floor":27,"turns":3},{"damage":0,"enemies":"3 Cultists","floor":30,"turns":3},{"damage":0,"enemies":"Automaton","floor":33,"turns":6},{"damage":0,"enemies":"3 Shapes","floor":35,"turns":2},{"damage":0,"enemies":"Orb Walker","floor":37,"turns":1},{"damage":0,"enemies":"Spire Growth","floor":39,"turns":1},{"damage":0,"enemies":"Nemesis","floor":42,"turns":1},{"damage":0,"enemies":"Giant Head","floor":44,"turns":1},{"damage":0,"enemies":"Transient","floor":45,"turns":5},{"damage":0,"enemies":"Sphere and 2 Shapes","floor":46,"turns":1},{"damage":50,"enemies":"Reptomancer","floor":48,"turns":3},{"damage":0,"enemies":"Donu and Deca","floor":50,"turns":4},{"damage":0,"enemies":"Shield and Spear","floor":54,"turns":2},{"damage":3,"enemies":"The Heart","floor":55,"turns":5}],"seed_played":"7166906087081374331","potions_obtained":[{"floor":3,"key":"CunningPotion"},{"floor":10,"key":"GamblersBrew"},{"floor":12,"key":"Regen Potion"},{"floor":16,"key":"Regen Potion"},{"floor":18,"key":"SteroidPotion"},{"floor":27,"key":"SkillPotion"},{"floor":33,"key":"Fruit Juice"},{"floor":39,"key":"Regen Potion"},{"floor":42,"key":"DistilledChaos"},{"floor":46,"key":"CultistPotion"}],"is_trial":false,"path_per_floor":["M","M","M","$","M","E","R","E","T","E","?","M","?","M","R","B",null,"M","M","$","T","M","E","M","E","T","E","?","R","M","$","R","B",null,"M","?","M","$","M","R","T","E","T","E","M","M","R","E","R","B",null,"R","$","E","B",null],"character_chosen":"THE_SILENT","items_purchased":["MerchantsRug","Membership Card","Footwork","Tactician+1","Pen Nib","Footwork","Ninja Scroll","Oddly Smooth Stone","Strange Spoon","Unceasing Top","Strawberry"],"campfire_rested":3,"item_purchase_floors":[4,4,4,4,4,20,31,31,31,38,53],"current_hp_per_floor":[98,98,98,98,86,81,81,79,79,79,76,76,76,75,75,77,94,94,94,94,94,94,83,83,70,70,70,70,70,70,70,70,75,98,98,98,98,98,98,98,98,98,98,98,98,98,105,55,86,86,100,105,112,112,112],"gold":700,"neow_bonus":"UPGRADE_CARD","is_daily":false,"chose_seed":false,"campfire_upgraded":5,"win_rate":0.0,"timestamp":1612572181,"path_taken":["M","?","M","$","M","E","R","E","T","E","?","M","?","M","R","BOSS","M","?","$","?","?","E","M","E","T","E","?","R","M","$","R","BOSS","M","?","M","$","M","R","?","E","T","E","?","M","R","E","R","BOSS","R","$","E","BOSS"],"items_purchased_type":["Relic","Relic","Card","Card","Relic","Card","Relic","Relic","Relic","Relic","Relic"],"build_version":"2020-12-22","purchased_purges":5,"victory":true,"max_hp_per_floor":[100,100,100,100,100,100,100,100,100,100,100,100,100,100,100,100,100,100,100,100,100,100,100,100,100,100,100,100,100,100,100,100,105,105,105,105,105,105,105,105,105,105,105,105,105,105,105,105,105,105,105,105,112,112,112],"card_choices":[{"not_picked":["PiercingWail+1","Outmaneuver+1"],"picked":"Cloak And Dagger+1","floor":1},{"not_picked":["Bane+1","Deadly Poison+1"],"picked":"Cloak And Dagger+1","floor":2},{"not_picked":["Flying Knee+1","Dagger Throw+1","Expertise+1"],"picked":"SKIP","floor":3},{"not_picked":["Concentrate+1","Bane+1","Deflect+1"],"picked":"SKIP","floor":5},{"not_picked":["Leg Sweep+1","Distraction+1"],"picked":"Terror+1","floor":6},{"not_picked":["Slice+1","Catalyst+1"],"picked":"Tactician+1","floor":8},{"not_picked":["PiercingWail+1","Glass Knife+1","Dodge and Roll+1"],"picked":"SKIP","floor":10},{"not_picked":["Bane+1","Outmaneuver+1"],"picked":"Acrobatics+1","floor":11},{"not_picked":["Deflect+1","Quick Slash+1","Acrobatics+1"],"picked":"SKIP","floor":12},{"not_picked":["Flying Knee+1","Crippling Poison+1","Deadly Poison+1"],"picked":"SKIP","floor":14},{"not_picked":["Setup+1","Dagger Spray+1"],"picked":"Acrobatics+1","floor":18},{"not_picked":["Dagger Throw+1","Underhanded Strike+1","Calculated Gamble+1"],"picked":"SKIP","floor":19},{"not_picked":["Poisoned Stab+1","Underhanded Strike+1","Slice+1"],"picked":"SKIP","floor":22},{"not_picked":["Dash+1","Acrobatics+1"],"picked":"Backflip+1","floor":23},{"not_picked":["Underhanded Strike+1","Dash+1","Predator+1"],"picked":"SKIP","floor":24},{"not_picked":["Bane+1","Eviscerate+1"],"picked":"Terror+1","floor":25},{"not_picked":["Prepared+1","Bouncing Flask+1"],"picked":"Blur+1","floor":27},{"not_picked":["Skewer+1","Acrobatics+1"],"picked":"Prepared+1","floor":30},{"not_picked":["Acrobatics+1","Dagger Spray+1"],"picked":"Cloak And Dagger+1","floor":35},{"not_picked":["Flying Knee+1","Caltrops+1","Underhanded Strike+1"],"picked":"SKIP","floor":37},{"not_picked":["Flying Knee+1","Slice+1"],"picked":"Finisher+1","floor":39},{"not_picked":["Caltrops+1","Sucker Punch+1","Finisher+1"],"picked":"SKIP","floor":42},{"not_picked":["Predator+1","Deadly Poison+1","Outmaneuver+1"],"picked":"SKIP","floor":44},{"not_picked":["Finisher+1","Outmaneuver+1","Dagger Throw+1"],"picked":"SKIP","floor":45},{"not_picked":["Eviscerate+1","Setup+1","Envenom"],"picked":"SKIP","floor":46},{"not_picked":["Deflect+1","Setup+1"],"picked":"Acrobatics+1","floor":47},{"not_picked":["Deadly Poison+1","Poisoned Stab+1","Flying Knee+1"],"picked":"SKIP","floor":48},{"not_picked":["Acrobatics+1","Quick Slash+1","Deadly Poison+1"],"picked":"Backflip+1","floor":49},{"not_picked":["Underhanded Strike+1","Masterful Stab+1","Storm of Steel+1"],"picked":"Adrenaline+1","floor":54}],"player_experience":236893,"relics_obtained":[{"floor":6,"key":"Art of War"},{"floor":8,"key":"Incense Burner"},{"floor":9,"key":"Tiny Chest"},{"floor":10,"key":"MawBank"},{"floor":11,"key":"Odd Mushroom"},{"floor":21,"key":"Bag of Preparation"},{"floor":23,"key":"InkBottle"},{"floor":25,"key":"Sundial"},{"floor":26,"key":"Centennial Puzzle"},{"floor":27,"key":"Mercury Hourglass"},{"floor":41,"key":"Mummified Hand"},{"floor":42,"key":"Vajra"},{"floor":43,"key":"Dream Catcher"},{"floor":44,"key":"Nunchaku"},{"floor":48,"key":"Question Card"},{"floor":54,"key":"Bottled Lightning"}],"event_choices":[{"damage_healed":0,"gold_gain":0,"player_choice":"Fought Mushrooms","damage_taken":0,"max_hp_gain":0,"max_hp_loss":0,"event_name":"Mushrooms","floor":11,"gold_loss":0},{"damage_healed":0,"gold_gain":0,"player_choice":"2 cards matched","damage_taken":0,"max_hp_gain":0,"max_hp_loss":0,"event_name":"Match and Keep!","floor":13,"gold_loss":0,"cards_obtained":["Swift Strike","Neutralize"]},{"damage_healed":0,"gold_gain":0,"player_choice":"Inject Mutagens","damage_taken":0,"relics_obtained":["MutagenicStrength"],"max_hp_gain":0,"max_hp_loss":0,"event_name":"Drug Dealer","floor":28,"gold_loss":0},{"cards_removed":["Acrobatics"],"damage_healed":0,"gold_gain":0,"player_choice":"Removed Skill","damage_taken":0,"max_hp_gain":0,"max_hp_loss":0,"event_name":"Falling","floor":36,"gold_loss":0}],"is_beta":false,"boss_relics":[{"not_picked":["Fusion Hammer","Coffee Dripper"],"picked":"WristBlade"},{"not_picked":["Cursed Key","Runic Pyramid"],"picked":"Runic Dome"}],"items_purged_floors":[4,20,31,38,53],"is_endless":false,"potions_floor_spawned":[3,10,11,12,14,16,18,19,27,33,39,42,46,48],"ascension_level":11}}