{"host":"KYO","time":1612617206,"event":{"mods":["ATMod(°¢èªMod)","BaseMod","Better Vampires","Minty Spire (QoL Compilation)","Permanent Neow","Replay The Spire","Shop Mod","StSLib","SuperFastMode","TestMod","[IsaacMod]ÒÔÈö¼âËþ","¡¾ÒÅÎï¿¨ÅÆ¡¿REMEMod"],"gold_per_floor":[173,173,153,153,196,235,235,263,290,342,453,505,532,559,559,716,716,748,748,768,794,824,895,895,933,933,446,846,257,257,278,278,374,374,387,720,307,324,324,324,364,364,386,417,423,435,35,64,64,64,64,64,64,0,27,27],"floor_reached":57,"language":"ZHS","playtime":1608,"items_purged":["Strike_R+1","Strike_R+1","Defend_R+1","Strike_R+1","Strike_R+1"],"score":3092,"play_id":"e3f98f19-0080-4ab9-afa5-a998c7211111","local_time":"20210206211326","is_ascension_mode":true,"campfire_choices":[{"data":"Heavy Blade","floor":7.0,"key":"SMITH"},{"data":"Inflame","floor":15.0,"key":"SMITH"},{"data":"Double Tap","floor":24.0,"key":"SMITH"},{"data":"Bash","floor":30.0,"key":"SMITH"},{"data":"Defend_R+1","floor":32.0,"key":"SMITH"},{"data":"Finesse","floor":40.0,"key":"SMITH"},{"floor":42.0,"key":"RECALL"},{"data":"Shrug It Off","floor":49.0,"key":"SMITH"},{"data":"Defend_R+1","floor":53.0,"key":"SMITH"}],"circlet_count":0,"master_deck":["AscendersBane","Defend_R+1","Defend_R+1","Defend_R+1","Bash+1","Heavy Blade+1","Inflame+1","Evolve+1","Double Tap+1","Finesse+1","Shrug It Off+1","AT_ShrugMaster"],"relics":["Burning Blood","HushsDoor","REME_ComplimentaryCards","testmod-TestBox","testmod-PortableAltar","Simple Rune","PunchingBag","testmod-StringDisintegrator","Ancient Tea Set","testmod-ObsoleteBoomerang","MerchantsRug","testmod-IndustrialRevolution","Coffee Dripper","testmod-Charity","AT_EbonyIvory","Bag of Preparation","Pondfish Scales","PreservedInsect","testmod-ArcanaOfDestiny","MaYiHuaBei","Thread and Needle","Bird Faced Urn"],"acts_visited":["Exordium","TheCity","TheBeyond","TheEnding"],"potions_floor_usage":[56,56],"damage_taken":[{"damage":13.0,"enemies":"Small Slimes","floor":1.0,"turns":5.0},{"damage":8.0,"enemies":"Jaw Worm","floor":5.0,"turns":4.0},{"damage":0.0,"enemies":"3 Sentries","floor":6.0,"turns":1.0},{"damage":2.0,"enemies":"2 Louse","floor":8.0,"turns":3.0},{"damage":7.0,"enemies":"Gremlin Nob","floor":10.0,"turns":3.0},{"damage":10.0,"enemies":"3 Sentries","floor":12.0,"turns":4.0},{"damage":5.0,"enemies":"Exordium Thugs","floor":13.0,"turns":3.0},{"damage":10.0,"enemies":"Looter","floor":14.0,"turns":3.0},{"damage":20.0,"enemies":"Hexaghost","floor":16.0,"turns":9.0},{"damage":10.0,"enemies":"Shell Parasite","floor":18.0,"turns":2.0},{"damage":0.0,"enemies":"2 Thieves","floor":20.0,"turns":2.0},{"damage":2.0,"enemies":"Shelled Parasite and Fungi","floor":21.0,"turns":3.0},{"damage":3.0,"enemies":"Centurion and Healer","floor":22.0,"turns":4.0},{"damage":32.0,"enemies":"Slavers","floor":23.0,"turns":5.0},{"damage":0.0,"enemies":"Book of Stabbing","floor":25.0,"turns":2.0},{"damage":0.0,"enemies":"Snake Plant","floor":31.0,"turns":2.0},{"damage":1.0,"enemies":"Champ","floor":33.0,"turns":7.0},{"damage":0.0,"enemies":"Orb Walker","floor":35.0,"turns":2.0},{"damage":0.0,"enemies":"3 Shapes","floor":38.0,"turns":3.0},{"damage":15.0,"enemies":"Reptomancer","floor":41.0,"turns":4.0},{"damage":0.0,"enemies":"R_Hoarder","floor":44.0,"turns":2.0},{"damage":0.0,"enemies":"Maw","floor":46.0,"turns":2.0},{"damage":0.0,"enemies":"Nemesis","floor":48.0,"turns":1.0},{"damage":0.0,"enemies":"Replay:Hell Engine","floor":50.0,"turns":4.0},{"damage":0.0,"enemies":"Awakened One","floor":51.0,"turns":6.0},{"damage":0.0,"enemies":"Shield and Spear","floor":55.0,"turns":2.0},{"damage":0,"enemies":"The Heart","floor":56,"turns":5}],"seed_played":"-2258865184005192730","potions_obtained":[{"floor":1.0,"key":"Weak Potion"},{"floor":3.0,"key":"DuplicationPotion"},{"floor":10.0,"key":"Elixir"},{"floor":13.0,"key":"Elixir"},{"floor":14.0,"key":"ElixirPotion"},{"floor":23.0,"key":"Swift Potion"},{"floor":33.0,"key":"CultistPotion"},{"floor":35.0,"key":"Weak Potion"},{"floor":41.0,"key":"Elixir"}],"is_trial":false,"path_per_floor":["M","?","?","?","M","E","R","M","T","E","?","E","M","M","R","B",null,"M","?","M","M","M","E","R","E","T","$","?","$","R","M","R","B",null,"M","?","$","M","?","R","E","R","T","E","?","M","$","E","R","B","B",null,"R","$","E","B",null],"character_chosen":"IRONCLAD","items_purchased":["MerchantsRug","Golden Egg","testmod-IndustrialRevolution","Guide Book","Whetstone","testmod-Charity","AT_EbonyIvory","testmod-ArcanaOfDestiny","Thread and Needle"],"campfire_rested":0,"item_purchase_floors":[27,27,29,29,29,37,37,47,54],"current_hp_per_floor":[61,61,61,61,59,62,61,60,59,57,35,31,32,28,28,14,42,38,38,44,47,46,19,19,25,25,25,25,25,25,31,31,35,34,33,32,33,33,32,31,24,24,25,32,17,24,25,32,31,30,29,28,27,31,31,30],"gold":27,"neow_bonus":"REMOVE_CARD","is_daily":false,"chose_seed":false,"campfire_upgraded":8,"win_rate":0.0,"timestamp":1612617206,"path_taken":["M","?","?","?","M","E","R","M","T","E","?","E","M","?","R","BOSS","M","?","M","M","?","E","R","E","T","$","?","$","R","M","R","BOSS","M","?","?","M","?","R","E","R","T","E","?","?","?","E","R","BOSS","BOSS","R","$","E","BOSS"],"items_purchased_type":["Relic","Relic","Relic","Relic","Relic","Relic","Relic","Relic","Relic"],"build_version":"2020-12-18","purchased_purges":5,"victory":true,"max_hp_per_floor":[74,73,72,64,63,62,61,60,59,58,57,56,55,54,53,52,51,50,49,48,47,46,45,44,43,42,41,40,39,38,37,36,35,34,33,32,33,33,32,31,33,32,32,32,32,32,32,32,31,30,29,28,27,31,31,30],"card_choices":[{"not_picked":["Perfected Strike","Warcry"],"picked":"Heavy Blade","floor":1.0},{"not_picked":["Armaments","Massacre"],"picked":"Bomb","floor":5.0},{"not_picked":["Dark Embrace","Clash","Clothesline"],"picked":"SKIP","floor":6.0},{"not_picked":["Twin Strike","Run Through","Fire Breathing"],"picked":"SKIP","floor":8.0},{"not_picked":["Armaments","Ghostly Armor"],"picked":"Bomb","floor":10.0},{"not_picked":["True Grit","Carnage"],"picked":"Inflame","floor":11.0},{"not_picked":["ReplayTheSpireMod:Strike From Hell","Demon Form"],"picked":"Bomb","floor":12.0},{"not_picked":["Thunderclap","Warcry","Clothesline"],"picked":"SKIP","floor":13.0},{"not_picked":["AT_IchimonjiDouble","Replay:Undeath\u0027s Touch"],"picked":"Evolve","floor":14.0},{"not_picked":["REME_Fury","Barricade"],"picked":"Double Tap","floor":16.0},{"not_picked":["AT_BodySlamDance","Body Slam+1","Dropkick"],"picked":"SKIP","floor":18.0},{"not_picked":["Run Through","Clothesline","Replay:Undeath\u0027s Touch+1"],"picked":"SKIP","floor":20.0},{"not_picked":["Headbutt+1","AT_IchimonjiDouble","Barricade"],"picked":"SKIP","floor":21.0},{"not_picked":["Heavy Blade","Reckless Charge","AT_BodySlamDance+1"],"picked":"SKIP","floor":22.0},{"not_picked":["AT_ManFootWork","Armaments","Ghostly Armor"],"picked":"SKIP","floor":23.0},{"not_picked":["Iron Wave","AT_ManFootWork","Defy Death"],"picked":"SKIP","floor":25.0},{"not_picked":["Dropkick","Flex","Pommel Strike"],"picked":"SKIP","floor":31.0},{"not_picked":["Thunderclap","Inflame","ReplayTheSpireMod:Limb From Limb"],"picked":"SKIP","floor":35.0},{"not_picked":["Heavy Blade","REME_FearOfPain","Abandon+1"],"picked":"SKIP","floor":38.0},{"not_picked":["Replay:Parry","Bandage Up"],"picked":"Finesse","floor":39.0},{"not_picked":["Hemogenesis","Whirlwind","Warcry"],"picked":"SKIP","floor":41.0},{"not_picked":["Havoc","Cleave+1","AT_BodySlamDance+1"],"picked":"SKIP","floor":44.0},{"not_picked":["AT_BodySlamDance","Body Slam","Iron Wave"],"picked":"SKIP","floor":46.0},{"not_picked":["Headbutt","Replay:Undeath\u0027s Touch"],"picked":"Shrug It Off","floor":48.0},{"not_picked":["Perfected Strike","Metallicize"],"picked":"AT_ShrugMaster","floor":55.0}],"player_experience":749778,"relics_obtained":[{"floor":6.0,"key":"Potion Belt"},{"floor":10.0,"key":"Simple Rune"},{"floor":12.0,"key":"PunchingBag"},{"floor":23.0,"key":"Ancient Tea Set"},{"floor":25.0,"key":"testmod-ObsoleteBoomerang"},{"floor":41.0,"key":"Bag of Preparation"},{"floor":43.0,"key":"BFFS"},{"floor":44.0,"key":"Pondfish Scales"},{"floor":48.0,"key":"MaYiHuaBei"},{"floor":55.0,"key":"Bird Faced Urn"}],"event_choices":[{"damage_healed":0.0,"max_hp_gain":0.0,"max_hp_loss":0.0,"gold_gain":0.0,"event_name":"Liars Game","player_choice":"Ignored","floor":2.0,"gold_loss":0.0,"damage_taken":0.0},{"damage_healed":0.0,"max_hp_gain":0.0,"max_hp_loss":0.0,"gold_gain":0.0,"event_name":"The Woman in Blue","player_choice":"Bought 1 Potion","floor":3.0,"gold_loss":0.0,"damage_taken":0.0},{"damage_healed":0.0,"max_hp_gain":0.0,"max_hp_loss":7.0,"gold_gain":0.0,"event_name":"Golden Idol","player_choice":"Lose Max HP","floor":4.0,"gold_loss":0.0,"damage_taken":0.0,"relics_obtained":["Golden Idol"]},{"damage_healed":0.0,"max_hp_gain":0.0,"max_hp_loss":0.0,"gold_gain":0.0,"event_name":"Back to Basics","player_choice":"Simplicity","floor":19.0,"gold_loss":0.0,"damage_taken":0.0,"cards_upgraded":["Strike_R","Strike_R","Strike_R","Strike_R","Defend_R","Defend_R","Defend_R","Defend_R"]},{"damage_healed":0.0,"max_hp_gain":0.0,"max_hp_loss":0.0,"gold_gain":400.0,"event_name":"¶÷ÂåË¹µÄÅÌ×Ó","player_choice":"Sell","floor":28.0,"relics_lost":["AT_ATBox"],"gold_loss":0.0,"damage_taken":0.0},{"damage_healed":0.0,"max_hp_gain":0.0,"max_hp_loss":0.0,"gold_gain":333.0,"event_name":"The Moai Head","player_choice":"Gave Idol","floor":36.0,"relics_lost":["Golden Idol"],"gold_loss":0.0,"damage_taken":0.0},{"damage_healed":0.0,"max_hp_gain":0.0,"max_hp_loss":0.0,"gold_gain":0.0,"event_name":"SensoryStone","player_choice":"Memory 1","floor":39.0,"gold_loss":0.0,"damage_taken":0.0}],"is_beta":true,"boss_relics":[{"not_picked":["Electric Blood","Empty Cage"],"picked":"testmod-StringDisintegrator"},{"not_picked":[]},{"not_picked":["Ring of Chaos","testmod-GoldenSoul"],"picked":"Coffee Dripper"},{"not_picked":[]}],"items_purged_floors":[27,29,37,47,54],"is_endless":false,"potions_floor_spawned":[1,10,13,14,18,23,33,35,38,41],"ascension_level":20}}