{"host":"miejrq8yypas90n2","time":1612614904,"event":{"mods":["100% Spire Juice","Act Like it!","BaseMod","Colored Powertips","Gensokyo","Marisa£®ÏF”Í°°ƒß¿Ì…≥£©","Minty Spire (QoL Compilation)","Reimu£®≤©¿ˆ¡È√Œ£©","StSLib"],"gold_per_floor":[118,137,137,137,156,156,184,184,184,184,184,61,98,123,48,48,48,154,163,185,194,219,240,288,341,353,398,456,493,83,102,118,132,232,232,340,340,369,369,369,379,379,405,405,421,421,448,448,457,490,490,490,518,518,518,518,518,518,66,100,100],"floor_reached":62,"language":"ZHS","playtime":3745,"items_purged":["Strike_MRS","Strike_MRS"],"score":1802,"play_id":"63728200-743b-4991-b228-8852d83cf2e0","local_time":"20210206203504","is_ascension_mode":true,"campfire_choices":[{"data":"EarthLightRay","floor":6.0,"key":"SMITH"},{"data":"MagicChant","floor":8.0,"key":"SMITH"},{"data":"6A","floor":11.0,"key":"SMITH"},{"data":"PowerUp","floor":17.0,"key":"SMITH"},{"data":"MillisecondPulsars","floor":26.0,"key":"SMITH"},{"data":"Apotheosis","floor":35.0,"key":"SMITH"},{"data":"BinaryStars","floor":44.0,"key":"SMITH"},{"floor":48.0,"key":"DIG"},{"data":"MilkyWay","floor":52.0,"key":"SMITH"},{"floor":54.0,"key":"RECALL"},{"floor":55.0,"key":"DIG"},{"data":"1","floor":58.0,"key":"LIFT"}],"circlet_count":0,"master_deck":["Strike_MRS","Strike_MRS","Defend_MRS+1","Defend_MRS","MasterSpark","6A+1","MysteriousBeam","EarthLightRay+1","MagicChant+1","PowerUp+1","ManaConvection","MillisecondPulsars+1","CurseOfTheBell","AsteroidBelt+1","BinaryStars+1","MasterSpark+1","Gensokyo:FourOfAKind","Gensokyo:FourOfAKind","Gensokyo:FourOfAKind","Gensokyo:FourOfAKind","Acceleration+1","Apotheosis+1","GravityBeat","BlazingStar","MilkyWay+1","PowerUp","MilkyWay+1"],"relics":["MiniHakkero","NeowsBlessing","Gensokyo:CelestialsFlawlessClothing","Gensokyo:MarisaPhilosophersStone","FossilizedHelix","PureWhite:ReiMu","CeramicFish","Akabeko","Unceasing Top","Calling Bell","Orichalcum","Meat on the Bone","Girya","MawBank","Question Card","Ginger","Centennial Puzzle","Anchor","Happy Flower","Singing Bowl","Shovel","Peace Pipe","Runic Pyramid","Pear","Bottled Tornado","RuthlessExorcism:ReiMu","TungstenRod","Torii","Bag of Preparation","Lantern","Bronze Scales","War Paint","Strawberry","Art of War"],"acts_visited":["Gensokyo:Gensokyo","Gensokyo:Gensokyoer","Gensokyo:Gensokyoest","TheEnding"],"potions_floor_usage":[61],"damage_taken":[{"damage":0.0,"enemies":"Gensokyo:Gryphon","floor":1.0,"turns":1.0},{"damage":0.0,"enemies":"Gensokyo:3_Fairies","floor":2.0,"turns":1.0},{"damage":0.0,"enemies":"Gensokyo:3_Fairies","floor":4.0,"turns":1.0},{"damage":0.0,"enemies":"Gensokyo:Python","floor":5.0,"turns":1.0},{"damage":26.0,"enemies":"Gensokyo:Cirno","floor":7.0,"turns":6.0},{"damage":0.0,"enemies":"Gensokyo:Mamizou","floor":13.0,"turns":6.0},{"damage":0.0,"enemies":"Gensokyo:VengefulSpirit","floor":14.0,"turns":2.0},{"damage":2.0,"enemies":"Gensokyo:Yukari","floor":18.0,"turns":6.0},{"damage":0.0,"enemies":"Gensokyo:2_Gloops","floor":20.0,"turns":1.0},{"damage":46.0,"enemies":"Gensokyo:Reisen","floor":25.0,"turns":5.0},{"damage":0.0,"enemies":"Gensokyo:Koishi","floor":27.0,"turns":4.0},{"damage":0.0,"enemies":"Gensokyo:AngelMirror","floor":31.0,"turns":2.0},{"damage":0.0,"enemies":"Gensokyo:Swordslinger","floor":32.0,"turns":2.0},{"damage":0.0,"enemies":"Gensokyo:Monolith_and_Dog","floor":33.0,"turns":2.0},{"damage":0.0,"enemies":"Gensokyo:Monolith_and_Dog","floor":34.0,"turns":6.0},{"damage":14.0,"enemies":"Gensokyo:Kaguya","floor":36.0,"turns":8.0},{"damage":0.0,"enemies":"Gensokyo:3_Bats","floor":38.0,"turns":3.0},{"damage":66.0,"enemies":"Gensokyo:3_Bats","floor":39.0,"turns":4.0},{"damage":9.0,"enemies":"Gensokyo:3_Boulders","floor":41.0,"turns":3.0},{"damage":6.0,"enemies":"Gensokyo:Marisa","floor":43.0,"turns":3.0},{"damage":0.0,"enemies":"Gensokyo:SeedOfUnknown","floor":45.0,"turns":2.0},{"damage":0.0,"enemies":"Gensokyo:Doremy","floor":50.0,"turns":4.0},{"damage":25.0,"enemies":"Gensokyo:Kasen","floor":53.0,"turns":5.0},{"damage":0.0,"enemies":"Gensokyo:Yuyuko","floor":56.0,"turns":3.0},{"damage":36.0,"enemies":"Shield and Spear","floor":60.0,"turns":4.0},{"damage":26,"enemies":"The Heart","floor":61,"turns":7}],"seed_played":"2915932461546723099","potions_obtained":[{"floor":2.0,"key":"DistilledChaos"},{"floor":13.0,"key":"Fire Potion"},{"floor":20.0,"key":"SneckoOil"},{"floor":27.0,"key":"SpeedPotion"},{"floor":41.0,"key":"EntropicBrew"},{"floor":43.0,"key":"SneckoOil"},{"floor":60,"key":"Strength Potion"}],"is_trial":false,"path_per_floor":["M","M","?","?","M","R","E","R","T","T","R","COS","E","M","$","T","R","B",null,"M","?","T","?","?","E","R","E","T","T","$","M","M","M","?","R","B",null,"M","?","?","M","?","E","R","M","T","T","R","?","E","?","R","E","R","R","B",null,"R","$","E","B",null],"character_chosen":"MARISA","items_purchased":["Apotheosis","Singing Bowl","War Paint","Strawberry","PowerUp"],"campfire_rested":0,"item_purchase_floors":[30,30,59,59,59],"current_hp_per_floor":[68,68,50,50,50,50,30,30,30,30,30,30,36,42,42,42,42,46,68,74,74,74,74,53,23,23,29,29,29,29,29,31,39,47,47,39,54,59,59,59,52,52,58,58,60,60,60,60,60,68,68,68,51,51,51,51,72,72,79,49,41],"gold":100,"neow_bonus":"THREE_ENEMY_KILL","is_daily":false,"chose_seed":false,"campfire_upgraded":8,"win_rate":0.0,"timestamp":1612614904,"path_taken":["M","?","?","?","M","R","E","R","T","T","R","COS","E","M","?","?","R","BOSS","M","?","?","?","?","E","R","E","T","T","?","?","M","?","?","R","BOSS","M","?","?","M","?","E","R","?","T","T","R","?","E","?","R","E","R","R","BOSS","R","$","E","BOSS"],"items_purchased_type":["Card","Relic","Relic","Relic","Card"],"build_version":"2020-12-22","purchased_purges":2,"victory":true,"max_hp_per_floor":[75,75,75,75,75,75,75,75,75,75,75,75,75,75,75,75,75,75,75,75,75,75,75,53,53,53,53,53,53,53,53,55,57,59,59,59,59,59,59,59,61,61,73,73,75,75,75,75,75,77,77,77,79,79,79,79,79,79,86,86,86],"card_choices":[{"not_picked":["LuminesStrike","WitchLeyline"],"picked":"6A","floor":1.0},{"not_picked":["WitchLeyline","GrandCross"],"picked":"MysteriousBeam","floor":2.0},{"not_picked":["DragonMeteor","NonDirectionalLaser"],"picked":"MagicChant","floor":4.0},{"not_picked":["SporeBomb","WitchLeyline","6A"],"picked":"SKIP","floor":5.0},{"not_picked":["MachineGunSpark","Robbery","MeteoricShower"],"picked":"SKIP","floor":7.0},{"not_picked":["Occultation","6A"],"picked":"PowerUp","floor":13.0},{"not_picked":["Occultation","FairyDestructionRay"],"picked":"ManaConvection","floor":14.0},{"not_picked":["BinaryStars","FinalSpark"],"picked":"MillisecondPulsars","floor":18.0},{"not_picked":["PowerUp","EarthLightRay"],"picked":"AsteroidBelt+1","floor":20.0},{"not_picked":["OpenUniverse","GalacticHalo"],"picked":"Acceleration","floor":25.0},{"not_picked":["GrandCross+1","PropBag","DoubleSpark","PulseMagic+1"],"picked":"SKIP","floor":27.0},{"not_picked":["ChargingUp","EnergyRecoil","BlazeAway+1"],"picked":"GravityBeat","floor":31.0},{"not_picked":["DoubleSpark","StarBarrage","DC","Robbery"],"picked":"Singing Bowl","floor":32.0},{"not_picked":["GalacticHalo+1","EventHorizon+1","AsteroidBelt","PowerUp"],"picked":"Singing Bowl","floor":33.0},{"not_picked":["Acceleration","DarkMatter","MeteoricShower+1","FairyDestructionRay"],"picked":"Singing Bowl","floor":34.0},{"not_picked":["AbsoluteMagnitude","MillisecondPulsars","MaximisePower"],"picked":"BlazingStar","floor":36.0},{"not_picked":["LuminesStrike","UnstableBomb","SuperPerseids+1"],"picked":"MilkyWay","floor":38.0},{"not_picked":["NonDirectionalLaser","LuminesStrike+1","DC","GrandCross+1"],"picked":"Singing Bowl","floor":41.0},{"not_picked":["DeepEcoloBomb+1","DoubleSpark","Orbital+1","GravityBeat"],"picked":"Singing Bowl","floor":43.0},{"not_picked":["DragonMeteor+1","WitchOfGreed","SprinkleStarSeal+1","DC+1"],"picked":"Singing Bowl","floor":45.0},{"not_picked":["SprinkleStarSeal","OrrerysSun","BinaryStars","6A"],"picked":"Singing Bowl","floor":50.0},{"not_picked":["GalacticHalo+1","DC+1","GravityBeat","WitchOfGreed+1"],"picked":"Singing Bowl","floor":53.0},{"not_picked":["MysteriousBeam","DarkMatter","WitchOfGreed+1"],"picked":"MilkyWay+1","floor":60}],"player_experience":359010,"relics_obtained":[{"floor":4.0,"key":"Gensokyo:MarisaPhilosophersStone"},{"floor":7.0,"key":"FossilizedHelix"},{"floor":9.0,"key":"PureWhite:ReiMu"},{"floor":13.0,"key":"CeramicFish"},{"floor":16.0,"key":"Unceasing Top"},{"floor":19.0,"key":"Orichalcum"},{"floor":19.0,"key":"Meat on the Bone"},{"floor":19.0,"key":"Girya"},{"floor":22.0,"key":"MawBank"},{"floor":25.0,"key":"Question Card"},{"floor":27.0,"key":"Centennial Puzzle"},{"floor":28.0,"key":"Anchor"},{"floor":29.0,"key":"Happy Flower"},{"floor":34.0,"key":"Shovel"},{"floor":34.0,"key":"Peace Pipe"},{"floor":43.0,"key":"Pear"},{"floor":46.0,"key":"Bottled Tornado"},{"floor":47.0,"key":"RuthlessExorcism:ReiMu"},{"floor":48.0,"key":"TungstenRod"},{"floor":50.0,"key":"Torii"},{"floor":53.0,"key":"Lantern"},{"floor":55.0,"key":"Bronze Scales"},{"floor":60,"key":"Art of War"}],"event_choices":[],"is_beta":false,"boss_relics":[{"not_picked":["Velvet Choker","Fusion Hammer"],"picked":"Calling Bell"},{"not_picked":["SlaversCollar","SacredBark"],"picked":"Runic Pyramid"}],"items_purged_floors":[15,59],"is_endless":false,"potions_floor_spawned":[2,13,20,27,41,43,45,60],"ascension_level":6}}