{"host":"jvd5k9mqzerszifx","time":1612595222,"event":{"mods":["AchievementEnabler","Act Like it!","BaseMod","Bestiary","Better Note","Better Third Choice","Colored Map","Colored Powertips","Conspire","DeckTracker","Gensokyo","GungeonMod","Hallownest","Hermit","Hubris","Infinite Spire","Jorbs\u0027s Wanderer Trilogy","Koishi","Marisa（F雨　魔理沙）","Minty Spire (QoL Compilation)","MostiFishMod","Relic Stats","Replay The Spire","Reworked Bosses","Spicy Shops","StSLib","The Administrix","The Bug Knight","The Cursed","The Hierophant","The Jungle","The Servant 0.9.4","【功能Mod】聪明的最终Boss"],"gold_per_floor":[142,229,274,331,68,68,40,124,124,124,124,66,372,20,20,374,374,458,458,346,346,346,346,463,463,463,499,460,553,589,625,661,1018,1054,1162,1240,1276,1462,1498,1534,1645,1765,1801,1837,2209,145,250,370,370,412,412,412,-988,-859,-823],"floor_reached":56,"language":"ZHS","playtime":1776,"items_purged":[],"score":2229,"play_id":"a100f62d-afe9-43d4-83ec-ecced77aa51b","local_time":"20210206150702","is_ascension_mode":true,"campfire_choices":[{"data":"TheCursedMod:Strike_TheCursed","floor":6,"key":"PURGE"},{"data":"TheCursedMod:Strike_TheCursed","floor":6,"key":"PURGE"},{"data":"TheCursedMod:Defend_TheCursed","floor":6,"key":"PURGE"},{"data":"TheCursedMod:Defend_TheCursed","floor":6,"key":"PURGE"},{"data":"TheCursedMod:Defend_TheCursed","floor":6,"key":"PURGE"},{"data":"TheCursedMod:Strike_TheCursed","floor":6,"key":"SMITH"},{"data":"TheCursedMod:Defend_TheCursed","floor":6,"key":"SMITH"},{"data":"TheCursedMod:CursedWand","floor":6,"key":"SMITH"},{"data":"TheCursedMod:CleanUpWorkshop","floor":6,"key":"SMITH"},{"data":"TheCursedMod:CursedBlade","floor":6,"key":"SMITH"},{"data":"TheCursedMod:LuckyCharm","floor":6,"key":"SMITH"},{"data":"TheCursedMod:Hemoplague","floor":6,"key":"SMITH"},{"data":"TheCursedMod:StingEye","floor":6,"key":"SMITH"},{"data":"TheCursedMod:Defend_TheCursed+1","floor":6,"key":"PURGE"},{"floor":6,"key":"RECALL"},{"data":"TheCursedMod:CursedRelics","floor":11,"key":"SMITH"},{"data":"TheCursedMod:Stretching","floor":15,"key":"SMITH"},{"data":"TheCursedMod:ReleasedStrength","floor":15,"key":"SMITH"},{"data":"TheCursedMod:CursedShiv","floor":15,"key":"SMITH"},{"data":"TheCursedMod:CollectTribute","floor":23,"key":"SMITH"},{"data":"TheCursedMod:CircleOfCorruption","floor":23,"key":"SMITH"},{"data":"TheCursedMod:Strike_TheCursed+1","floor":23,"key":"PURGE"},{"data":"TheCursedMod:HellsGateOpen","floor":32,"key":"SMITH"},{"data":"TheCursedMod:CircleOfFlame","floor":32,"key":"SMITH"},{"data":"TheCursedMod:CleanUpWorkshop","floor":32,"key":"SMITH"},{"data":"TheCursedMod:ShockAndAwe","floor":32,"key":"SMITH"},{"data":"TheCursedMod:ShockAndAwe+1","floor":32,"key":"PURGE"},{"floor":32,"key":"REST"},{"data":"TheCursedMod:AntiAging","floor":40,"key":"SMITH"},{"data":"TheCursedMod:Neurasthenia","floor":40,"key":"SMITH"},{"data":"TheCursedMod:CircleOfWindfury","floor":40,"key":"SMITH"},{"floor":40,"key":"REST"},{"floor":49,"key":"DIG"},{"floor":52,"key":"DIG"}],"circlet_count":0,"master_deck":["TheCursedMod:HellfireBreathing+1","TheCursedMod:CursedWand+1","TheCursedMod:CleanUpWorkshop+1","TheCursedMod:Dregs","TheCursedMod:CursedBlade+1","TheCursedMod:LuckyCharm+1","TheCursedMod:Hemoplague+1","TheCursedMod:StingEye+1","TheCursedMod:CursedRelics+1","TheCursedMod:Stretching+1","TheCursedMod:ReleasedStrength+1","TheCursedMod:CursedShiv+1","TheCursedMod:CollectTribute+1","TheCursedMod:CircleOfCorruption+1","TheCursedMod:HellsGateOpen+1","TheCursedMod:CircleOfFlame+1","TheCursedMod:CleanUpWorkshop+1","TheCursedMod:AntiAging+1","TheCursedMod:CursedShiv+1","TheCursedMod:Neurasthenia+1","TheCursedMod:CircleOfWindfury+1","TheCursedMod:Stretching+1","TheCursedMod:CircleOfBlood+1","TheCursedMod:ReleasedStrength+1","TheCursedMod:HellfireBreathing+1","TheCursedMod:LuckyCharm+1","TheCursedMod:Grudge+1"],"relics":["TheCursedMod:BlackMagic101","Peace Pipe","Ginger","Turnip","Unceasing Top","Omamori","Ice Cream","The Courier","Medical Kit","WingedGreaves","HandDrill","Frozen Eye","Blue Candle","Civilization","DaveBox","Dodecahedron","SynthV:TestCard","Gremlin Horn","ReplayTheSpireMod:TigerMarble","Mirror","Replay:Bandana","Chameleon Ring","SynthV:C4","Vajra","PreservedInsect","conspire:TreasureMap","Prayer Wheel","ReplayTheSpireMod:CursedCoin","infinitespire:ShieldingShard","Gremlin Food","Boot","hubris:SlimyHat","Pet Ghost","Akabeko","MawBank","Toy Ornithopter","DemoMod:GlassGuonStoneRelic","hubris:Towel","Cursed Key","ReplayTheSpireMod:Ring of Collecting","Ring of Greed","hubris:MobiusCoin","Blue Doll","Ring of Fangs","Letter Opener","hubris:Potato","hubris:TenFootPole","Sling","infinitespire:Bottled Soul","TheCursedMod:CrystalBall","Regal Pillow","infinitespire:Joker Card","Centennial Puzzle","hubris:GlazedTorus","Mummified Hand","Shovel","MealTicket","Bag of Preparation","hubris:ToyBattleship","TheCursedMod:Tack","InkBottle","SynthV:MejaisSoulstealer","Gambling Chip"],"acts_visited":["Gensokyo:Gensokyo","TheCity","TheBeyond","TheEnding"],"potions_floor_usage":[],"damage_taken":[{"damage":0.0,"enemies":"Gensokyo:2_Kodama","floor":1.0,"turns":4.0},{"damage":5.0,"enemies":"conspire:MimicChest","floor":2.0,"turns":4.0},{"damage":0.0,"enemies":"Gensokyo:Gryphon","floor":3.0,"turns":3.0},{"damage":2.0,"enemies":"Gensokyo:Python","floor":4.0,"turns":3.0},{"damage":0,"enemies":"Gensokyo:Aya","floor":8,"turns":2},{"damage":5,"enemies":"Gensokyo:Yukari","floor":16,"turns":4},{"damage":0,"enemies":"2 Thieves","floor":18,"turns":2},{"damage":0,"enemies":"Gremlin Leader","floor":24,"turns":3},{"damage":0,"enemies":"3 Byrds","floor":29,"turns":2},{"damage":0,"enemies":"conspire:MysteriousRune","floor":33,"turns":3},{"damage":0,"enemies":"3 Darklings","floor":35,"turns":2},{"damage":0,"enemies":"3 Shapes","floor":36,"turns":1},{"damage":0,"enemies":"Sphere and 2 Shapes","floor":41,"turns":1},{"damage":0,"enemies":"Maw","floor":42,"turns":2},{"damage":3,"enemies":"Mind Bloom Boss Battle","floor":45,"turns":3},{"damage":0,"enemies":"Reptomancer","floor":47,"turns":1},{"damage":0,"enemies":"Giant Head","floor":48,"turns":2},{"damage":0,"enemies":"bossMod:newShapes","floor":50,"turns":2},{"damage":0,"enemies":"Shield and Spear","floor":54,"turns":1},{"damage":0,"enemies":"The Heart","floor":55,"turns":4}],"seed_played":"3019872243003595954","potions_obtained":[{"floor":2.0,"key":"Fire Potion"},{"floor":4.0,"key":"Energy Potion"},{"floor":8,"key":"Fire Potion"},{"floor":11,"key":"Flashbang"},{"floor":15,"key":"Weak Potion"},{"floor":23,"key":"Doom Potion"}],"is_trial":false,"path_per_floor":["M","?","M","M","$","R","?","E","T","?","R","$","?","$","R","B",null,"M","AVR","$","?","?","R","E","?","T","T","?","M","?","?","R","B",null,"M","M","?","?","T","R","M","M","T","?","?","$","E","E","R","B",null,"R","$","E","B",null],"character_chosen":"THE_CURSED","items_purchased":["ReplayTheSpireMod:TigerMarble","Mirror","SynthV:C4","Vajra","PreservedInsect","conspire:TreasureMap","ReplayTheSpireMod:CursedCoin","infinitespire:ShieldingShard","Gremlin Food","Boot","hubris:SlimyHat","hubris:TenFootPole","Sling","infinitespire:Bottled Soul","TheCursedMod:CrystalBall","Regal Pillow","infinitespire:Joker Card","Centennial Puzzle","hubris:GlazedTorus","Mummified Hand","Shovel","MealTicket","Bag of Preparation","SynthV:MejaisSoulstealer"],"campfire_rested":2,"item_purchase_floors":[5,5,12,14,14,14,20,20,20,20,20,46,46,46,46,46,46,46,46,46,46,46,46,53],"current_hp_per_floor":[69,65,66,65,65,65,79,80,80,80,80,80,80,80,80,76,80,81,81,81,81,81,81,82,82,82,82,82,83,83,83,84,85,85,88,89,89,89,89,89,90,91,91,91,89,89,93,100,100,101,101,101,101,102,106],"gold":-823,"neow_bonus":"REMOVE_CARD","is_daily":false,"chose_seed":false,"campfire_upgraded":21,"win_rate":0.0,"timestamp":1612595222,"path_taken":["M","?","?","?","$","R","?","E","T","?","R","?","?","$","R","BOSS","M","AVR","$","?","?","R","E","?","T","?","?","?","?","?","R","BOSS","M","?","?","?","?","R","?","M","T","?","?","?","E","E","R","BOSS","R","$","E","BOSS"],"items_purchased_type":["Relic","Relic","Relic","Relic","Relic","Relic","Relic","Relic","Relic","Relic","Relic","Relic","Relic","Relic","Relic","Relic","Relic","Relic","Relic","Relic","Relic","Relic","Relic","Relic"],"build_version":"2020-12-22","purchased_purges":0,"victory":true,"max_hp_per_floor":[76,77,78,79,79,79,79,80,80,80,80,80,80,80,80,81,81,82,82,82,82,82,82,83,83,83,83,83,84,84,84,84,85,85,88,89,89,89,89,89,90,91,91,91,92,92,96,100,100,101,101,101,101,102,106],"relic_stats":{"Regal Pillow":0,"Gremlin Horn":[14,14],"Bag of Preparation":[10],"Ginger":[9],"Boot":[0],"Cursed Key":2,"Centennial Puzzle":[0],"Shovel":2,"Mummified Hand":[24],"Gambling Chip":[0],"Prayer Wheel":9,"MealTicket":0,"HandDrill":[14],"InkBottle":[4],"counters":[20,49],"Blue Candle":[0],"PreservedInsect":314,"Letter Opener":[70],"Medical Kit":[0],"MawBank":720,"Peace Pipe":11,"Turnip":[9],"obtain_stats":[{"Ice Cream":0,"Gremlin Horn":2,"TheCursedMod:Tack":48,"Vajra":14,"DemoMod:GlassGuonStoneRelic":2,"Ginger":0,"Boot":20,"Sling":46,"Centennial Puzzle":46,"infinitespire:ShieldingShard":20,"Prayer Wheel":19,"TheCursedMod:CrystalBall":46,"MealTicket":46,"HandDrill":0,"TheCursedMod:BlackMagic101":0,"hubris:MobiusCoin":38,"conspire:TreasureMap":14,"SynthV:MejaisSoulstealer":53,"Dodecahedron":1,"ReplayTheSpireMod:CursedCoin":20,"Blue Candle":0,"Letter Opener":39,"Akabeko":24,"ReplayTheSpireMod:Ring of Collecting":38,"ReplayTheSpireMod:TigerMarble":5,"hubris:TenFootPole":46,"hubris:ToyBattleship":47,"Mirror":5,"Unceasing Top":0,"Regal Pillow":46,"DaveBox":0,"Blue Doll":38,"hubris:SlimyHat":20,"Bag of Preparation":46,"Cursed Key":34,"SynthV:C4":12,"Pet Ghost":21,"Frozen Eye":0,"Civilization":0,"Replay:Bandana":8,"Chameleon Ring":9,"Ring of Fangs":39,"Shovel":46,"infinitespire:Bottled Soul":46,"Mummified Hand":46,"Gambling Chip":54,"WingedGreaves":0,"InkBottle":52,"hubris:GlazedTorus":46,"Gremlin Food":20,"The Courier":0,"PreservedInsect":14,"infinitespire:Joker Card":46,"Omamori":0,"Ring of Greed":38,"hubris:Towel":30,"Medical Kit":0,"MawBank":26,"Peace Pipe":0,"SynthV:TestCard":1,"Turnip":0,"Toy Ornithopter":27,"hubris:Potato":45},{"Ice Cream":0,"Gremlin Horn":2,"TheCursedMod:Tack":17,"Vajra":5,"DemoMod:GlassGuonStoneRelic":2,"Ginger":0,"Boot":7,"Sling":15,"Centennial Puzzle":15,"infinitespire:ShieldingShard":7,"Prayer Wheel":7,"TheCursedMod:CrystalBall":15,"MealTicket":15,"HandDrill":0,"TheCursedMod:BlackMagic101":0,"hubris:MobiusCoin":12,"conspire:TreasureMap":5,"SynthV:MejaisSoulstealer":18,"Dodecahedron":1,"ReplayTheSpireMod:CursedCoin":7,"Blue Candle":0,"Letter Opener":12,"Akabeko":8,"ReplayTheSpireMod:Ring of Collecting":12,"ReplayTheSpireMod:TigerMarble":4,"hubris:TenFootPole":15,"hubris:ToyBattleship":16,"Mirror":4,"Unceasing Top":0,"Regal Pillow":15,"DaveBox":0,"Blue Doll":12,"hubris:SlimyHat":7,"Bag of Preparation":15,"Cursed Key":10,"SynthV:C4":5,"Pet Ghost":7,"Frozen Eye":0,"Civilization":0,"Replay:Bandana":5,"Chameleon Ring":5,"Ring of Fangs":12,"Shovel":15,"infinitespire:Bottled Soul":15,"Mummified Hand":15,"Gambling Chip":19,"WingedGreaves":0,"InkBottle":18,"hubris:GlazedTorus":15,"Gremlin Food":7,"The Courier":0,"PreservedInsect":5,"infinitespire:Joker Card":15,"Omamori":0,"Ring of Greed":12,"hubris:Towel":9,"Medical Kit":0,"MawBank":8,"Peace Pipe":0,"SynthV:TestCard":1,"Turnip":0,"Toy Ornithopter":8,"hubris:Potato":15},{"Ice Cream":0,"Gremlin Horn":8,"TheCursedMod:Tack":42,"Vajra":16,"DemoMod:GlassGuonStoneRelic":8,"Ginger":0,"Boot":22,"Sling":39,"Centennial Puzzle":39,"infinitespire:ShieldingShard":22,"Prayer Wheel":22,"TheCursedMod:CrystalBall":39,"MealTicket":39,"HandDrill":0,"TheCursedMod:BlackMagic101":0,"hubris:MobiusCoin":33,"conspire:TreasureMap":16,"SynthV:MejaisSoulstealer":44,"Dodecahedron":1,"ReplayTheSpireMod:CursedCoin":22,"Blue Candle":0,"Letter Opener":33,"Akabeko":25,"ReplayTheSpireMod:Ring of Collecting":33,"ReplayTheSpireMod:TigerMarble":14,"hubris:TenFootPole":39,"hubris:ToyBattleship":40,"Mirror":14,"Unceasing Top":0,"Regal Pillow":39,"DaveBox":0,"Blue Doll":33,"hubris:SlimyHat":22,"Bag of Preparation":39,"Cursed Key":30,"SynthV:C4":16,"Pet Ghost":22,"Frozen Eye":0,"Civilization":0,"Replay:Bandana":16,"Chameleon Ring":16,"Ring of Fangs":33,"Shovel":39,"infinitespire:Bottled Soul":39,"Mummified Hand":39,"Gambling Chip":45,"WingedGreaves":0,"InkBottle":44,"hubris:GlazedTorus":39,"Gremlin Food":22,"The Courier":0,"PreservedInsect":16,"infinitespire:Joker Card":39,"Omamori":0,"Ring of Greed":33,"hubris:Towel":27,"Medical Kit":0,"MawBank":25,"Peace Pipe":0,"SynthV:TestCard":4,"Turnip":0,"Toy Ornithopter":25,"hubris:Potato":39}],"Unceasing Top":[3],"Toy Ornithopter":0},"card_choices":[{"not_picked":["TheCursedMod:TacticalStrike","TheCursedMod:RapidMovement"],"picked":"TheCursedMod:CursedBlade","floor":1.0},{"not_picked":["TheCursedMod:Stigma","TheCursedMod:TacticalStrike","TheCursedMod:Obscuration","TheCursedMod:DemonicPact"],"picked":"TheCursedMod:LuckyCharm","floor":2.0},{"not_picked":["TheCursedMod:CursedBlade","TheCursedMod:ReleasedStrength","TheCursedMod:VitalStrike","TheCursedMod:ReleasedKnowledge"],"picked":"TheCursedMod:Hemoplague","floor":3.0},{"not_picked":["TheCursedMod:SpitefulPray","TheCursedMod:WearCloak","TheCursedMod:AbyssShockwave","TheCursedMod:SurpriseAttack"],"picked":"TheCursedMod:StingEye","floor":4.0},{"not_picked":["TheCursedMod:CircleOfFocus","TheCursedMod:Stretching","TheCursedMod:SpitefulStrike","TheCursedMod:RavingStaff"],"picked":"TheCursedMod:CursedRelics","floor":8},{"not_picked":["TheCursedMod:TroublousMinions","TheCursedMod:SpitefulStrike","TheCursedMod:RavingStaff","TheCursedMod:SmokeScreen"],"picked":"TheCursedMod:Stretching","floor":13},{"not_picked":["TheCursedMod:CursedAmulet","TheCursedMod:Torture","TheCursedMod:OutForBlood","TheCursedMod:Obscuration"],"picked":"TheCursedMod:ReleasedStrength","floor":13},{"not_picked":["TheCursedMod:SpreadPlague","TheCursedMod:ReleasedKnowledge","TheCursedMod:CursedArmor","TheCursedMod:CircleOfBlood"],"picked":"TheCursedMod:CursedShiv","floor":13},{"not_picked":["TheCursedMod:CircleOfAbyss","TheCursedMod:AntiAging","TheCursedMod:DemonSword","TheCursedMod:ParallelWorld"],"picked":"TheCursedMod:CollectTribute","floor":16},{"not_picked":["TheCursedMod:SpitefulStrike","TheCursedMod:SmokeScreen","TheCursedMod:EmpowerCircles","TheCursedMod:Stigma"],"picked":"TheCursedMod:CircleOfCorruption","floor":18},{"not_picked":["TheCursedMod:Neurasthenia","TheCursedMod:Wield+1","TheCursedMod:Stigma+1","TheCursedMod:BlessingInDisguise"],"picked":"TheCursedMod:CollectTribute","floor":24},{"not_picked":["TheCursedMod:CursedShiv+1","TheCursedMod:SoulReap","TheCursedMod:SpreadPlague+1","TheCursedMod:Stigma"],"picked":"TheCursedMod:HellsGateOpen","floor":29},{"not_picked":["TheCursedMod:Mangle+1","TheCursedMod:ReleasedStrength","TheCursedMod:Stretching+1","TheCursedMod:SurpriseAttack"],"picked":"TheCursedMod:CircleOfFlame","floor":29},{"not_picked":["TheCursedMod:ShockAndAwe","TheCursedMod:DemonicPact","TheCursedMod:UltimatePain","TheCursedMod:NeowsMight"],"picked":"TheCursedMod:AntiAging","floor":33},{"not_picked":["TheCursedMod:RavingStaff+1","TheCursedMod:VitalStrike","TheCursedMod:SurpriseAttack","TheCursedMod:CircleOfFlame"],"picked":"TheCursedMod:CursedShiv+1","floor":35},{"not_picked":["TheCursedMod:SoulCrush","TheCursedMod:SpreadPlague","TheCursedMod:CircleOfWindfury","TheCursedMod:EmpowerCircles+1","TheCursedMod:VitalStrike"],"picked":"SKIP","floor":35},{"not_picked":["TheCursedMod:VitalStrike","TheCursedMod:Stretching","TheCursedMod:Torture","TheCursedMod:CursedShiv"],"picked":"TheCursedMod:Neurasthenia","floor":36},{"not_picked":["TheCursedMod:CircleOfCorruption+1","TheCursedMod:CircleOfFlame","TheCursedMod:ManaBullet+1","TheCursedMod:CursedAmulet+1"],"picked":"TheCursedMod:CircleOfWindfury","floor":36},{"not_picked":["TheCursedMod:DarkBarrier","TheCursedMod:CursedAmulet","TheCursedMod:LuckyCharm","TheCursedMod:Obscuration+1"],"picked":"TheCursedMod:Stretching+1","floor":41},{"not_picked":["TheCursedMod:CursedShiv+1","TheCursedMod:Obscuration","TheCursedMod:Stigma","TheCursedMod:Wield","TheCursedMod:TacticalStrike+1"],"picked":"SKIP","floor":41},{"not_picked":["TheCursedMod:Wield+1","TheCursedMod:Stigma","TheCursedMod:TroublousMinions","TheCursedMod:CircleOfFlame"],"picked":"TheCursedMod:CircleOfBlood+1","floor":42},{"not_picked":["TheCursedMod:TroublousMinions+1","TheCursedMod:Stretching+1","TheCursedMod:DoubleShield","TheCursedMod:CircleOfFlame","TheCursedMod:CursedShiv+1"],"picked":"SKIP","floor":42},{"not_picked":["TheCursedMod:VitalStrike+1","TheCursedMod:RavingStaff","TheCursedMod:SoulReap+1","TheCursedMod:BloodBarrier+1"],"picked":"TheCursedMod:ReleasedStrength+1","floor":45},{"not_picked":["TheCursedMod:FleshFromBone","TheCursedMod:Mangle+1","TheCursedMod:Torture","TheCursedMod:Obscuration+1"],"picked":"TheCursedMod:HellfireBreathing+1","floor":47},{"not_picked":["TheCursedMod:SurpriseAttack+1","TheCursedMod:SpreadPlague","TheCursedMod:WearCloak+1","TheCursedMod:EmpowerCircles+1"],"picked":"TheCursedMod:LuckyCharm+1","floor":48},{"not_picked":["TheCursedMod:TacticalStrike+1","TheCursedMod:DemonicPact","TheCursedMod:Obscuration","TheCursedMod:DoubleShield+1"],"picked":"TheCursedMod:Grudge+1","floor":54}],"player_experience":332432,"relics_obtained":[{"floor":1.0,"key":"SynthV:TestCard"},{"floor":2.0,"key":"Gremlin Horn"},{"floor":8,"key":"Replay:Bandana"},{"floor":9,"key":"Chameleon Ring"},{"floor":24,"key":"Akabeko"},{"floor":26,"key":"MawBank"},{"floor":27,"key":"Toy Ornithopter"},{"floor":38,"key":"ReplayTheSpireMod:Ring of Collecting"},{"floor":38,"key":"Ring of Greed"},{"floor":38,"key":"hubris:MobiusCoin"},{"floor":38,"key":"Blue Doll"},{"floor":39,"key":"Ring of Fangs"},{"floor":39,"key":"Letter Opener"},{"floor":45,"key":"hubris:Potato"},{"floor":47,"key":"hubris:ToyBattleship"},{"floor":48,"key":"TheCursedMod:Tack"},{"floor":52,"key":"InkBottle"},{"floor":54,"key":"Gambling Chip"}],"event_choices":[{"damage_healed":0,"gold_gain":0,"player_choice":"Leave","damage_taken":0,"max_hp_gain":0,"max_hp_loss":0,"event_name":"conspire:Investor","floor":22,"gold_loss":0},{"cards_removed":["TheCursedMod:CollectTribute"],"damage_healed":0,"gold_gain":0,"player_choice":"Gave Gold","damage_taken":0,"max_hp_gain":0,"max_hp_loss":0,"event_name":"Beggar","floor":28,"gold_loss":75},{"damage_healed":0,"gold_gain":0,"player_choice":"3 cards matched","damage_taken":0,"max_hp_gain":0,"max_hp_loss":0,"event_name":"Match and Keep!","floor":31,"gold_loss":0,"cards_obtained":["Normality","TheCursedMod:CleanUpWorkshop","TheCursedMod:ShockAndAwe"]},{"damage_healed":0,"gold_gain":0,"player_choice":"Ignored","damage_taken":0,"max_hp_gain":0,"max_hp_loss":0,"event_name":"OrinTheCat","floor":37,"gold_loss":0},{"damage_healed":0,"gold_gain":0,"player_choice":"Fight","damage_taken":0,"max_hp_gain":0,"max_hp_loss":0,"event_name":"MindBloom","floor":45,"gold_loss":0}],"is_beta":false,"boss_relics":[{"not_picked":["Snecko Eye","hubris:CrackedHourglass","conspire:SeveredTorchhead"]},{"not_picked":["FixedStarFall","ReplayTheSpireMod:DimensionalGlitch"],"picked":"Cursed Key"}],"items_purged_floors":[],"is_endless":false,"potions_floor_spawned":[2,4,8,24,35,36,42,47,54],"ascension_level":8}}