{"host":"wubxp7apcx31ieu1","time":1612603921,"event":{"mods":["AchievementEnabler","BaseMod","Colored Map","Colored Powertips","Highlight Path","Minty Spire (QoL Compilation)","Permanent Neow","Quick Restart","Random Character Button","SuperFastMode","Synergy Search"],"gold_per_floor":[119,139,152,165,165,198,198,13,89,103,103,53,73,73,73,202,202,218,70,95,95,95,95,111,140,140,54,68,79,152,164,164,262,262,282,298,298,31,46,96,126,144,144,144,170,190,190,206,206,206,206,206,6,37,37],"floor_reached":56,"language":"ENG","playtime":4049,"items_purged":["Decay","Writhe","Strike_B"],"score":1231,"play_id":"0eb59288-e6f0-46fb-9c74-c77c772a66a3","local_time":"20210206173201","is_ascension_mode":false,"campfire_choices":[{"data":"Loop","floor":7.0,"key":"SMITH"},{"floor":11.0,"key":"REST"},{"data":"Buffer","floor":15.0,"key":"SMITH"},{"data":"Consume","floor":23.0,"key":"SMITH"},{"floor":32.0,"key":"REST"},{"floor":47.0,"key":"REST"},{"floor":49.0,"key":"RECALL"},{"data":"Strike_B","floor":52.0,"key":"PURGE"}],"circlet_count":0,"master_deck":["Strike_B","Strike_B","Defend_B","Defend_B","Defend_B","Defend_B","Zap","Dualcast","Buffer+1","Gash","Loop+1","Chill","Streamline","Stack","Hello World","Consume+1","FTL","Echo Form","Go for the Eyes","Loop","Hologram","Glacier","Scrape","Beam Cell","Go for the Eyes","Beam Cell","All For One","Coolheaded+1","Chill","Defragment","Recycle+1","Echo Form","Gash+1","Defend_B","Hologram","Capacitor","Hologram"],"relics":["Cracked Core","Bloody Idol","Incense Burner","Vajra","Cursed Key","Lantern","Peace Pipe","Cables","Fusion Hammer","Torii","Mercury Hourglass","Kunai","Bronze Scales"],"acts_visited":["Exordium","TheCity","TheBeyond","TheEnding"],"potions_floor_usage":[55,55],"damage_taken":[{"damage":0.0,"enemies":"Cultist","floor":1.0,"turns":4.0},{"damage":6.0,"enemies":"Jaw Worm","floor":2.0,"turns":4.0},{"damage":0.0,"enemies":"Small Slimes","floor":3.0,"turns":3.0},{"damage":5.0,"enemies":"Looter","floor":4.0,"turns":3.0},{"damage":25.0,"enemies":"Lagavulin","floor":6.0,"turns":7.0},{"damage":26.0,"enemies":"Exordium Thugs","floor":10.0,"turns":6.0},{"damage":12.0,"enemies":"Blue Slaver","floor":13.0,"turns":4.0},{"damage":4.0,"enemies":"The Guardian","floor":16.0,"turns":9.0},{"damage":2.0,"enemies":"Chosen","floor":18.0,"turns":6.0},{"damage":0.0,"enemies":"2 Thieves","floor":20.0,"turns":3.0},{"damage":15.0,"enemies":"Centurion and Healer","floor":24.0,"turns":8.0},{"damage":56.0,"enemies":"Slavers","floor":25.0,"turns":9.0},{"damage":0.0,"enemies":"Snecko","floor":28.0,"turns":8.0},{"damage":6.0,"enemies":"Shelled Parasite and Fungi","floor":29.0,"turns":5.0},{"damage":0.0,"enemies":"Sentry and Sphere","floor":31.0,"turns":6.0},{"damage":0.0,"enemies":"Automaton","floor":33.0,"turns":15.0},{"damage":30.0,"enemies":"Orb Walker","floor":35.0,"turns":4.0},{"damage":1.0,"enemies":"3 Shapes","floor":36.0,"turns":5.0},{"damage":6.0,"enemies":"Jaw Worm Horde","floor":39.0,"turns":5.0},{"damage":0.0,"enemies":"Mind Bloom Boss Battle","floor":40.0,"turns":10.0},{"damage":26.0,"enemies":"Nemesis","floor":41.0,"turns":7.0},{"damage":15.0,"enemies":"Transient","floor":42.0,"turns":5.0},{"damage":13.0,"enemies":"Giant Head","floor":45.0,"turns":8.0},{"damage":13.0,"enemies":"Writhing Mass","floor":46.0,"turns":7.0},{"damage":8.0,"enemies":"Sphere and 2 Shapes","floor":48.0,"turns":6.0},{"damage":1.0,"enemies":"Time Eater","floor":50.0,"turns":11.0},{"damage":31.0,"enemies":"Shield and Spear","floor":54.0,"turns":10.0},{"damage":35,"enemies":"The Heart","floor":55,"turns":12}],"seed_played":"4090443927117375549","potions_obtained":[{"floor":3.0,"key":"SteroidPotion"},{"floor":4.0,"key":"PotionOfCapacity"},{"floor":10.0,"key":"EssenceOfSteel"},{"floor":16.0,"key":"Explosive Potion"},{"floor":18.0,"key":"DistilledChaos"},{"floor":28.0,"key":"Fire Potion"},{"floor":31.0,"key":"Block Potion"},{"floor":40.0,"key":"DistilledChaos"},{"floor":41.0,"key":"EssenceOfSteel"},{"floor":42.0,"key":"Strength Potion"},{"floor":46.0,"key":"EssenceOfSteel"},{"floor":54.0,"key":"LiquidBronze"}],"is_trial":false,"path_per_floor":["M","M","M","M","?","E","R","$","T","M","R","?","M","?","R","B",null,"M","$","M","?","?","R","M","E","T","$","M","M","T","M","R","B",null,"M","M","?","$","M","?","E","M","T","?","E","M","R","M","R","B",null,"R","$","E","B",null],"character_chosen":"DEFECT","items_purchased":["Hello World","Vajra","Loop","Scrape","Block Potion","Defragment","Fruit Juice","DuplicationPotion"],"campfire_rested":3,"item_purchase_floors":[8,8,19,27,27,38,38,53],"current_hp_per_floor":[75,69,69,64,64,39,39,39,39,13,33,33,21,21,21,17,69,67,67,67,67,67,67,57,6,6,6,11,10,15,20,40,45,69,44,48,48,53,52,57,36,26,26,26,18,10,32,29,29,28,74,74,74,48,13],"gold":37,"neow_bonus":"THREE_RARE_CARDS","is_daily":false,"chose_seed":false,"campfire_upgraded":3,"win_rate":0.0,"timestamp":1612603921,"path_taken":["M","M","?","M","?","E","R","$","T","M","R","?","M","?","R","BOSS","M","$","M","?","?","R","M","E","T","$","M","M","?","M","R","BOSS","M","M","?","$","M","?","E","M","T","?","E","M","R","M","R","BOSS","R","$","E","BOSS"],"items_purchased_type":["Card","Relic","Card","Card","Potion","Card","Potion","Potion"],"build_version":"2020-12-22","purchased_purges":3,"victory":true,"max_hp_per_floor":[75,75,75,75,69,69,69,69,69,69,69,69,69,69,69,69,69,69,69,69,69,69,69,69,69,69,69,69,69,69,69,69,69,69,69,69,69,74,74,74,74,74,74,74,74,74,74,74,74,74,74,74,74,74,74],"card_choices":[{"not_picked":["Biased Cognition","Seek"],"picked":"Buffer","floor":0.0},{"not_picked":["Scrape","Compile Driver"],"picked":"Gash","floor":1.0},{"not_picked":["White Noise","Leap"],"picked":"Loop","floor":2.0},{"not_picked":["Recycle","Rebound"],"picked":"Chill","floor":3.0},{"not_picked":["Turbo","Conserve Battery"],"picked":"Streamline","floor":4.0},{"not_picked":["Streamline","Undo"],"picked":"Stack","floor":6.0},{"not_picked":["Tempest","Coolheaded"],"picked":"Consume","floor":10.0},{"not_picked":["Steam","Hello World"],"picked":"FTL","floor":13.0},{"not_picked":["Amplify","Seek"],"picked":"Echo Form","floor":16.0},{"not_picked":["Genetic Algorithm","Conserve Battery"],"picked":"Go for the Eyes","floor":18.0},{"not_picked":["Skim","Blizzard"],"picked":"Hologram","floor":20.0},{"not_picked":["Rebound","Sunder"],"picked":"Glacier","floor":24.0},{"not_picked":["Reprogram","Redo","Turbo"],"picked":"SKIP","floor":25.0},{"not_picked":["Hologram+1","Fusion+1"],"picked":"Beam Cell","floor":28.0},{"not_picked":["Redo","Compile Driver"],"picked":"Go for the Eyes","floor":29.0},{"not_picked":["Heatsinks","Hello World"],"picked":"Beam Cell","floor":31.0},{"not_picked":["Multi-Cast","Rainbow"],"picked":"All For One","floor":33.0},{"not_picked":["Stack","Streamline"],"picked":"Coolheaded+1","floor":35.0},{"not_picked":["Undo","Streamline"],"picked":"Chill","floor":36.0},{"not_picked":["Tempest+1","Reinforced Body"],"picked":"Recycle+1","floor":39.0},{"not_picked":["Doom and Gloom","Beam Cell"],"picked":"Echo Form","floor":41.0},{"not_picked":["Steam","Tempest"],"picked":"Gash+1","floor":42.0},{"not_picked":["Streamline","Self Repair+1","Auto Shields+1"],"picked":"SKIP","floor":45.0},{"not_picked":["Conserve Battery+1","Cold Snap"],"picked":"Hologram","floor":46.0},{"not_picked":["Stack+1","Gash"],"picked":"Capacitor","floor":48.0},{"not_picked":["Doom and Gloom","Turbo+1"],"picked":"Hologram","floor":54.0}],"player_experience":75562,"relics_obtained":[{"floor":6.0,"key":"Incense Burner"},{"floor":25.0,"key":"Peace Pipe"},{"floor":30.0,"key":"Cables"},{"floor":40.0,"key":"Torii"},{"floor":41.0,"key":"Mercury Hourglass"},{"floor":45.0,"key":"Kunai"},{"floor":54.0,"key":"Bronze Scales"}],"event_choices":[{"damage_healed":0.0,"max_hp_gain":0.0,"max_hp_loss":6.0,"gold_gain":0.0,"event_name":"Golden Idol","player_choice":"Lose Max HP","floor":5.0,"gold_loss":0.0,"damage_taken":0.0,"relics_obtained":["Golden Idol"]},{"cards_removed":["Doubt"],"damage_healed":0.0,"max_hp_gain":0.0,"max_hp_loss":0.0,"gold_gain":0.0,"event_name":"The Cleric","player_choice":"Card Removal","floor":12.0,"gold_loss":50.0,"damage_taken":0.0},{"damage_healed":0.0,"max_hp_gain":0.0,"max_hp_loss":0.0,"gold_gain":0.0,"event_name":"Wheel of Change","player_choice":"Cursed","floor":14.0,"gold_loss":0.0,"damage_taken":0.0,"cards_obtained":["Decay"]},{"damage_healed":0.0,"max_hp_gain":0.0,"max_hp_loss":0.0,"gold_gain":0.0,"event_name":"The Mausoleum","player_choice":"Opened","floor":21.0,"gold_loss":0.0,"damage_taken":0.0,"relics_obtained":["Lantern"],"cards_obtained":["Writhe"]},{"damage_healed":0.0,"max_hp_gain":0.0,"max_hp_loss":0.0,"gold_gain":0.0,"event_name":"Forgotten Altar","player_choice":"Gave Idol","floor":22.0,"relics_lost":["Golden Idol"],"gold_loss":0.0,"damage_taken":0.0,"relics_obtained":["Bloody Idol"]},{"damage_healed":0.0,"max_hp_gain":0.0,"max_hp_loss":0.0,"gold_gain":0.0,"event_name":"Mysterious Sphere","player_choice":"Ignored","floor":37.0,"gold_loss":0.0,"damage_taken":0.0},{"damage_healed":0.0,"max_hp_gain":0.0,"max_hp_loss":0.0,"gold_gain":0.0,"event_name":"MindBloom","player_choice":"Fight","floor":40.0,"gold_loss":0.0,"damage_taken":0.0},{"cards_removed":["Injury"],"damage_healed":0.0,"max_hp_gain":0.0,"max_hp_loss":0.0,"gold_gain":0.0,"event_name":"NoteForYourself","player_choice":"Took Card","floor":44.0,"gold_loss":0.0,"damage_taken":0.0,"cards_obtained":["Defend_B"]}],"is_beta":false,"boss_relics":[{"not_picked":["Busted Crown","Empty Cage"],"picked":"Cursed Key"},{"not_picked":["Nuclear Battery","Sozu"],"picked":"Fusion Hammer"}],"items_purged_floors":[19,38,53],"is_endless":false,"potions_floor_spawned":[3,4,10,16,18,28,31,40,41,42,46,54],"ascension_level":0}}