{"host":"uhnh33uh34qot0et","time":1612574581,"event":{"mods":["BaseMod","Colored Map","Downfall","Hermit","Marisa????????","Minty Spire (QoL Compilation)","StSLib","The Bug Knight","The Cursed","The Servant 0.9.4"],"gold_per_floor":[199,199,212,204,204,245,294,94,122,122,142,157,157,190,216,322,372,372,391,409,409,52,152,220,220,240,240,280,280,180,206,221,221,221,221],"floor_reached":33,"language":"ENG","playtime":1309,"items_purged":["downfall:Bewildered"],"score":348,"play_id":"ba889624-923a-4219-b14b-77368da62686","local_time":"20210206022301","is_ascension_mode":false,"campfire_choices":[{"floor":1,"key":"RECALL"},{"floor":8,"key":"REST"},{"data":"hexamod:HexaLevel","floor":10,"key":"SMITH"},{"floor":13,"key":"REST"},{"data":"hexamod:HexaLevel","floor":18,"key":"SMITH"},{"data":"hexamod:SuperheatedStrike","floor":25,"key":"SMITH"},{"floor":30,"key":"REST"}],"circlet_count":0,"master_deck":["hexamod:Strike","hexamod:Strike","hexamod:Strike+1","hexamod:Strike","hexamod:Defend","hexamod:Defend","hexamod:Defend+1","hexamod:Defend","hexamod:Sear+1","hexamod:Float","hexamod:SpectersWail","hexamod:SecondSeal","hexamod:HexaLevel+1","hexamod:BacktrackSmack","hexamod:FourthSeal","hexamod:SuperheatedStrike+1","hexamod:StepThrough","hexamod:HexaLevel+1","hexamod:SpectralAdrenaline","hexamod:GhostLash","hexamod:Again+1","hexamod:ThirdSeal","hexamod:BurningTouch+1","hexamod:GhostOfSpirePresent","hexamod:AdvancingGuard+1"],"relics":["hexamod:SpiritBrand","Slimebound:PreparedRelic","HollowMod:StagPassRelic","Mercury Hourglass","downfall:HeartBlessingRed","downfall:HeartBlessingBlue","Ancient Tea Set","Tiny House","sneckomod:BabySnecko","Membership Card","Molten Egg 2","Toxic Egg 2","Strawberry","bronze:DecasWashers","downfall:HeartBlessingGreen","War Paint"],"acts_visited":["Exordium","TheCity"],"potions_floor_usage":[16,16,16,26,28,28,28,28,32,33,33,33],"damage_taken":[{"damage":1,"enemies":"Jaw Worm","floor":3,"turns":3},{"damage":44,"enemies":"Lagavulin","floor":6,"turns":8},{"damage":4,"enemies":"Small Slimes","floor":9,"turns":4},{"damage":0,"enemies":"2 Louse","floor":11,"turns":2},{"damage":9,"enemies":"Blue Slaver","floor":12,"turns":3},{"damage":0,"enemies":"Gremlin Nob","floor":14,"turns":3},{"damage":18,"enemies":"Large Slime","floor":15,"turns":4},{"damage":41,"enemies":"IC_STATUS_ARCHETYPE","floor":16,"turns":7},{"damage":0,"enemies":"Spheric Guardian","floor":19,"turns":3},{"damage":5,"enemies":"Shell Parasite","floor":20,"turns":3},{"damage":5,"enemies":"downfall:FleeingMerchant","floor":22,"turns":4},{"damage":0,"enemies":"Centurion and Healer","floor":26,"turns":6},{"damage":40,"enemies":"Book of Stabbing","floor":28,"turns":5},{"damage":14,"enemies":"Cultist and Chosen","floor":32,"turns":5},{"damage":47,"enemies":"DF_ARCHETYPE_CLAW","floor":33,"turns":6}],"seed_played":"1440520922752200089","potions_obtained":[{"floor":9,"key":"Dexterity Potion"},{"floor":12,"key":"bronze:BurnAndBuffPotion"},{"floor":14,"key":"AttackPotion"},{"floor":16,"key":"ColorlessPotion"},{"floor":16,"key":"PowerPotion"},{"floor":17,"key":"CultistPotion"},{"floor":19,"key":"EntropicBrew"},{"floor":26,"key":"Fruit Juice"},{"floor":28,"key":"GamblersBrew"},{"floor":28,"key":"FearPotion"},{"floor":32,"key":"CultistPotion"}],"is_trial":false,"path_per_floor":["R","?","M","?","?","E","T","R","M","R","M","M","R","E","M","B",null,"R","M","M","?","$","?","T","R","M","?","E","?","R","T","M","B"],"character_chosen":"THE_SPIRIT","items_purchased":["Membership Card","Molten Egg 2"],"campfire_rested":3,"item_purchase_floors":[22,22],"current_hp_per_floor":[70,70,69,69,62,18,18,52,48,48,48,39,63,63,45,4,85,85,85,80,80,75,75,75,75,80,62,29,29,59,59,45,0,0,0],"gold":221,"neow_bonus":"HUNDRED_GOLD","is_daily":false,"chose_seed":false,"campfire_upgraded":3,"win_rate":0.0,"timestamp":1612574581,"path_taken":["R","?","M","?","?","E","T","R","M","R","M","M","R","E","M","BOSS","R","M","M","?","$","?","T","R","M","?","E","?","R","?","M","BOSS"],"items_purchased_type":["Relic","Relic"],"build_version":"2020-12-22","purchased_purges":1,"victory":false,"max_hp_per_floor":[70,70,70,70,70,70,70,80,80,80,80,80,80,80,80,80,85,85,85,85,85,85,85,85,85,90,95,102,102,102,102,102,102,102,102],"card_choices":[{"not_picked":["hexamod:Firestarter","hexamod:BacktrackSmack"],"picked":"hexamod:SpectersWail","floor":3},{"not_picked":["hexamod:RadiantFlame","hexamod:ThermalTransfer"],"picked":"hexamod:HexaLevel","floor":6},{"not_picked":["hexamod:FastForward","hexamod:Again"],"picked":"hexamod:BacktrackSmack","floor":9},{"not_picked":["hexamod:NightmareGuise","hexamod:FlamesFromBeyond"],"picked":"hexamod:FourthSeal","floor":11},{"not_picked":["hexamod:Firestarter","hexamod:GhostShield"],"picked":"hexamod:SuperheatedStrike","floor":12},{"not_picked":["hexamod:NightmareGuise","hexamod:HeatCrush","hexamod:SkipABeat"],"picked":"SKIP","floor":14},{"not_picked":["hexamod:EtherealExpedition","hexamod:SpectersWail"],"picked":"hexamod:StepThrough","floor":15},{"not_picked":["hexamod:FifthSeal","hexamod:TimeOfNeed"],"picked":"hexamod:HexaLevel","floor":16},{"not_picked":["hexamod:SuperheatedStrike","hexamod:SwordOfDarkness"],"picked":"hexamod:SpectralAdrenaline","floor":17},{"not_picked":["hexamod:GhostShield+1","hexamod:FastForward"],"picked":"hexamod:GhostLash","floor":19},{"not_picked":["hexamod:ThermalTransfer","hexamod:PowerFromBeyond"],"picked":"hexamod:Again+1","floor":20},{"not_picked":["hexamod:Rewind","hexamod:InspiringFlames"],"picked":"hexamod:ThirdSeal","floor":22},{"not_picked":["hexamod:ThirdSeal","hexamod:SwordOfDarkness+1"],"picked":"hexamod:BurningTouch+1","floor":26},{"not_picked":["hexamod:FastForward+1","hexamod:HeatCrush+1","hexamod:ThirdSeal"],"picked":"SKIP","floor":26},{"not_picked":["hexamod:RainOfEmbers+1","hexamod:RecurringNightmare+1"],"picked":"hexamod:GhostOfSpirePresent","floor":28},{"not_picked":["hexamod:FastForward+1","hexamod:Hexaguard+1"],"picked":"hexamod:AdvancingGuard+1","floor":32}],"player_experience":15578,"relics_obtained":[{"floor":6,"key":"Mercury Hourglass"},{"floor":14,"key":"Ancient Tea Set"},{"floor":24,"key":"Toxic Egg 2"},{"floor":28,"key":"Strawberry"},{"floor":31,"key":"War Paint"}],"event_choices":[{"damage_healed":0,"gold_gain":0,"player_choice":"Success","damage_taken":7,"relics_obtained":["HollowMod:StagPassRelic"],"max_hp_gain":0,"max_hp_loss":0,"event_name":"Scrap Ooze","floor":5,"gold_loss":0}],"is_beta":false,"boss_relics":[{"not_picked":["Philosopher\u0027s Stone","Astrolabe"],"picked":"Tiny House"}],"items_purged_floors":[22],"is_endless":false,"potions_floor_spawned":[9,14,16,28],"killed_by":"DF_ARCHETYPE_CLAW","ascension_level":0}}