{"host":"0t49mrxx90xkfqmj","time":1612581983,"event":{"mods":["AchievementEnabler","BaseMod","Colored Map","Colored Powertips","Minty Spire (QoL Compilation)","Relic Stats","Synergy Search"],"gold_per_floor":[119,294,311,327,327,357,376,410,410,429,394,394,394,422,422,422,422],"floor_reached":16,"language":"ENG","playtime":1184,"items_purged":[],"score":132,"play_id":"baa18847-0194-4b91-be67-53d42372cf3a","local_time":"20210206052623","is_ascension_mode":true,"campfire_choices":[{"data":"Poisoned Stab","floor":12.0,"key":"SMITH"},{"data":"Deadly Poison","floor":15.0,"key":"SMITH"}],"circlet_count":0,"master_deck":["Strike_G","Strike_G","Strike_G","Strike_G","Strike_G","Defend_G","Defend_G","Defend_G","Defend_G","Defend_G","Survivor","Neutralize","Footwork","Doubt","Noxious Fumes+1","Deadly Poison+1","Eviscerate","Poisoned Stab+1","Escape Plan"],"relics":["HoveringKite","Art of War","Singing Bowl","Eternal Feather","Blue Candle"],"acts_visited":["Exordium"],"potions_floor_usage":[],"damage_taken":[{"damage":9.0,"enemies":"2 Louse","floor":1.0,"turns":4.0},{"damage":0.0,"enemies":"Jaw Worm","floor":3.0,"turns":6.0},{"damage":9.0,"enemies":"Small Slimes","floor":4.0,"turns":4.0},{"damage":10.0,"enemies":"3 Sentries","floor":6.0,"turns":7.0},{"damage":2.0,"enemies":"2 Fungi Beasts","floor":7.0,"turns":5.0},{"damage":18.0,"enemies":"Gremlin Nob","floor":8.0,"turns":5.0},{"damage":18.0,"enemies":"Exordium Wildlife","floor":10.0,"turns":5.0},{"damage":8.0,"enemies":"Lagavulin","floor":14.0,"turns":6.0},{"damage":33,"enemies":"The Guardian","floor":16,"turns":8}],"seed_played":"7397537302660521047","potions_obtained":[{"floor":1.0,"key":"SpeedPotion"},{"floor":3.0,"key":"Ancient Potion"},{"floor":7.0,"key":"BlessingOfTheForge"},{"floor":8.0,"key":"Dexterity Potion"}],"is_trial":false,"path_per_floor":["M","?","M","M","?","E","M","E","T","M","?","R","?","E","R","B"],"character_chosen":"THE_SILENT","items_purchased":[],"campfire_rested":0,"item_purchase_floors":[],"current_hp_per_floor":[61,61,61,52,52,42,40,22,22,6,24,33,33,25,34,1,1],"gold":422,"neow_bonus":"BOSS_RELIC","is_daily":false,"chose_seed":false,"campfire_upgraded":2,"win_rate":0.0,"timestamp":1612581983,"path_taken":["M","?","M","M","?","E","M","E","T","M","?","R","?","E","R","BOSS"],"items_purchased_type":[],"build_version":"2020-12-22","purchased_purges":0,"victory":false,"max_hp_per_floor":[70,70,70,70,70,70,70,70,70,72,72,72,72,72,72,72,72],"relic_stats":{"Singing Bowl":2,"counters":[9,50],"Blue Candle":[0],"HoveringKite":[12],"Eternal Feather":18,"Art of War":[7],"obtain_stats":[{"Singing Bowl":8,"Blue Candle":14,"HoveringKite":0,"Eternal Feather":9,"Art of War":6,"Ring of the Snake":0},{"Singing Bowl":6,"Blue Candle":8,"HoveringKite":0,"Eternal Feather":6,"Art of War":4,"Ring of the Snake":0},{"Singing Bowl":31,"Blue Candle":42,"HoveringKite":0,"Eternal Feather":31,"Art of War":21,"Ring of the Snake":0}]},"card_choices":[{"not_picked":["Quick Slash","Slice"],"picked":"Footwork","floor":1.0},{"not_picked":["Blur","Underhanded Strike"],"picked":"Noxious Fumes","floor":3.0},{"not_picked":["Quick Slash","Footwork"],"picked":"Deadly Poison","floor":4.0},{"not_picked":["Choke","Bane","Finisher"],"picked":"SKIP","floor":6.0},{"not_picked":["Flying Knee","Setup"],"picked":"Eviscerate","floor":7.0},{"not_picked":["Leg Sweep","Underhanded Strike"],"picked":"Poisoned Stab","floor":8.0},{"not_picked":["Skewer","Expertise","Masterful Stab"],"picked":"Singing Bowl","floor":10.0},{"not_picked":["Outmaneuver","Predator"],"picked":"Escape Plan","floor":14.0}],"player_experience":193822,"relics_obtained":[{"floor":6.0,"key":"Art of War"},{"floor":8.0,"key":"Singing Bowl"},{"floor":9.0,"key":"Eternal Feather"},{"floor":14.0,"key":"Blue Candle"}],"event_choices":[{"damage_healed":0.0,"max_hp_gain":0.0,"max_hp_loss":0.0,"gold_gain":175.0,"event_name":"Liars Game","player_choice":"AGREE","floor":2.0,"gold_loss":0.0,"damage_taken":0.0,"cards_obtained":["Doubt"]},{"damage_healed":0.0,"max_hp_gain":0.0,"max_hp_loss":0.0,"gold_gain":0.0,"event_name":"Living Wall","player_choice":"Grow","floor":5.0,"gold_loss":0.0,"damage_taken":0.0,"cards_upgraded":["Noxious Fumes"]},{"damage_healed":18.0,"max_hp_gain":0.0,"max_hp_loss":0.0,"gold_gain":0.0,"event_name":"The Cleric","player_choice":"Healed","floor":11.0,"gold_loss":35.0,"damage_taken":0.0},{"damage_healed":0.0,"max_hp_gain":0.0,"max_hp_loss":0.0,"gold_gain":0.0,"event_name":"Shining Light","player_choice":"Ignored","floor":13.0,"gold_loss":0.0,"damage_taken":0.0}],"is_beta":false,"boss_relics":[],"items_purged_floors":[],"is_endless":false,"potions_floor_spawned":[1,3,7,8],"killed_by":"The Guardian","ascension_level":2}}