{"host":"p08oqmr389b4tgxi","time":1612603825,"event":{"mods":["100% Spire Juice","ATMod(°¢èªMod)","Act Like it!","Arknights","BaseMod","Colored Powertips","Gensokyo","Hallownest","KomeijiMod","Minty Spire (QoL Compilation)","Quick Restart","Relic Filter Mod","Relic Stats","Reliquary","StSLib","Yakumo Yukari mod","¡¾ÒÅÎï¿¨ÅÆ¡¿REMEMod"],"gold_per_floor":[119,119,130,143,161,72,84,84,84,104,104,18,18,18,18,117,117,11,26,26,45,63,63,63,111,111,111,124,124,124,138,138,242,2,13,33,45,63,223,258,258,78,104,104,118,129,159,173,173,173],"floor_reached":51,"language":"ZHS","playtime":3468,"items_purged":[],"score":725,"play_id":"5effbe2c-4104-4eef-85e6-cc280bf2f109","local_time":"20210206173025","is_ascension_mode":false,"campfire_choices":[{"data":"Moonworks:IntelligenceOfficer","floor":11.0,"key":"SMITH"},{"data":"Moonworks:MiracleWalker","floor":15.0,"key":"SMITH"},{"data":"Moonworks:Dash","floor":23.0,"key":"SMITH"},{"data":"Moonworks:Encore","floor":27.0,"key":"SMITH"},{"data":"Moonworks:HolyNight","floor":30.0,"key":"SMITH"},{"data":"Adrenaline","floor":32.0,"key":"SMITH"},{"data":"Moonworks:AccelHyper","floor":41,"key":"SMITH"},{"data":"Moonworks:MiracleWalker","floor":44,"key":"SMITH"},{"data":"Moonworks:RedAndBlue","floor":49,"key":"SMITH"}],"circlet_count":0,"master_deck":["Moonworks:Ambush","Moonworks:LongDistanceShot","Adrenaline+1","AT_OneInchPunch","Moonworks:RedAndBlue+1","Moonworks:BindingChains","Moonworks:CompletionReward","Moonworks:ShieldCounter","Moonworks:StarBlastingFuse","Moonworks:JonathanRush","Moonworks:Encore+1","Moonworks:IntelligenceOfficer+1","Moonworks:Flamethrower","Moonworks:MiracleWalker+1","Moonworks:HolyNight+1","Moonworks:MiracleWalker+1","Moonworks:GoAway","Moonworks:SweetBattle+1","Moonworks:Dash+1","Moonworks:MiracleRedBeanIceCream","Moonworks:TacticalRetreat+1","Moonworks:Flamethrower+1","Moonworks:AccelHyper+1","Moonworks:MixPhenomenon+1","Moonworks:SakisCookie+1","Moonworks:TacticalRetreat+1","Moonworks:RedAndBlue+1"],"relics":["Moonworks:Homemark","REME_ComplimentaryCards","AT_ATBox","Pandora\u0027s Box","AT_RedNoBalance","Hallownest:DreamNailRelic","Bronze Scales","AT_TrinityForce","Hallownest:WatcherSealRelic","Ornamental Fan","reliquary:Ember","Hallownest:GodTamersBeastRelic","REME_LimitBreaker","Hallownest:StagBellRelic1","Happy Flower","The Courier"],"acts_visited":["Exordium","Hallownest:Greenpath","Hallownest:CityofTears"],"potions_floor_usage":[],"damage_taken":[{"damage":0.0,"enemies":"Hallownest:2_Baldur","floor":1.0,"turns":2.0},{"damage":0.0,"enemies":"Hallownest:monsterHuskWarrior","floor":3.0,"turns":3.0},{"damage":0.0,"enemies":"Hallownest:monsterHuskGuard","floor":4.0,"turns":3.0},{"damage":13.0,"enemies":"Hallownest:2_Tiktiks_1_Baldur_1_Crawlid","floor":5.0,"turns":3.0},{"damage":6.0,"enemies":"Hallownest:eliteMossKnight","floor":6.0,"turns":3.0},{"damage":3.0,"enemies":"Hallownest:monsterFoolEater","floor":7.0,"turns":2.0},{"damage":16.0,"enemies":"Hallownest:Wandering_and_Horned","floor":10.0,"turns":3.0},{"damage":5.0,"enemies":"Hallownest:eliteVengeflyKing","floor":12.0,"turns":4.0},{"damage":0.0,"enemies":"Hallownest:monsterAspidMother","floor":14.0,"turns":2.0},{"damage":21.0,"enemies":"Hallownest:BossFalseKnight","floor":16.0,"turns":6.0},{"damage":10.0,"enemies":"Hallownest:3_Youths","floor":18.0,"turns":5.0},{"damage":0.0,"enemies":"Hallownest:2_Mistakes","floor":19.0,"turns":3.0},{"damage":8.0,"enemies":"Hallownest:Master_and_Novice","floor":21.0,"turns":2.0},{"damage":0.0,"enemies":"Hallownest:Warrior_and_Youth","floor":22.0,"turns":3.0},{"damage":13.0,"enemies":"Hallownest:Glutton_and_Coward","floor":25.0,"turns":3.0},{"damage":0.0,"enemies":"Hallownest:3_Mistakes","floor":28.0,"turns":5.0},{"damage":0.0,"enemies":"Hallownest:2_Husk_Sentries","floor":31.0,"turns":4.0},{"damage":26.0,"enemies":"Hallownest:BossGrimm","floor":33.0,"turns":5.0},{"damage":3.0,"enemies":"Hallownest:Shield_Heavy","floor":35.0,"turns":3.0},{"damage":9.0,"enemies":"Hallownest:2_Littles","floor":36.0,"turns":4.0},{"damage":10.0,"enemies":"Hallownest:2_Wing_and_1_Kings","floor":37.0,"turns":6.0},{"damage":17.0,"enemies":"Hallownest:Xero_Hu_Marmu","floor":38.0,"turns":4.0},{"damage":12,"enemies":"Hallownest:Xero_Hu_Marmu","floor":39,"turns":3},{"damage":8,"enemies":"Hallownest:Xero_Hu_Marmu","floor":39,"turns":3},{"damage":38,"enemies":"Hallownest:Xero_Hu_Marmu","floor":39,"turns":4},{"damage":4,"enemies":"Hallownest:Xero_Hu_Marmu","floor":39,"turns":4},{"damage":2,"enemies":"Hallownest:eliteCollector","floor":40,"turns":5},{"damage":18,"enemies":"Hallownest:2_Wandering_and_1_Horned","floor":45,"turns":5},{"damage":4,"enemies":"Hallownest:Shield_Sturdy","floor":46,"turns":4},{"damage":1037,"enemies":"Hallownest:StalkingDevout","floor":47,"turns":5},{"damage":0,"enemies":"Hallownest:2_Great","floor":48,"turns":3},{"damage":3,"enemies":"Hallownest:BossGreyPrinceZote","floor":50,"turns":7}],"seed_played":"7306010949299416299","potions_obtained":[{"floor":1.0,"key":"FairyPotion"},{"floor":6.0,"key":"CultistPotion"},{"floor":16.0,"key":"Weak Potion"},{"floor":47,"key":"AttackPotion"}],"is_trial":false,"path_per_floor":["M","?","M","M","M","E","M","?","T","M","R","E","$","M","R","B",null,"M","M","?","M","M","R","?","M","T","R","M","?","R","M","R","B",null,"M","M","M","M","?","E","R","?","T","R","M","M","E","M","R","B",null],"character_chosen":"THE_STARBREAKER","items_purchased":[],"campfire_rested":0,"item_purchase_floors":[],"current_hp_per_floor":[60,51,51,51,38,32,27,27,27,14,14,25,25,30,30,9,60,20,30,30,22,38,38,38,26,26,26,45,45,45,37,37,18,60,60,51,58,48,35,60,60,60,60,60,44,58,7,15,15,32],"gold":173,"neow_bonus":"BOSS_RELIC","is_daily":false,"chose_seed":false,"campfire_upgraded":9,"win_rate":0.0,"timestamp":1612603825,"path_taken":["M","?","M","M","M","E","M","?","T","M","R","E","$","?","R","BOSS","M","M","?","M","M","R","?","M","T","R","M","?","R","?","R","BOSS","M","M","M","M","?","E","R","?","T","R","M","M","E","M","R","BOSS"],"items_purchased_type":[],"build_version":"2020-12-22","purchased_purges":0,"victory":true,"max_hp_per_floor":[60,60,60,60,60,60,60,60,60,60,60,60,60,60,60,60,60,60,60,60,60,60,60,60,60,60,60,60,60,60,60,60,60,60,60,60,60,60,60,60,60,60,60,60,60,60,60,60,60,60],"relic_stats":{"Happy Flower":[8],"counters":[32,121],"Ornamental Fan":[32],"Bronze Scales":[219],"Pandora\u0027s Box":["Moonworks:RedAndBlue","Moonworks:BindingChains","Moonworks:CompletionReward","Moonworks:ShieldCounter","Moonworks:StarBlastingFuse","Moonworks:JonathanRush","Moonworks:Encore","Moonworks:IntelligenceOfficer"],"obtain_stats":[{"Hallownest:StagBellRelic1":42,"AT_ATBox":0,"Happy Flower":43,"AT_SilverBalance":6,"The Courier":47,"Hallownest:DreamNailRelic":8,"REME_LimitBreaker":40,"Hallownest:GodTamersBeastRelic":39,"Hallownest:WatcherSealRelic":20,"Ornamental Fan":26,"Moonworks:Homemark":0,"Bronze Scales":12,"AT_TrinityForce":17,"Pandora\u0027s Box":0,"reliquary:Ember":34,"AT_RedNoBalance":31,"Moonworks:BrokenBomb":0,"REME_ComplimentaryCards":0},{"Hallownest:StagBellRelic1":27,"AT_ATBox":0,"Happy Flower":27,"AT_SilverBalance":5,"The Courier":30,"Hallownest:DreamNailRelic":6,"REME_LimitBreaker":27,"Hallownest:GodTamersBeastRelic":26,"Hallownest:WatcherSealRelic":12,"Ornamental Fan":15,"Moonworks:Homemark":0,"Bronze Scales":8,"AT_TrinityForce":10,"Pandora\u0027s Box":0,"reliquary:Ember":18,"AT_RedNoBalance":17,"Moonworks:BrokenBomb":0,"REME_ComplimentaryCards":0},{"Hallownest:StagBellRelic1":97,"AT_ATBox":0,"Happy Flower":97,"AT_SilverBalance":14,"The Courier":111,"Hallownest:DreamNailRelic":16,"REME_LimitBreaker":97,"Hallownest:GodTamersBeastRelic":92,"Hallownest:WatcherSealRelic":39,"Ornamental Fan":47,"Moonworks:Homemark":0,"Bronze Scales":23,"AT_TrinityForce":31,"Pandora\u0027s Box":0,"reliquary:Ember":61,"AT_RedNoBalance":52,"Moonworks:BrokenBomb":0,"REME_ComplimentaryCards":0}]},"card_choices":[{"not_picked":["Moonworks:ImOnFire","Moonworks:UnluckyCharm","Moonworks:LulusLuckyEgg"],"picked":"SKIP","floor":1.0},{"not_picked":["Moonworks:CastOff","Moonworks:NicePresent","Moonworks:Assault"],"picked":"SKIP","floor":3.0},{"not_picked":["Moonworks:Encore","Moonworks:IndiscriminateFireSupport"],"picked":"Moonworks:Flamethrower","floor":4.0},{"not_picked":["Moonworks:JonathanRush","Moonworks:CloudOfSeagulls","Moonworks:NicePresent"],"picked":"SKIP","floor":5.0},{"not_picked":["Moonworks:ReproductionOfRecords","Moonworks:Bloodlust"],"picked":"Moonworks:MiracleWalker","floor":6.0},{"not_picked":["Moonworks:Assault","Moonworks:JonathanRush","Moonworks:Flamethrower"],"picked":"SKIP","floor":7.0},{"not_picked":["Moonworks:SakisCookie","Moonworks:Assault"],"picked":"Moonworks:HolyNight","floor":10.0},{"not_picked":["Moonworks:Assault","Moonworks:FullSpeedAlicianrone"],"picked":"Moonworks:MiracleWalker","floor":12.0},{"not_picked":["Moonworks:EvilSpyWorkPreparation","Moonworks:NicePresent","Moonworks:x16BigRocket"],"picked":"SKIP","floor":14.0},{"not_picked":["Moonworks:SinkOrSwim","Moonworks:Gamble"],"picked":"Moonworks:GoAway","floor":16.0},{"not_picked":["Moonworks:Assault+1","Moonworks:CloudOfSeagulls","Moonworks:ImOnFire"],"picked":"SKIP","floor":18.0},{"not_picked":["Moonworks:CloudOfSeagulls","Moonworks:IndiscriminateFireSupport"],"picked":"Moonworks:SweetBattle+1","floor":19.0},{"not_picked":["Moonworks:BigMagnum","Moonworks:IndiscriminateFireSupport"],"picked":"Moonworks:Dash","floor":21.0},{"not_picked":["Moonworks:EvilMastermind","Moonworks:BackdoorTrade"],"picked":"Moonworks:MiracleRedBeanIceCream","floor":22.0},{"not_picked":["Moonworks:NicePresent","Moonworks:Flamethrower+1"],"picked":"Moonworks:TacticalRetreat+1","floor":25.0},{"not_picked":["Moonworks:RagingMadness","Moonworks:DeployBits+1","Moonworks:FullSpeedAlicianrone"],"picked":"SKIP","floor":28.0},{"not_picked":["Moonworks:JonathanRush","Moonworks:LulusLuckyEgg"],"picked":"Moonworks:Flamethrower+1","floor":31.0},{"not_picked":["Moonworks:PlushieMaster","Moonworks:WeAreWaruda"],"picked":"Moonworks:AccelHyper","floor":33.0},{"not_picked":["Moonworks:MiracleWalker","Moonworks:Assault+1","Moonworks:NicePresent+1"],"picked":"SKIP","floor":35.0},{"not_picked":["Moonworks:IndiscriminateFireSupport","Moonworks:Assault"],"picked":"Moonworks:MixPhenomenon+1","floor":36.0},{"not_picked":["Moonworks:CloudOfSeagulls+1","Moonworks:RedAndBlue","Moonworks:ImmovableObject+1"],"picked":"SKIP","floor":37.0},{"not_picked":["Moonworks:x16BigRocket","Moonworks:MiracleRedBeanIceCream"],"picked":"Moonworks:SakisCookie+1","floor":38.0},{"not_picked":["Moonworks:RagingMadness+1","Moonworks:ReproductionOfRecords","Moonworks:BigMagnum"],"picked":"SKIP","floor":40},{"not_picked":["Moonworks:RagingMadness+1","Moonworks:ReproductionOfRecords","Moonworks:BigMagnum"],"picked":"SKIP","floor":40},{"not_picked":["Moonworks:Assault","Moonworks:CloudOfSeagulls+1","Moonworks:JonathanRush"],"picked":"SKIP","floor":45},{"not_picked":["Moonworks:Assault","Moonworks:FinalSurgery+1","Moonworks:AccelHyper"],"picked":"SKIP","floor":46},{"not_picked":["Moonworks:JonathanRush+1","Moonworks:BigMagnum"],"picked":"Moonworks:TacticalRetreat+1","floor":47},{"not_picked":["Moonworks:SelfDestruct","Moonworks:MixPhenomenon"],"picked":"Moonworks:RedAndBlue+1","floor":48}],"player_experience":75448,"relics_obtained":[{"floor":6.0,"key":"AT_SilverBalance"},{"floor":12.0,"key":"Bronze Scales"},{"floor":26.0,"key":"Ornamental Fan"},{"floor":40,"key":"REME_LimitBreaker"},{"floor":43,"key":"Happy Flower"},{"floor":47,"key":"The Courier"}],"event_choices":[],"is_beta":false,"boss_relics":[{"not_picked":["Empty Cage","REME_LowDesire"],"picked":"AT_TrinityForce"},{"not_picked":["Black Star","Runic Pyramid"],"picked":"reliquary:Ember"}],"items_purged_floors":[],"is_endless":false,"potions_floor_spawned":[1,6,16,19,22,25,38,39,40,46,47,48],"ascension_level":0}}