{"host":"fp8agajml3w3zuy9","time":1612646256,"event":{"mods":["AchievementEnabler","BaseMod","BetterRewards","Card Forge","DeckTracker","Minty Spire (QoL Compilation)","Permanent Neow","Relic Filter","StSLib","The Senshi"],"gold_per_floor":[118,130,143,157,157,184,184,218,230,274,286,298,386,398,410,543,555,586,614,626,662,589,640,675,687,699,742,853,879,924,936,948,1080,1092,1118,1130,1161,1194,1227,1272,1284,1340,1379,1427,1454,1500,1512,1549,1561,1573,1585,1597,945,979,979],"floor_reached":56,"language":"ENG","playtime":4011,"items_purged":["Defend_R"],"score":3167,"play_id":"727feaa4-74eb-4b2c-b0aa-0d3e2ff834b2","local_time":"20210206211736","is_ascension_mode":true,"campfire_choices":[{"floor":7.0,"key":"RECALL"},{"floor":11.0,"key":"REST"},{"floor":15.0,"key":"REST"},{"data":"1","floor":25,"key":"LIFT"},{"data":"2","floor":32,"key":"LIFT"},{"data":"3","floor":41,"key":"LIFT"},{"floor":49,"key":"REST"},{"floor":52,"key":"REST"}],"circlet_count":0,"master_deck":["AscendersBane","Body Slam+1","Barricade+1","Entrench+1","Seeing Red+1","Sentinel+1","Uppercut+1","Burning Pact+1","Exhume+1","Master of Strategy+1","Master of Strategy+1","RitualDagger+1","Panache+1","Sentinel+1","Dark Embrace+1","Power Through+1","Sentinel+1","Sentinel+1"],"relics":["Burning Blood","Hammer of Thor","Seething Fire","Anvil of the Gods","Gremlin Horn","Bottled Flame","MawBank","Paper Frog","Golden Idol","Busted Crown","Girya","Meat on the Bone","Sundial","Self Forming Clay","Question Card","Fusion Hammer","Singing Bowl","HornCleat","Centennial Puzzle","Boot","Akabeko","Bag of Marbles","Turnip","Frozen Eye","Orichalcum"],"acts_visited":["TheCity","TheBeyond","TheEnding"],"potions_floor_usage":[27,37,38,45,50,55,55],"damage_taken":[{"damage":1.0,"enemies":"Cultist","floor":1.0,"turns":3.0},{"damage":0.0,"enemies":"Small Slimes","floor":2.0,"turns":3.0},{"damage":17.0,"enemies":"Jaw Worm","floor":3.0,"turns":4.0},{"damage":6.0,"enemies":"Blue Slaver","floor":4.0,"turns":4.0},{"damage":0.0,"enemies":"Gremlin Nob","floor":6.0,"turns":2.0},{"damage":0.0,"enemies":"Lagavulin","floor":8.0,"turns":3.0},{"damage":2.0,"enemies":"3 Sentries","floor":10.0,"turns":7.0},{"damage":0.0,"enemies":"Slime Boss","floor":16.0,"turns":11.0},{"damage":0,"enemies":"Chosen","floor":18,"turns":3},{"damage":0,"enemies":"3 Byrds","floor":19,"turns":1},{"damage":0,"enemies":"3 Cultists","floor":21,"turns":2},{"damage":6,"enemies":"Gremlin Leader","floor":23,"turns":1},{"damage":0,"enemies":"Snecko","floor":24,"turns":1},{"damage":0,"enemies":"Slavers","floor":27,"turns":1},{"damage":0,"enemies":"Centurion and Healer","floor":29,"turns":1},{"damage":0,"enemies":"Gremlin Leader","floor":30,"turns":1},{"damage":0,"enemies":"Champ","floor":33,"turns":5},{"damage":0,"enemies":"Orb Walker","floor":35,"turns":1},{"damage":8,"enemies":"3 Shapes","floor":37,"turns":2},{"damage":0,"enemies":"Jaw Worm Horde","floor":38,"turns":2},{"damage":0,"enemies":"4 Shapes","floor":39,"turns":2},{"damage":0,"enemies":"Reptomancer","floor":40,"turns":2},{"damage":5,"enemies":"Nemesis","floor":42,"turns":3},{"damage":0,"enemies":"Reptomancer","floor":44,"turns":1},{"damage":0,"enemies":"Sphere and 2 Shapes","floor":45,"turns":3},{"damage":0,"enemies":"Nemesis","floor":46,"turns":1},{"damage":0,"enemies":"Spire Growth","floor":48,"turns":1},{"damage":0,"enemies":"Awakened One","floor":50,"turns":2},{"damage":0,"enemies":"Shield and Spear","floor":54,"turns":1},{"damage":3,"enemies":"The Heart","floor":55,"turns":5}],"seed_played":"1655584743177528981","potions_obtained":[{"floor":3.0,"key":"GamblersBrew"},{"floor":8.0,"key":"BlessingOfTheForge"},{"floor":16,"key":"LiquidMemories"},{"floor":35,"key":"BlessingOfTheForge"},{"floor":37,"key":"DistilledChaos"},{"floor":38,"key":"FearPotion"},{"floor":44,"key":"Swift Potion"},{"floor":48,"key":"DistilledChaos"},{"floor":54,"key":"LiquidBronze"}],"is_trial":false,"path_per_floor":["M","M","M","M","?","E","R","E","T","E","R","?","?","$","R","B",null,"M","M","?","M","?","E","M","R","T","E","?","M","E","$","R","B",null,"M","?","M","M","M","E","R","E","T","E","M","E","?","M","R","B",null,"R","$","E","B",null],"character_chosen":"IRONCLAD","items_purchased":["Shrug It Off","Gremlin Horn","Bag of Marbles","Turnip","Frozen Eye","LiquidBronze"],"campfire_rested":4,"item_purchase_floors":[0,0,53,53,53,53],"current_hp_per_floor":[61,67,56,56,56,62,62,68,68,72,80,60,60,60,80,80,80,80,80,65,71,71,71,77,77,77,83,83,85,85,85,85,85,85,85,85,83,85,85,87,87,89,89,91,93,95,95,97,97,97,97,97,97,99,99],"gold":979,"neow_bonus":"","is_daily":false,"chose_seed":false,"campfire_upgraded":0,"win_rate":0.0,"timestamp":1612646256,"path_taken":["M","?","M","M","?","E","R","E","T","E","R","?","?","$","R","BOSS","BOSS","M","M","?","M","?","E","M","R","T","E","?","M","E","?","R","BOSS","M","?","M","M","?","E","R","E","T","E","M","E","?","M","R","BOSS","R","$","E","BOSS"],"items_purchased_type":["Card","Relic","Relic","Relic","Relic","Potion"],"build_version":"2020-12-22","purchased_purges":1,"victory":true,"max_hp_per_floor":[80,80,80,80,80,80,80,80,80,80,80,80,80,80,80,80,80,80,80,85,85,85,85,85,85,85,85,85,85,85,85,85,85,85,85,85,85,85,85,87,87,89,89,91,93,95,95,97,97,97,97,97,97,99,99],"card_choices":[{"not_picked":["Warcry","Burning Pact","Headbutt"],"picked":"SKIP","floor":1.0},{"not_picked":["Havoc","Rupture"],"picked":"Brutality","floor":2.0},{"not_picked":["Warcry","Wild Strike"],"picked":"Shrug It Off","floor":3.0},{"not_picked":["Rage","Armaments"],"picked":"Body Slam","floor":4.0},{"not_picked":["True Grit","Dropkick","Juggernaut"],"picked":"SKIP","floor":6.0},{"not_picked":["Brutality","Metallicize"],"picked":"Rupture","floor":8.0},{"not_picked":["Warcry","Uppercut","Anger"],"picked":"SKIP","floor":10.0},{"not_picked":["Impervious","Demon Form"],"picked":"Feed","floor":16},{"not_picked":["Clash"],"picked":"SKIP","floor":18},{"not_picked":["Feel No Pain"],"picked":"SKIP","floor":19},{"not_picked":["Flex"],"picked":"SKIP","floor":21},{"not_picked":["Berserk"],"picked":"SKIP","floor":23},{"not_picked":["Perfected Strike"],"picked":"SKIP","floor":24},{"not_picked":["Intimidate"],"picked":"SKIP","floor":27},{"not_picked":["Pommel Strike"],"picked":"SKIP","floor":29},{"not_picked":["Pommel Strike"],"picked":"SKIP","floor":29},{"not_picked":[],"picked":"Sentinel","floor":30},{"not_picked":["Dark Embrace","Ghostly Armor"],"picked":"SKIP","floor":35},{"not_picked":["Wild Strike","Warcry"],"picked":"SKIP","floor":37},{"not_picked":["Sentinel","Reckless Charge"],"picked":"SKIP","floor":38},{"not_picked":["Sword Boomerang","Flex"],"picked":"SKIP","floor":39},{"not_picked":["Shrug It Off+1","Entrench"],"picked":"Singing Bowl","floor":40},{"not_picked":["Flex+1","Fiend Fire"],"picked":"Singing Bowl","floor":42},{"not_picked":["Headbutt","Body Slam"],"picked":"Singing Bowl","floor":44},{"not_picked":["Clothesline","Twin Strike"],"picked":"Singing Bowl","floor":45},{"not_picked":["Perfected Strike","Rage"],"picked":"Singing Bowl","floor":46},{"not_picked":["Searing Blow","Shrug It Off"],"picked":"Singing Bowl","floor":48},{"not_picked":["Iron Wave+1","Immolate"],"picked":"Singing Bowl","floor":54}],"player_experience":417366,"relics_obtained":[{"floor":6.0,"key":"Bottled Flame"},{"floor":8.0,"key":"MawBank"},{"floor":10.0,"key":"Paper Frog"},{"floor":23,"key":"Meat on the Bone"},{"floor":26,"key":"Sundial"},{"floor":27,"key":"Self Forming Clay"},{"floor":30,"key":"Question Card"},{"floor":40,"key":"Singing Bowl"},{"floor":42,"key":"HornCleat"},{"floor":43,"key":"Centennial Puzzle"},{"floor":44,"key":"Boot"},{"floor":46,"key":"Akabeko"},{"floor":54,"key":"Orichalcum"}],"event_choices":[{"cards_removed":["Strike_R"],"damage_healed":0.0,"max_hp_gain":0.0,"max_hp_loss":0.0,"gold_gain":0.0,"event_name":"Living Wall","player_choice":"Forget","floor":5.0,"gold_loss":0.0,"damage_taken":0.0},{"damage_healed":0.0,"max_hp_gain":0.0,"max_hp_loss":0.0,"gold_gain":0.0,"event_name":"Golden Idol","player_choice":"Take Damage","floor":12.0,"gold_loss":0.0,"damage_taken":20.0,"relics_obtained":["Golden Idol"]},{"damage_healed":0.0,"max_hp_gain":0.0,"max_hp_loss":0.0,"gold_gain":76.0,"event_name":"Golden Wing","player_choice":"Gained Gold","floor":13.0,"gold_loss":0.0,"damage_taken":0.0},{"damage_healed":0,"gold_gain":0,"player_choice":"Shed Blood","damage_taken":20,"max_hp_gain":5,"max_hp_loss":0,"event_name":"Forgotten Altar","floor":20,"gold_loss":0},{"damage_healed":0,"gold_gain":0,"player_choice":"Obtained Relic","damage_taken":0,"relics_obtained":["Girya"],"max_hp_gain":0,"max_hp_loss":0,"event_name":"Addict","floor":22,"gold_loss":85},{"damage_healed":0,"gold_gain":99,"player_choice":"Stole From Cult","damage_taken":0,"max_hp_gain":0,"max_hp_loss":0,"event_name":"Nest","floor":28,"gold_loss":0},{"damage_healed":0,"gold_gain":0,"player_choice":"Ignored","damage_taken":0,"max_hp_gain":0,"max_hp_loss":0,"event_name":"SecretPortal","floor":36,"gold_loss":0},{"damage_healed":0,"gold_gain":0,"player_choice":"Ignored","damage_taken":0,"max_hp_gain":0,"max_hp_loss":0,"event_name":"Tomb of Lord Red Mask","floor":47,"gold_loss":0}],"is_beta":false,"boss_relics":[{"not_picked":["Astrolabe","theSenshi:MoonKaleidoScopeRelic"],"picked":"Busted Crown"},{"not_picked":["Snecko Eye","SlaversCollar"],"picked":"Fusion Hammer"}],"items_purged_floors":[0],"is_endless":false,"potions_floor_spawned":[3,8,10,16,18,19,21,24,35,37,38,44,48,54],"ascension_level":12}}