{"host":"msfr2axb1w9025n0","time":1612597185,"event":{"mods":["BaseMod","Bestiary","Block Reminder","Colored Map","DeckTracker","Minty Spire (QoL Compilation)","Relic Stats","Weighted Paths"],"gold_per_floor":[119,138,149,160,160,160,160,196,234,246,246],"floor_reached":10,"language":"ENG","playtime":350,"items_purged":[],"score":116,"play_id":"2a118580-f55f-4d9b-9063-6d21c766dc53","local_time":"20210206143945","is_ascension_mode":true,"campfire_choices":[{"data":"Crippling Poison","floor":6,"key":"SMITH"}],"circlet_count":0,"master_deck":["AscendersBane","Strike_G","Strike_G","Strike_G","Strike_G","Strike_G","Defend_G","Defend_G","Defend_G","Defend_G","Defend_G","Survivor","Neutralize","Crippling Poison+1","Flying Knee","Blade Dance","Blade Dance","Tactician","Adrenaline"],"relics":["Ring of the Snake","Golden Idol","MawBank","Tiny Chest"],"acts_visited":["Exordium"],"potions_floor_usage":[8],"damage_taken":[{"damage":4,"enemies":"Jaw Worm","floor":1,"turns":5},{"damage":4,"enemies":"Small Slimes","floor":2,"turns":4},{"damage":2,"enemies":"Cultist","floor":3,"turns":4},{"damage":11,"enemies":"Lots of Slimes","floor":4,"turns":4},{"damage":31,"enemies":"Lagavulin","floor":8,"turns":7},{"damage":0,"enemies":"3 Sentries","floor":10,"turns":1}],"seed_played":"-1156412066968603388","potions_obtained":[{"floor":2,"key":"Fruit Juice"}],"is_trial":false,"path_per_floor":["M","M","M","M","?","R","?","E","T","E"],"character_chosen":"THE_SILENT","items_purchased":[],"campfire_rested":0,"item_purchase_floors":[],"current_hp_per_floor":[55,51,49,38,38,38,38,12,12,12,12],"gold":246,"neow_bonus":"THREE_CARDS","is_daily":false,"chose_seed":false,"campfire_upgraded":1,"win_rate":0.0,"timestamp":1612597185,"path_taken":["M","M","M","M","?","R","?","E","T","E"],"items_purchased_type":[],"build_version":"2020-12-22","purchased_purges":0,"victory":false,"max_hp_per_floor":[66,66,66,66,61,61,61,66,66,66,66],"relic_stats":{"counters":[6,25],"Golden Idol":7,"Tiny Chest":0,"MawBank":24,"obtain_stats":[{"Golden Idol":5,"Tiny Chest":9,"MawBank":8,"Ring of the Snake":0},{"Golden Idol":4,"Tiny Chest":5,"MawBank":5,"Ring of the Snake":0},{"Golden Idol":17,"Tiny Chest":24,"MawBank":24,"Ring of the Snake":0}],"Ring of the Snake":[12]},"card_choices":[{"not_picked":["Quick Slash","Underhanded Strike"],"picked":"Crippling Poison","floor":0},{"not_picked":["Prepared","Underhanded Strike"],"picked":"Flying Knee","floor":1},{"not_picked":["Underhanded Strike","Backflip"],"picked":"Blade Dance","floor":2},{"not_picked":["Catalyst","Dash"],"picked":"Blade Dance","floor":3},{"not_picked":["Flechettes","Outmaneuver"],"picked":"Tactician","floor":4},{"not_picked":["Sucker Punch","Slice"],"picked":"Adrenaline","floor":8}],"player_experience":295381,"relics_obtained":[{"floor":8,"key":"MawBank"},{"floor":9,"key":"Tiny Chest"}],"event_choices":[{"damage_healed":0,"gold_gain":0,"player_choice":"Lose Max HP","damage_taken":0,"relics_obtained":["Golden Idol"],"max_hp_gain":0,"max_hp_loss":5,"event_name":"Golden Idol","floor":5,"gold_loss":0},{"damage_healed":0,"gold_gain":0,"player_choice":"Ignored","damage_taken":0,"max_hp_gain":0,"max_hp_loss":0,"event_name":"Liars Game","floor":7,"gold_loss":0}],"is_beta":false,"boss_relics":[],"items_purged_floors":[],"is_endless":false,"potions_floor_spawned":[2],"killed_by":"3 Sentries","ascension_level":14}}