{"host":"rolltorest","time":1612602516,"event":{"mods":["BaseMod","Minty Spire (QoL Compilation)","Relic Stats","Slay the Relics Exporter","StSLib"],"gold_per_floor":[112,112,187,200,219,219,219,253,253,253,10,79,79,93,93,171,171,181,181,181,200,200,200,200],"floor_reached":23,"language":"ENG","playtime":768,"items_purged":["Strike_B"],"score":374,"play_id":"4f68b0fb-07b8-4b7c-a341-864dacee696e","local_time":"20210206010836","is_ascension_mode":true,"campfire_choices":[{"floor":6,"key":"REST"},{"floor":10,"key":"REST"},{"data":"Streamline","floor":13,"key":"SMITH"},{"data":"Cold Snap","floor":15,"key":"SMITH"}],"circlet_count":0,"master_deck":["AscendersBane","Strike_B","Strike_B","Defend_B","Defend_B","Defend_B","Defend_B","Zap","Dualcast","Echo Form","Sweeping Beam","Streamline+1","Cold Snap+1","Chill","Conserve Battery","Biased Cognition","RitualDagger","Genetic Algorithm"],"relics":["Cracked Core","Cables","Omamori","Bottled Flame","ClockworkSouvenir","Nuclear Battery","Nilry\u0027s Codex"],"acts_visited":["Exordium","TheCity"],"potions_floor_usage":[14,16,21],"damage_taken":[{"damage":12,"enemies":"2 Louse","floor":1,"turns":4},{"damage":12,"enemies":"Jaw Worm","floor":4,"turns":4},{"damage":0,"enemies":"Small Slimes","floor":5,"turns":3},{"damage":41,"enemies":"Lagavulin","floor":8,"turns":7},{"damage":10,"enemies":"Exordium Wildlife","floor":14,"turns":4},{"damage":11,"enemies":"Hexaghost","floor":16,"turns":11},{"damage":0,"enemies":"Spheric Guardian","floor":18,"turns":3},{"damage":14,"enemies":"2 Thieves","floor":21,"turns":4},{"damage":16,"enemies":"Gremlin Leader","floor":23,"turns":4}],"seed_played":"-2673571068808262088","potions_obtained":[{"floor":5,"key":"SpeedPotion"},{"floor":8,"key":"SteroidPotion"},{"floor":16,"key":"EssenceOfDarkness"},{"floor":21,"key":"Strength Potion"}],"is_trial":false,"path_per_floor":["M","$","?","M","M","R","T","E","T","R","$","?","R","M","R","B",null,"M","?","?","M","?","E"],"character_chosen":"DEFECT","items_purchased":["ClockworkSouvenir"],"campfire_rested":2,"item_purchase_floors":[11],"current_hp_per_floor":[52,52,41,29,29,48,48,7,7,26,26,26,26,16,16,5,49,49,43,22,8,8,0,0],"gold":200,"neow_bonus":"THREE_RARE_CARDS","is_daily":false,"chose_seed":false,"campfire_upgraded":2,"win_rate":0.0,"timestamp":1612602516,"path_taken":["M","$","?","M","M","R","?","E","T","R","$","?","R","?","R","BOSS","M","?","?","M","?","E"],"items_purchased_type":["Relic"],"build_version":"2020-12-18","purchased_purges":1,"victory":false,"max_hp_per_floor":[64,64,64,64,64,64,64,64,64,64,64,64,64,64,64,64,64,64,64,64,64,64,64,64],"relic_stats":{"counters":[9,44],"obtain_stats":[{"Bottled Flame":9,"Nilry\u0027s Codex":20,"Omamori":8,"Cracked Core":0,"Cables":7,"ClockworkSouvenir":11,"Nuclear Battery":17},{"Bottled Flame":4,"Nilry\u0027s Codex":7,"Omamori":4,"Cracked Core":0,"Cables":3,"ClockworkSouvenir":4,"Nuclear Battery":6},{"Bottled Flame":18,"Nilry\u0027s Codex":36,"Omamori":18,"Cracked Core":0,"Cables":11,"ClockworkSouvenir":18,"Nuclear Battery":33}],"Cables":[29,14,11,3,1]},"card_choices":[{"not_picked":["Multi-Cast","Meteor Strike"],"picked":"Echo Form","floor":0},{"not_picked":["Leap","Redo"],"picked":"Sweeping Beam","floor":1},{"not_picked":["Hologram","Conserve Battery"],"picked":"Streamline","floor":4},{"not_picked":["Hologram","Reboot"],"picked":"Cold Snap","floor":5},{"not_picked":["Steam","Chaos"],"picked":"Chill","floor":8},{"not_picked":["Turbo","Go for the Eyes"],"picked":"Conserve Battery","floor":14},{"not_picked":["Seek","Creative AI"],"picked":"Biased Cognition","floor":16},{"not_picked":["Steam","Beam Cell","Turbo"],"picked":"SKIP","floor":18},{"not_picked":["Turbo+1","Beam Cell"],"picked":"Genetic Algorithm","floor":21}],"player_experience":1889264,"relics_obtained":[{"floor":7,"key":"Cables"},{"floor":8,"key":"Omamori"},{"floor":9,"key":"Bottled Flame"},{"floor":20,"key":"Nilry\u0027s Codex"}],"event_choices":[{"damage_healed":0,"gold_gain":75,"player_choice":"Gather Gold","damage_taken":11,"max_hp_gain":0,"max_hp_loss":0,"event_name":"World of Goop","floor":3,"gold_loss":0},{"damage_healed":0,"gold_gain":69,"player_choice":"Gained Gold","damage_taken":0,"max_hp_gain":0,"max_hp_loss":0,"event_name":"Golden Wing","floor":12,"gold_loss":0},{"damage_healed":0,"gold_gain":0,"player_choice":"Joined the Cult","damage_taken":6,"max_hp_gain":0,"max_hp_loss":0,"event_name":"Nest","floor":19,"gold_loss":0,"cards_obtained":["RitualDagger"]},{"damage_healed":0,"gold_gain":0,"player_choice":"Obtained Book","damage_taken":21,"max_hp_gain":0,"max_hp_loss":0,"event_name":"Cursed Tome","floor":20,"gold_loss":0},{"cards_removed":["Strike_B"],"damage_healed":0,"gold_gain":0,"player_choice":"Purged","damage_taken":0,"max_hp_gain":0,"max_hp_loss":0,"event_name":"Purifier","floor":22,"gold_loss":0}],"is_beta":true,"boss_relics":[{"not_picked":["Empty Cage","Calling Bell"],"picked":"Nuclear Battery"}],"items_purged_floors":[11],"is_endless":false,"potions_floor_spawned":[5,8,16,21],"killed_by":"Gremlin Leader","ascension_level":20}}