{"host":"hrn9sk6g3e0vcjdq","time":1612647480,"event":{"mods":["AchievementEnabler","BaseMod","BetterRewards","Colored Map","Colored Powertips","Hubris","Minty Spire (QoL Compilation)","Quick Restart","StSLib"],"gold_per_floor":[116,129,129,140,152,185,185,32,32,32,32,32,32,46,46,46,46],"floor_reached":16,"language":"ENG","playtime":497,"items_purged":["Strike_P"],"score":115,"play_id":"0ede0bca-34e1-4591-9e65-206c1fd88234","local_time":"20210206213800","is_ascension_mode":true,"campfire_choices":[{"floor":10,"key":"REST"},{"data":"Eruption","floor":13,"key":"SMITH"},{"data":"FlyingSleeves","floor":15,"key":"SMITH"}],"circlet_count":0,"master_deck":["Strike_P","Strike_P","Strike_P","Defend_P","Defend_P","Defend_P","Defend_P","Eruption+1","Vigilance","FlyingSleeves+1","CutThroughFate","FlurryOfBlows","SashWhip","Prostrate","WaveOfTheHand","ClearTheMind"],"relics":["PureWater","NeowsBlessing","Boot","Potion Belt","Golden Idol","Pen Nib","hubris:Towel"],"acts_visited":["Exordium"],"potions_floor_usage":[16],"damage_taken":[{"damage":0,"enemies":"Cultist","floor":1,"turns":1},{"damage":0,"enemies":"2 Louse","floor":2,"turns":1},{"damage":0,"enemies":"Small Slimes","floor":4,"turns":1},{"damage":0,"enemies":"3 Louse","floor":5,"turns":2},{"damage":39,"enemies":"3 Sentries","floor":6,"turns":11},{"damage":23,"enemies":"Large Slime","floor":14,"turns":5},{"damage":45,"enemies":"Hexaghost","floor":16,"turns":11}],"seed_played":"-8601616597609285162","potions_obtained":[{"floor":4,"key":"SmokeBomb"},{"floor":6,"key":"BlessingOfTheForge"}],"is_trial":false,"path_per_floor":["M","M","?","M","M","E","?","$","T","R","?","?","R","M","R","B"],"character_chosen":"WATCHER","items_purchased":["WaveOfTheHand"],"campfire_rested":1,"item_purchase_floors":[8],"current_hp_per_floor":[72,72,65,65,65,26,26,26,26,46,46,67,67,44,44,0,0],"gold":46,"neow_bonus":"THREE_ENEMY_KILL","is_daily":false,"chose_seed":false,"campfire_upgraded":2,"win_rate":0.0,"timestamp":1612647480,"path_taken":["M","?","?","M","M","E","?","$","T","R","?","?","R","M","R","BOSS"],"items_purchased_type":["Card"],"build_version":"2020-12-22","purchased_purges":1,"victory":false,"max_hp_per_floor":[72,72,72,72,72,72,67,67,67,67,67,67,67,67,67,67,67],"card_choices":[{"not_picked":["EmptyBody","Vengeance"],"picked":"FlyingSleeves","floor":1},{"not_picked":["Protect","MentalFortress"],"picked":"CutThroughFate","floor":2},{"not_picked":["EmptyMind","EmptyFist"],"picked":"FlurryOfBlows","floor":4},{"not_picked":["FlurryOfBlows","MentalFortress"],"picked":"SashWhip","floor":5},{"not_picked":["Evaluate","Blasphemy"],"picked":"Prostrate","floor":6},{"not_picked":["CutThroughFate","FlyingSleeves"],"picked":"ClearTheMind","floor":14}],"player_experience":628292,"relics_obtained":[{"floor":6,"key":"Potion Belt"},{"floor":9,"key":"Pen Nib"}],"event_choices":[{"damage_healed":0,"gold_gain":0,"player_choice":"Success","damage_taken":7,"relics_obtained":["Boot"],"max_hp_gain":0,"max_hp_loss":0,"event_name":"Scrap Ooze","floor":3,"gold_loss":0},{"damage_healed":0,"gold_gain":0,"player_choice":"Lose Max HP","damage_taken":0,"relics_obtained":["Golden Idol"],"max_hp_gain":0,"max_hp_loss":5,"event_name":"Golden Idol","floor":7,"gold_loss":0},{"damage_healed":22,"gold_gain":0,"player_choice":"Banana","damage_taken":0,"max_hp_gain":0,"max_hp_loss":0,"event_name":"Big Fish","floor":12,"gold_loss":0}],"is_beta":false,"boss_relics":[],"items_purged_floors":[8],"is_endless":false,"potions_floor_spawned":[4,6],"killed_by":"Hexaghost","ascension_level":3}}