{"host":"n3vqtvx9hbigdfc4","time":1612594863,"event":{"mods":["AchievementEnabler","BaseMod","Better Third Choice","Block Reminder","Colored Map","Colored Powertips","Downfall","Minty Spire (QoL Compilation)","Permanent Neow","Rare Cards Sparkle","Relic Stats","Replay The Spire","Shop Mod","StSLib"],"gold_per_floor":[99,115,115,130,130,60,84,84,84,142,215,227,127,160,175,275,275,275,289,289,289,393,438,438,438],"floor_reached":23,"language":"ENG","playtime":1678,"items_purged":["Spreading Infection"],"score":219,"play_id":"7ce5c9f0-8826-4e8f-aa8c-4a928c72966c","local_time":"20210206010103","is_ascension_mode":true,"campfire_choices":[{"floor":1,"key":"DIG"},{"data":"Slimebound:CorrosiveSpit","floor":9,"key":"SMITH"},{"data":"Slimebound:TagTeam","floor":13,"key":"SMITH"},{"floor":18,"key":"RECALL"}],"circlet_count":0,"master_deck":["Slimebound:Strike_Slimebound","Slimebound:Tackle","Slimebound:Defend_Slimebound","Slimebound:Defend_Slimebound","Slimebound:CorrosiveSpit+1","Slimebound:Nibble","Chaos","Slimebound:Schlurp","Slimebound:RollThrough","Slimebound:LeechingTouch","Slimebound:ComboTackle","Slimebound:TagTeam+1","Slimebound:LivingWall","Slimebound:GoopSpray","Slimebound:PrepareCrush","Slimebound:RallyTheTroops","Slimebound:Overexert+1","Slimebound:LeadByExample+1","Slimebound:RejuvenatingLick+1","Slimebound:SplitAcid+1","Slimebound:LeechingTouch+1"],"relics":["Slimebound:AbsorbEndCombat","Blood Vial","Replay:Bottled Steam","ReplayTheSpireMod:Ring of Challenge","Omamori","Shuriken","downfall:HeartBlessingGreen","Darkstone Periapt","Astrolabe","downfall:KnowingSkull","Meat on the Bone"],"acts_visited":["Exordium","TheCity"],"potions_floor_usage":[11,19,22,22,23],"damage_taken":[{"damage":3,"enemies":"2 Louse","floor":2,"turns":3},{"damage":10,"enemies":"Small Slimes","floor":4,"turns":4},{"damage":3,"enemies":"downfall:FleeingMerchant","floor":6,"turns":4},{"damage":3,"enemies":"Cultist","floor":10,"turns":4},{"damage":24,"enemies":"Lagavulin","floor":11,"turns":9},{"damage":0,"enemies":"Exordium Wildlife","floor":12,"turns":3},{"damage":12,"enemies":"3 Sentries","floor":14,"turns":6},{"damage":0,"enemies":"Red Slaver","floor":15,"turns":3},{"damage":47,"enemies":"DF_ARCHETYPE_STREAMLINE","floor":16,"turns":10},{"damage":0,"enemies":"Spheric Guardian","floor":19,"turns":3},{"damage":51,"enemies":"Chosen","floor":22,"turns":6},{"damage":34,"enemies":"Snecko","floor":23,"turns":3}],"seed_played":"-2327283363948272743","potions_obtained":[{"floor":10,"key":"EssenceOfSteel"},{"floor":14,"key":"bronze:BurnAndBuffPotion"},{"floor":15,"key":"LifebloodPotion"},{"floor":16,"key":"Doom Potion"},{"floor":19,"key":"Languid Potion"}],"is_trial":false,"path_per_floor":["R_BF","M","?","M","?","$","T","?","R","M","E","M","R","E","M","B",null,"R","M","?","?","M","M"],"character_chosen":"SLIMEBOUND","items_purchased":["Slimebound:LeechingTouch"],"campfire_rested":0,"item_purchase_floors":[6],"current_hp_per_floor":[65,65,65,59,59,65,65,65,65,65,49,55,55,49,55,18,65,65,65,54,48,5,0,0,0],"gold":438,"neow_bonus":"RANDOM_COMMON_RELIC","is_daily":false,"chose_seed":false,"campfire_upgraded":2,"win_rate":0.0,"timestamp":1612594863,"path_taken":["R_BF","M","?","M","?","$","T","?","R","M","E","M","R","E","M","BOSS","R","M","?","?","M","M"],"items_purchased_type":["Card"],"build_version":"2020-12-22","purchased_purges":1,"victory":false,"max_hp_per_floor":[65,65,65,65,65,65,65,65,65,65,65,65,65,65,65,65,65,65,65,70,70,70,70,70,70],"relic_stats":{"Blood Vial":14,"Darkstone Periapt":0,"counters":[12,56],"Shuriken":[5],"Astrolabe":["Slimebound:Overexert","Slimebound:LeadByExample","Slimebound:RejuvenatingLick"],"obtain_stats":[{"Blood Vial":0,"Darkstone Periapt":14,"Shuriken":11,"Astrolabe":17,"downfall:HeartBlessingGreen":13,"downfall:KnowingSkull":21,"Slimebound:AbsorbEndCombat":0,"Omamori":7,"ReplayTheSpireMod:Ring of Challenge":5,"Replay:Bottled Steam":1,"Meat on the Bone":22},{"Blood Vial":0,"Darkstone Periapt":7,"Shuriken":5,"Astrolabe":9,"downfall:HeartBlessingGreen":6,"downfall:KnowingSkull":10,"Slimebound:AbsorbEndCombat":0,"Omamori":3,"ReplayTheSpireMod:Ring of Challenge":2,"Replay:Bottled Steam":0,"Meat on the Bone":11},{"Blood Vial":0,"Darkstone Periapt":32,"Shuriken":24,"Astrolabe":44,"downfall:HeartBlessingGreen":27,"downfall:KnowingSkull":47,"Slimebound:AbsorbEndCombat":0,"Omamori":11,"ReplayTheSpireMod:Ring of Challenge":7,"Replay:Bottled Steam":0,"Meat on the Bone":53}],"Meat on the Bone":0},"card_choices":[{"not_picked":["Slimebound:SamplingLick","Slimebound:ServeAndProtect"],"picked":"Slimebound:Nibble","floor":2},{"not_picked":["Slimebound:RejuvenatingLick","Slimebound:GoopTackle"],"picked":"Slimebound:Schlurp","floor":4},{"not_picked":["Slimebound:PressTheAttack","Slimebound:RainOfGoop"],"picked":"Slimebound:RollThrough","floor":6},{"not_picked":["Slimebound:SpikyOuterGoop","Slimebound:LeechingTouch"],"picked":"Slimebound:ComboTackle","floor":10},{"not_picked":["Slimebound:SlimeBrawl","Slimebound:SpikyOuterGoop"],"picked":"Slimebound:TagTeam","floor":11},{"not_picked":["Slimebound:FlameTackle","Slimebound:SplitLeeching"],"picked":"Slimebound:LivingWall","floor":12},{"not_picked":["Slimebound:Prepare","Slimebound:TongueLash"],"picked":"Slimebound:GoopSpray","floor":14},{"not_picked":["Slimebound:LeechingTouch","Slimebound:SplitBruiser"],"picked":"Slimebound:PrepareCrush","floor":15},{"not_picked":["Slimebound:MassRepurpose","Slimebound:OneTwoCombo"],"picked":"Slimebound:RallyTheTroops","floor":16},{"not_picked":["Slimebound:Schlurp","Slimebound:FinishingTackle"],"picked":"Slimebound:SplitAcid+1","floor":19},{"not_picked":["Slimebound:SplitMire+1","Slimebound:BestDefense"],"picked":"Slimebound:LeechingTouch+1","floor":22}],"player_experience":509580,"relics_obtained":[{"floor":1,"key":"Replay:Bottled Steam"},{"floor":5,"key":"ReplayTheSpireMod:Ring of Challenge"},{"floor":7,"key":"Omamori"},{"floor":11,"key":"Shuriken"},{"floor":14,"key":"Darkstone Periapt"},{"floor":22,"key":"Meat on the Bone"}],"event_choices":[{"cards_removed":["Slimebound:Strike_Slimebound"],"damage_healed":0,"gold_gain":0,"player_choice":"Offered Basic","damage_taken":0,"max_hp_gain":0,"max_hp_loss":0,"event_name":"Bonfire Elementals","floor":8,"gold_loss":0}],"is_beta":false,"boss_relics":[{"not_picked":["ReplayTheSpireMod:DimensionalGlitch","Replay:Wanted Poster"],"picked":"Astrolabe"}],"items_purged_floors":[6],"is_endless":false,"potions_floor_spawned":[10,14,15,16,19],"killed_by":"Snecko","ascension_level":2}}