{"host":"0msxzbajcl1c78mb","time":1612644546,"event":{"mods":["AchievementEnabler","BaseMod","Colored Map","Colored Powertips","Highlight Path","Minty Spire (QoL Compilation)","Relic Sorter","Relic Stats","StSLib","The Jungle","everything is the same but u backflip on backflip"],"gold_per_floor":[117,136,147,147,72,72,103,103,103,118,147,165,165,165,165,264,264,264,118,118,118,118,118,118,118,118,118,118,118,118,118,118,118,118],"floor_reached":33,"language":"ENG","playtime":2852,"items_purged":["Strike_R"],"score":689,"play_id":"f301661a-431c-4081-ab0f-fb0afa12cc9c","local_time":"20210206154906","is_ascension_mode":true,"campfire_choices":[{"data":"Bash","floor":6.0,"key":"SMITH"},{"floor":8.0,"key":"REST"},{"data":"Shockwave","floor":13.0,"key":"SMITH"},{"data":"Good Instincts","floor":15.0,"key":"SMITH"},{"data":"Ghostly Armor","floor":23.0,"key":"SMITH"},{"data":"Disarm","floor":32.0,"key":"SMITH"}],"circlet_count":0,"master_deck":["AscendersBane","Defend_R+1","Defend_R","Defend_R+1","Defend_R","Bash+1","Disarm+1","Headbutt","Good Instincts+1","Ghostly Armor","Shockwave+1","Barricade+1","Ghostly Armor+1","Bite","Bite","Bite","Bite","Bite","Shrug It Off"],"relics":["Burning Blood","White Beast Statue","Boot","Ectoplasm","Toy Ornithopter","War Paint","HornCleat","Lantern","MealTicket","Thread and Needle"],"acts_visited":["TheCity"],"potions_floor_usage":[33],"damage_taken":[{"damage":6.0,"enemies":"2 Louse","floor":1.0,"turns":3.0},{"damage":6.0,"enemies":"Cultist","floor":2.0,"turns":3.0},{"damage":5.0,"enemies":"Small Slimes","floor":3.0,"turns":3.0},{"damage":46.0,"enemies":"3 Sentries","floor":7.0,"turns":12.0},{"damage":2.0,"enemies":"Looter","floor":10.0,"turns":4.0},{"damage":16.0,"enemies":"Gremlin Nob","floor":11.0,"turns":4.0},{"damage":2.0,"enemies":"Blue Slaver","floor":12.0,"turns":4.0},{"damage":14.0,"enemies":"Slime Boss","floor":16.0,"turns":7.0},{"damage":13.0,"enemies":"3 Byrds","floor":18.0,"turns":10.0},{"damage":13.0,"enemies":"Book of Stabbing","floor":24.0,"turns":9.0},{"damage":0.0,"enemies":"Chosen","floor":25.0,"turns":7.0},{"damage":34.0,"enemies":"Gremlin Leader","floor":27.0,"turns":12.0},{"damage":3.0,"enemies":"Shelled Parasite and Fungi","floor":28.0,"turns":10.0},{"damage":21.0,"enemies":"Slavers","floor":29.0,"turns":15.0},{"damage":0.0,"enemies":"Sentry and Sphere","floor":30.0,"turns":10.0},{"damage":0.0,"enemies":"Snake Plant","floor":31.0,"turns":5.0},{"damage":141,"enemies":"Champ","floor":33,"turns":27}],"seed_played":"-4615288337435390736","potions_obtained":[{"floor":7.0,"key":"AttackPotion"},{"floor":10.0,"key":"Fire Potion"},{"floor":11.0,"key":"Strength Potion"},{"floor":14.0,"key":"CultistPotion"},{"floor":16.0,"key":"AttackPotion"},{"floor":18.0,"key":"SteroidPotion"},{"floor":24.0,"key":"AttackPotion"},{"floor":25.0,"key":"BlessingOfTheForge"},{"floor":27.0,"key":"SteroidPotion"},{"floor":28.0,"key":"Dexterity Potion"},{"floor":29.0,"key":"Swift Potion"},{"floor":30.0,"key":"LiquidBronze"},{"floor":31.0,"key":"FairyPotion"}],"is_trial":false,"path_per_floor":["M","M","M","?","$","R","E","R","T","M","E","M","R","?","R","B",null,"M","$","T","?","?","R","E","M","T","E","M","E","M","M","R","B"],"character_chosen":"IRONCLAD","items_purchased":["Toy Ornithopter"],"campfire_rested":1,"item_purchase_floors":[19],"current_hp_per_floor":[72,72,72,72,72,72,32,53,53,57,47,53,53,53,53,47,66,61,61,61,61,61,61,71,72,72,56,72,72,72,72,72,0,0],"gold":118,"neow_bonus":"THREE_RARE_CARDS","is_daily":false,"chose_seed":false,"campfire_upgraded":5,"win_rate":0.0,"timestamp":1612644546,"path_taken":["M","M","M","?","$","R","E","R","T","M","E","?","R","?","R","BOSS","M","$","?","?","?","R","E","M","T","E","M","E","M","M","R","BOSS"],"items_purchased_type":["Relic"],"build_version":"2020-12-22","purchased_purges":1,"victory":false,"max_hp_per_floor":[72,72,72,72,72,72,72,72,72,72,72,72,72,72,72,72,72,72,72,72,72,72,72,72,72,72,72,72,72,72,72,72,72,72],"relic_stats":{"counters":[17,145],"MealTicket":0,"Ectoplasm":190,"War Paint":["Defend_R","Defend_R"],"Boot":[44],"obtain_stats":[{"Blood Vial":11,"Lantern":26,"HornCleat":24,"MealTicket":27,"Thread and Needle":29,"Ectoplasm":17,"War Paint":20,"Boot":9,"Burning Blood":0,"White Beast Statue":7,"Toy Ornithopter":19},{"Blood Vial":6,"Lantern":11,"HornCleat":10,"MealTicket":12,"Thread and Needle":14,"Ectoplasm":8,"War Paint":9,"Boot":4,"Burning Blood":0,"White Beast Statue":4,"Toy Ornithopter":9},{"Blood Vial":29,"Lantern":66,"HornCleat":59,"MealTicket":78,"Thread and Needle":103,"Ectoplasm":40,"War Paint":50,"Boot":21,"Burning Blood":0,"White Beast Statue":21,"Toy Ornithopter":50}],"Burning Blood":65,"Toy Ornithopter":15},"card_choices":[{"not_picked":["Juggernaut","Double Tap"],"picked":"Berserk","floor":0.0},{"not_picked":["Thunderclap","Armaments"],"picked":"Disarm","floor":1.0},{"not_picked":["Twin Strike","Armaments"],"picked":"Headbutt","floor":2.0},{"not_picked":["Havoc","Combust","Shockwave"],"picked":"SKIP","floor":3.0},{"not_picked":["Clash","Sentinel","Twin Strike"],"picked":"SKIP","floor":7.0},{"not_picked":["Flame Barrier","Sword Boomerang"],"picked":"Ghostly Armor","floor":10.0},{"not_picked":["Sentinel","Clothesline"],"picked":"Shockwave","floor":11.0},{"not_picked":["Armaments","Evolve","Infernal Blade"],"picked":"SKIP","floor":12.0},{"not_picked":["Berserk","Exhume"],"picked":"Barricade","floor":16.0},{"not_picked":["Searing Blow","Thunderclap"],"picked":"Ghostly Armor","floor":18.0},{"not_picked":["Twin Strike","Armaments","Dual Wield"],"picked":"SKIP","floor":24.0},{"not_picked":["Twin Strike","Iron Wave","Clash"],"picked":"SKIP","floor":25.0},{"not_picked":["Thunderclap","Clothesline+1"],"picked":"Shrug It Off","floor":27.0},{"not_picked":["Sever Soul","Flex","Feel No Pain"],"picked":"SKIP","floor":28.0},{"not_picked":["True Grit","Sentinel","Searing Blow"],"picked":"SKIP","floor":29.0},{"not_picked":["True Grit","Heavy Blade","Fire Breathing"],"picked":"SKIP","floor":30.0},{"not_picked":["Clothesline","Burning Pact","Disarm"],"picked":"SKIP","floor":31.0}],"player_experience":311245,"relics_obtained":[{"floor":7.0,"key":"White Beast Statue"},{"floor":9.0,"key":"Boot"},{"floor":11.0,"key":"Blood Vial"},{"floor":20.0,"key":"War Paint"},{"floor":24.0,"key":"HornCleat"},{"floor":26.0,"key":"Lantern"},{"floor":27.0,"key":"MealTicket"},{"floor":29.0,"key":"Thread and Needle"}],"event_choices":[{"damage_healed":0.0,"max_hp_gain":0.0,"max_hp_loss":0.0,"gold_gain":0.0,"event_name":"Match and Keep!","player_choice":"1 cards matched","floor":4.0,"gold_loss":0.0,"damage_taken":0.0,"cards_obtained":["Good Instincts"]},{"damage_healed":0.0,"max_hp_gain":0.0,"max_hp_loss":0.0,"gold_gain":0.0,"event_name":"Lab","player_choice":"Got Potions","floor":14.0,"gold_loss":0.0,"damage_taken":0.0},{"damage_healed":0.0,"max_hp_gain":0.0,"max_hp_loss":0.0,"gold_gain":0.0,"event_name":"Vampires","player_choice":"Became a vampire (Vial)","floor":21.0,"relics_lost":["Blood Vial"],"gold_loss":0.0,"damage_taken":0.0,"cards_obtained":["Bite","Bite","Bite","Bite","Bite"]},{"damage_healed":0.0,"max_hp_gain":0.0,"max_hp_loss":0.0,"gold_gain":0.0,"event_name":"Upgrade Shrine","player_choice":"Upgraded","floor":22.0,"gold_loss":0.0,"damage_taken":0.0,"cards_upgraded":["Barricade"]}],"is_beta":false,"boss_relics":[{"not_picked":["Runic Cube","SacredBark"],"picked":"Ectoplasm"}],"items_purged_floors":[5],"is_endless":false,"potions_floor_spawned":[7,10,11,12,16,18,24,25,27,28,29,30,31],"killed_by":"Champ","ascension_level":12}}