{"host":"uhnh33uh34qot0et","time":1612572336,"event":{"mods":["BaseMod","Colored Map","Downfall","Hermit","Marisa????????","Minty Spire (QoL Compilation)","StSLib","The Bug Knight","The Cursed","The Servant 0.9.4"],"gold_per_floor":[114,62,72,89,89,119,139,159,159,137,149,77,77,77,77,181,181,201,201,7,7,7,33,33,49,49,75,19,109,120,138,138,237,237,249,27,45,45,45],"floor_reached":38,"language":"ENG","playtime":893,"items_purged":[],"score":514,"play_id":"8163a434-81c8-4502-90f8-ad953ea4629c","local_time":"20210206014536","is_ascension_mode":false,"campfire_choices":[{"floor":13,"key":"REST"},{"floor":15,"key":"REST"},{"data":"Dramatic Entrance","floor":24,"key":"SMITH"},{"floor":32,"key":"REST"}],"circlet_count":0,"master_deck":["Strike_G+1","Strike_G","Strike_G","Strike_G","Strike_G","Defend_G","Defend_G","Defend_G","Defend_G+1","Defend_G+1","Survivor","Neutralize","Outmaneuver","Blade Dance","Riddle With Holes","Blade Dance","Backstab","Dagger Throw","Sucker Punch","Crippling Poison","Phantasmal Killer","After Image","Blade Dance","Writhe","Slice+1","Footwork","Dramatic Entrance+1","Dagger Spray","PiercingWail","Infinite Blades","Blade Dance","A Thousand Cuts","Caltrops","A Thousand Cuts","Terror"],"relics":["WristBlade","Strawberry","Sundial","Boot","SlaversCollar","Peace Pipe","Whetstone","Shuriken","MawBank","Membership Card"],"acts_visited":["Exordium","TheCity","TheBeyond"],"potions_floor_usage":[6,16,18,23,30],"damage_taken":[{"damage":5,"enemies":"Jaw Worm","floor":1,"turns":6},{"damage":3,"enemies":"Small Slimes","floor":3,"turns":2},{"damage":6,"enemies":"2 Louse","floor":4,"turns":3},{"damage":18,"enemies":"Lagavulin","floor":6,"turns":4},{"damage":0,"enemies":"Exordium Thugs","floor":7,"turns":3},{"damage":3,"enemies":"Red Slaver","floor":8,"turns":3},{"damage":0,"enemies":"Lots of Slimes","floor":11,"turns":1},{"damage":0,"enemies":"Slime Boss","floor":16,"turns":3},{"damage":10,"enemies":"Chosen","floor":18,"turns":3},{"damage":19,"enemies":"Book of Stabbing","floor":23,"turns":4},{"damage":1,"enemies":"3 Byrds","floor":25,"turns":3},{"damage":27,"enemies":"Slavers","floor":27,"turns":4},{"damage":6,"enemies":"Snecko","floor":30,"turns":4},{"damage":0,"enemies":"Snake Plant","floor":31,"turns":3},{"damage":25,"enemies":"Champ","floor":33,"turns":7},{"damage":45,"enemies":"3 Darklings","floor":35,"turns":4},{"damage":19,"enemies":"Orb Walker","floor":37,"turns":4},{"damage":22,"enemies":"Maw","floor":38,"turns":5}],"seed_played":"3171635431379969482","potions_obtained":[{"floor":3,"key":"Strength Potion"},{"floor":7,"key":"champ:CounterPotion"},{"floor":8,"key":"CunningPotion"},{"floor":18,"key":"Fruit Juice"},{"floor":27,"key":"SpeedPotion"}],"is_trial":false,"path_per_floor":["M","$","M","M","?","E","M","M","T","?","M","$","R","?","R","B",null,"M","?","$","?","$","E","R","M","T","E","$","?","M","M","R","B",null,"M","$","M","M"],"character_chosen":"THE_SILENT","items_purchased":["Blade Dance","Phantasmal Killer","Slice","Footwork","Dramatic Entrance","Infinite Blades","Membership Card","A Thousand Cuts"],"campfire_rested":3,"item_purchase_floors":[2,12,20,20,20,28,36,36],"current_hp_per_floor":[65,65,62,56,42,31,31,28,28,28,28,28,51,33,56,56,77,72,72,72,72,72,53,53,52,52,25,25,13,7,7,31,6,82,37,37,18,0,0],"gold":45,"neow_bonus":"BOSS_RELIC","is_daily":false,"chose_seed":false,"campfire_upgraded":1,"win_rate":0.0,"timestamp":1612572336,"path_taken":["M","$","M","M","?","E","M","M","T","?","M","$","R","?","R","BOSS","M","?","$","?","$","E","R","?","T","E","?","?","?","M","R","BOSS","M","$","M","M"],"items_purchased_type":["Card","Card","Card","Card","Card","Card","Relic","Card"],"build_version":"2020-12-22","purchased_purges":0,"victory":false,"max_hp_per_floor":[70,70,70,70,70,77,77,77,77,77,77,77,77,77,77,77,77,82,82,82,82,82,82,82,82,82,82,82,82,82,82,82,82,82,82,82,82,82,82],"card_choices":[{"not_picked":["Flying Knee","Skewer"],"picked":"Outmaneuver","floor":1},{"not_picked":["Deadly Poison","Flying Knee"],"picked":"Riddle With Holes","floor":3},{"not_picked":["Flying Knee","Sucker Punch"],"picked":"Blade Dance","floor":4},{"not_picked":["Escape Plan","Adrenaline"],"picked":"Backstab","floor":6},{"not_picked":["Acrobatics","Prepared"],"picked":"Dagger Throw","floor":7},{"not_picked":["Heel Hook","PiercingWail"],"picked":"Sucker Punch","floor":8},{"not_picked":["Calculated Gamble","Dagger Throw"],"picked":"Crippling Poison","floor":11},{"not_picked":["Die Die Die","Wraith Form v2"],"picked":"After Image","floor":16},{"not_picked":["Prepared","Acrobatics+1"],"picked":"Blade Dance","floor":18},{"not_picked":["Well Laid Plans","Bouncing Flask"],"picked":"Dagger Spray","floor":23},{"not_picked":["Dodge and Roll","Backflip+1"],"picked":"PiercingWail","floor":25},{"not_picked":["Wraith Form v2","Deadly Poison","Escape Plan"],"picked":"SKIP","floor":27},{"not_picked":["Underhanded Strike","Dodge and Roll","Outmaneuver"],"picked":"SKIP","floor":30},{"not_picked":["Prepared","Dagger Throw+1"],"picked":"Blade Dance","floor":31},{"not_picked":["Bullet Time","Burst"],"picked":"A Thousand Cuts","floor":33},{"not_picked":["Deadly Poison","Quick Slash"],"picked":"Caltrops","floor":35},{"not_picked":["Dagger Spray","All Out Attack"],"picked":"Terror","floor":37}],"player_experience":13987,"relics_obtained":[{"floor":6,"key":"Strawberry"},{"floor":9,"key":"Sundial"},{"floor":23,"key":"Whetstone"},{"floor":26,"key":"Shuriken"},{"floor":27,"key":"MawBank"}],"event_choices":[{"damage_healed":0,"gold_gain":0,"player_choice":"Entered Light","damage_taken":14,"max_hp_gain":0,"max_hp_loss":0,"event_name":"Shining Light","floor":5,"gold_loss":0,"cards_upgraded":["Defend_G","Defend_G"]},{"damage_healed":0,"gold_gain":0,"player_choice":"Left Gold","damage_taken":0,"max_hp_gain":0,"max_hp_loss":0,"event_name":"World of Goop","floor":10,"gold_loss":22},{"damage_healed":0,"gold_gain":0,"player_choice":"Success","damage_taken":18,"relics_obtained":["Boot"],"max_hp_gain":0,"max_hp_loss":0,"event_name":"Scrap Ooze","floor":14,"gold_loss":0},{"damage_healed":0,"gold_gain":0,"player_choice":"Opened","damage_taken":0,"relics_obtained":["Peace Pipe"],"max_hp_gain":0,"max_hp_loss":0,"event_name":"The Mausoleum","floor":19,"gold_loss":0,"cards_obtained":["Writhe"]},{"damage_healed":0,"gold_gain":0,"player_choice":"0 cards matched","damage_taken":0,"max_hp_gain":0,"max_hp_loss":0,"event_name":"Match and Keep!","floor":21,"gold_loss":0,"cards_obtained":[]},{"damage_healed":0,"gold_gain":90,"player_choice":"GOLD ","damage_taken":12,"max_hp_gain":0,"max_hp_loss":0,"event_name":"Knowing Skull","floor":29,"potions_obtained":[],"gold_loss":0,"cards_obtained":[]}],"is_beta":false,"boss_relics":[{"not_picked":["Runic Dome","Astrolabe"],"picked":"SlaversCollar"},{"not_picked":["Coffee Dripper","Calling Bell","Velvet Choker"]}],"items_purged_floors":[],"is_endless":false,"potions_floor_spawned":[3,7,8,18,27],"killed_by":"Maw","ascension_level":0}}