{"host":"hf8wn58z41rkrmnq","time":1612601349,"event":{"mods":["BaseMod","Better Third Choice","BetterRewards","Colored Map","Colored Powertips","Infinite Spire","Minty Spire (QoL Compilation)","Quick Restart","Relic Sorter","Relic Stats","Replay The Spire","Spicy Shops","StSLib"],"gold_per_floor":[115,40,40,57,69,69,126,126,126,76,76,76,90,90,90,194,194,212,212,224,242,242,242],"floor_reached":22,"language":"ENG","playtime":893,"items_purged":["Strike_R"],"score":191,"play_id":"faa28cff-4981-4343-a7f5-2dce4617e905","local_time":"20210206034909","is_ascension_mode":true,"campfire_choices":[{"data":"Anger","floor":6,"key":"SMITH"},{"data":"Fire Breathing","floor":8,"key":"SMITH"},{"data":"Cleave","floor":12,"key":"SMITH"},{"floor":15,"key":"REST"}],"circlet_count":0,"master_deck":["Strike_R","Defend_R","Defend_R","Defend_R","Defend_R","Bash","Anger+1","Cleave+1","Fire Breathing+1","ReplayReversal+1"],"relics":["Burning Blood","infinitespire:PuzzleCube","Singing Bowl"],"acts_visited":["Exordium","TheCity"],"potions_floor_usage":[16,16,16],"damage_taken":[{"damage":12,"enemies":"Jaw Worm","floor":1,"turns":2},{"damage":0,"enemies":"2 Louse","floor":4,"turns":2},{"damage":0,"enemies":"Small Slimes","floor":5,"turns":3},{"damage":9,"enemies":"3 Louse","floor":13,"turns":3},{"damage":57,"enemies":"The Guardian","floor":16,"turns":8},{"damage":25,"enemies":"Spheric Guardian","floor":18,"turns":5},{"damage":34,"enemies":"2 Thieves","floor":20,"turns":4},{"damage":42,"enemies":"Snake Plant","floor":21,"turns":5},{"damage":3,"enemies":"Snecko","floor":22,"turns":4}],"seed_played":"961680605920740856","potions_obtained":[{"floor":4,"key":"GamblersBrew"},{"floor":5,"key":"Block Potion"},{"floor":7,"key":"CultistPotion"},{"floor":20,"key":"SmokeBomb"}],"is_trial":false,"path_per_floor":["M","$","?","M","M","R","?","R","T","?","?","R","M","?","R","B",null,"M","?","M","M","M"],"character_chosen":"IRONCLAD","items_purchased":[],"campfire_rested":1,"item_purchase_floors":[],"current_hp_per_floor":[74,74,74,80,80,80,60,60,60,60,65,65,64,64,87,38,89,70,70,44,10,7,7],"gold":242,"neow_bonus":"RANDOM_EVENT","is_daily":false,"chose_seed":false,"campfire_upgraded":3,"win_rate":0.0,"timestamp":1612601349,"path_taken":["M","$","?","M","M","R","?","R","T","?","?","R","?","?","R","BOSS","M","?","M","?","M"],"items_purchased_type":[],"build_version":"2020-12-22","purchased_purges":1,"victory":false,"max_hp_per_floor":[80,80,80,80,80,80,80,80,80,80,85,85,87,87,87,89,89,89,89,91,93,93,93],"relic_stats":{"Singing Bowl":8,"counters":[9,36],"obtain_stats":[{"Singing Bowl":9,"Burning Blood":0,"infinitespire:PuzzleCube":7},{"Singing Bowl":3,"Burning Blood":0,"infinitespire:PuzzleCube":3},{"Singing Bowl":7,"Burning Blood":0,"infinitespire:PuzzleCube":7}],"Burning Blood":42},"card_choices":[{"not_picked":["Pommel Strike","Flex"],"picked":"Cleave","floor":1},{"not_picked":["Berserk","Havoc","True Grit"],"picked":"SKIP","floor":4},{"not_picked":["Sword Boomerang","Shrug It Off","Second Wind"],"picked":"SKIP","floor":5},{"not_picked":["Searing Blow","Anger"],"picked":"Fire Breathing","floor":7},{"not_picked":["Heavy Blade","Flex","Reckless Charge"],"picked":"Singing Bowl","floor":13},{"not_picked":["Immolate","Fiend Fire","Berserk"],"picked":"Singing Bowl","floor":16},{"not_picked":["Carnage","Shrug It Off"],"picked":"ReplayReversal+1","floor":18},{"not_picked":["True Grit+1","Flex","Blood for Blood"],"picked":"Singing Bowl","floor":20},{"not_picked":["Twin Strike","Rampage","Body Slam+1"],"picked":"Singing Bowl","floor":21}],"player_experience":234185,"relics_obtained":[{"floor":7,"key":"infinitespire:PuzzleCube"},{"floor":9,"key":"Singing Bowl"}],"event_choices":[{"damage_healed":0,"gold_gain":0,"cards_transformed":["Strike_R"],"player_choice":"Change","damage_taken":0,"max_hp_gain":0,"max_hp_loss":0,"event_name":"Living Wall","floor":0,"gold_loss":0,"cards_obtained":["Anger"]},{"cards_removed":["Strike_R"],"damage_healed":0,"gold_gain":0,"player_choice":"Card Removal","damage_taken":0,"max_hp_gain":0,"max_hp_loss":0,"event_name":"The Cleric","floor":10,"gold_loss":50},{"damage_healed":0,"gold_gain":0,"player_choice":"Donut","damage_taken":0,"max_hp_gain":5,"max_hp_loss":0,"event_name":"Big Fish","floor":11,"gold_loss":0},{"damage_healed":64,"gold_gain":0,"player_choice":"Leave","damage_taken":0,"max_hp_gain":0,"max_hp_loss":87,"event_name":"betterThird:BetterShining","floor":14,"gold_loss":0},{"damage_healed":0,"gold_gain":0,"player_choice":"0 cards matched","damage_taken":0,"max_hp_gain":0,"max_hp_loss":0,"event_name":"Match and Keep!","floor":19,"gold_loss":0,"cards_obtained":[]}],"is_beta":false,"boss_relics":[{"not_picked":["infinitespire:Burning Sword","infinitespire:Cupcake","ReplayTheSpireMod:DimensionalGlitch"]}],"items_purged_floors":[2],"is_endless":false,"potions_floor_spawned":[4,5,20],"killed_by":"Snecko","ascension_level":2}}