{"host":"Rich","time":1612645487,"event":{"mods":["AchievementEnabler","BaseMod","Highlight Path","Minty Spire (QoL Compilation)","Relic Stats"],"gold_per_floor":[111,91,109,128,146,174,174,201,225,261,281,64,88,122,122,122,122],"floor_reached":16,"language":"ENG","playtime":583,"items_purged":["Strike_R"],"score":264,"play_id":"9358b1a4-bf06-46f9-9272-30abc5005549","local_time":"20210206160447","is_ascension_mode":true,"campfire_choices":[{"floor":7,"key":"REST"},{"floor":15,"key":"REST"}],"circlet_count":0,"master_deck":["AscendersBane","Strike_R","Strike_R","Strike_R","Strike_R","Defend_R","Defend_R","Defend_R","Defend_R","Bash","Cleave","Flex","Reaper","Battle Trance","Flame Barrier","Reaper","Flex","Armaments","Inflame","Double Tap","Disarm","Thunderclap"],"relics":["Philosopher\u0027s Stone","Ornamental Fan","Dream Catcher","MealTicket","CeramicFish","Orichalcum"],"acts_visited":["Exordium"],"potions_floor_usage":[3,6,10,13,16],"damage_taken":[{"damage":0,"enemies":"2 Louse","floor":1,"turns":2},{"damage":0,"enemies":"Cultist","floor":3,"turns":2},{"damage":1,"enemies":"Small Slimes","floor":4,"turns":2},{"damage":26,"enemies":"Gremlin Gang","floor":5,"turns":3},{"damage":9,"enemies":"Gremlin Nob","floor":6,"turns":3},{"damage":29,"enemies":"3 Sentries","floor":8,"turns":6},{"damage":49,"enemies":"Lagavulin","floor":10,"turns":8},{"damage":14,"enemies":"Large Slime","floor":11,"turns":5},{"damage":15,"enemies":"2 Fungi Beasts","floor":13,"turns":2},{"damage":52,"enemies":"Gremlin Nob","floor":14,"turns":4},{"damage":62,"enemies":"Slime Boss","floor":16,"turns":11}],"seed_played":"-279475638370620639","potions_obtained":[{"floor":1,"key":"Strength Potion"},{"floor":2,"key":"DistilledChaos"},{"floor":4,"key":"BloodPotion"},{"floor":10,"key":"Dexterity Potion"},{"floor":11,"key":"AttackPotion"},{"floor":14,"key":"SteroidPotion"}],"is_trial":false,"path_per_floor":["M","?","M","M","M","E","R","E","T","E","M","$","M","E","R","B"],"character_chosen":"IRONCLAD","items_purchased":["Inflame","Double Tap"],"campfire_rested":2,"item_purchase_floors":[12,12],"current_hp_per_floor":[68,68,68,67,49,49,71,50,50,26,20,35,52,24,46,2,2],"gold":122,"neow_bonus":"BOSS_RELIC","is_daily":false,"chose_seed":false,"campfire_upgraded":0,"win_rate":0.0,"timestamp":1612645487,"path_taken":["M","?","M","M","M","E","R","E","T","E","M","$","?","E","R","BOSS"],"items_purchased_type":["Card","Card"],"build_version":"2020-12-18","purchased_purges":1,"victory":false,"max_hp_per_floor":[75,75,75,75,75,75,75,75,75,75,75,75,75,75,75,75,75],"relic_stats":{"Dream Catcher":1,"counters":[11,48],"Ornamental Fan":[40],"CeramicFish":54,"MealTicket":15,"Orichalcum":[12],"obtain_stats":[{"Dream Catcher":8,"Ornamental Fan":6,"CeramicFish":10,"Philosopher\u0027s Stone":0,"MealTicket":9,"Orichalcum":14,"Burning Blood":0},{"Dream Catcher":6,"Ornamental Fan":5,"CeramicFish":7,"Philosopher\u0027s Stone":0,"MealTicket":6,"Orichalcum":10,"Burning Blood":0},{"Dream Catcher":18,"Ornamental Fan":12,"CeramicFish":26,"Philosopher\u0027s Stone":0,"MealTicket":18,"Orichalcum":37,"Burning Blood":0}]},"card_choices":[{"not_picked":["Dual Wield","Entrench"],"picked":"Cleave","floor":1},{"not_picked":["True Grit","Bloodletting"],"picked":"Flex","floor":3},{"not_picked":["Disarm","Intimidate"],"picked":"Reaper","floor":4},{"not_picked":["True Grit","Power Through"],"picked":"Battle Trance","floor":5},{"not_picked":["True Grit","Warcry"],"picked":"Flame Barrier","floor":6},{"not_picked":["Heavy Blade","Entrench"],"picked":"Reaper","floor":8},{"not_picked":["Reaper","True Grit"],"picked":"Flex","floor":10},{"not_picked":["True Grit","Perfected Strike"],"picked":"Armaments","floor":11},{"not_picked":["Combust","Power Through"],"picked":"Disarm","floor":13},{"not_picked":["Flame Barrier","Burning Pact"],"picked":"Thunderclap","floor":14}],"player_experience":2022996,"relics_obtained":[{"floor":6,"key":"Ornamental Fan"},{"floor":8,"key":"Dream Catcher"},{"floor":9,"key":"MealTicket"},{"floor":10,"key":"CeramicFish"},{"floor":14,"key":"Orichalcum"}],"event_choices":[{"damage_healed":0,"gold_gain":0,"player_choice":"Bought 1 Potion","damage_taken":0,"max_hp_gain":0,"max_hp_loss":0,"event_name":"The Woman in Blue","floor":2,"gold_loss":0}],"is_beta":true,"boss_relics":[],"items_purged_floors":[12],"is_endless":false,"potions_floor_spawned":[1,4,10,11,14],"killed_by":"Slime Boss","ascension_level":20}}