{"host":"2l3i55whvwk76mom","time":1612572337,"event":{"mods":["BaseMod","Googly Eyes","Hermit","Hubris","Minty Spire (QoL Compilation)","Replay The Spire","StSLib","The Cursed","The Disciple","The Hierophant","The Jungle","The Necromancer"],"gold_per_floor":[209,49,49,69,109,109,124,174,235,266,291,303,315,315],"floor_reached":13,"language":"ENG","playtime":529,"items_purged":[],"score":123,"play_id":"574b07d1-2ce2-4d3b-a421-b4eed9b8e87a","local_time":"20210205164537","is_ascension_mode":true,"campfire_choices":[{"data":"Bash","floor":6,"key":"SMITH"},{"data":"Disarm","floor":12,"key":"SMITH"}],"circlet_count":0,"master_deck":["Strike_R","Strike_R","Strike_R","Strike_R","Strike_R","Defend_R","Defend_R","Defend_R","Defend_R","Bash+1","Shockwave","Brutality","True Grit","ReplayTheSpireMod:Splinters","Iron Wave","Disarm+1","Pummel","Ghostly Armor"],"relics":["Burning Blood","hubris:Towel","Ornamental Fan","MawBank","Centennial Puzzle"],"acts_visited":["Exordium"],"potions_floor_usage":[4,8,10],"damage_taken":[{"damage":1,"enemies":"Cultist","floor":1,"turns":4},{"damage":4,"enemies":"Jaw Worm","floor":4,"turns":2},{"damage":3,"enemies":"Small Slimes","floor":7,"turns":4},{"damage":42,"enemies":"Lagavulin","floor":8,"turns":9},{"damage":9,"enemies":"Exordium Wildlife","floor":10,"turns":3},{"damage":4,"enemies":"Large Slime","floor":11,"turns":5},{"damage":43,"enemies":"3 Sentries","floor":13,"turns":11}],"seed_played":"8108945240980781370","potions_obtained":[{"floor":1,"key":"AttackPotion"},{"floor":7,"key":"ColorlessPotion"},{"floor":8,"key":"Fire Potion"}],"is_trial":false,"path_per_floor":["M","$","?","M","?","R","M","E","T","M","M","R","E"],"character_chosen":"IRONCLAD","items_purchased":["Brutality"],"campfire_rested":0,"item_purchase_floors":[2],"current_hp_per_floor":[77,77,77,79,79,79,80,44,44,41,43,43,0,0],"gold":315,"neow_bonus":"HUNDRED_GOLD","is_daily":false,"chose_seed":false,"campfire_upgraded":2,"win_rate":0.0,"timestamp":1612572337,"path_taken":["M","$","?","M","?","R","M","E","T","M","?","R","E"],"items_purchased_type":["Card"],"build_version":"2020-12-22","purchased_purges":0,"victory":false,"max_hp_per_floor":[80,80,80,80,80,80,80,80,80,80,80,80,80,80],"card_choices":[{"not_picked":["Sever Soul","Clash"],"picked":"Shockwave","floor":1},{"not_picked":["ReplayTheSpireMod:Strike From Hell","Wild Strike"],"picked":"True Grit","floor":4},{"not_picked":["Heavy Blade","True Grit"],"picked":"Iron Wave","floor":5},{"not_picked":["True Grit","Run Through"],"picked":"Disarm","floor":5},{"not_picked":["Abandon","Perfected Strike","Warcry"],"picked":"SKIP","floor":7},{"not_picked":["Dropkick","Rage"],"picked":"Pummel","floor":8},{"not_picked":["Sentinel","Burning Pact"],"picked":"Ghostly Armor","floor":10},{"not_picked":["Clash","Infernal Blade","True Grit"],"picked":"SKIP","floor":11}],"player_experience":354406,"relics_obtained":[{"floor":5,"key":"Ornamental Fan"},{"floor":8,"key":"MawBank"},{"floor":9,"key":"Centennial Puzzle"}],"event_choices":[],"is_beta":false,"boss_relics":[],"items_purged_floors":[],"is_endless":false,"potions_floor_spawned":[1,7,8],"killed_by":"3 Sentries","ascension_level":9}}