{"host":"e7sl0pd4xxdbbdh2","time":1612638864,"event":{"mods":["AchievementEnabler","BaseMod","Better Third Choice","Colored Map","Colored Powertips","Minty Spire (QoL Compilation)","Replay The Spire","StSLib","SuperFastMode"],"gold_per_floor":[116,126,126,126,137,137,59,70,70,70,96,21,21,21,21,99,99,118,129,129,129],"floor_reached":20,"language":"SPA","playtime":874,"items_purged":["Strike_G"],"score":344,"play_id":"aefe33c0-0827-4fa5-8b39-6fffd64d8520","local_time":"20210206161424","is_ascension_mode":true,"campfire_choices":[{"data":"Cloak And Dagger","floor":6,"key":"SMITH"},{"floor":13,"key":"REST"},{"floor":15,"key":"DIG"}],"circlet_count":0,"master_deck":["AscendersBane","Strike_G","Strike_G","Defend_G","Defend_G","Defend_G","Defend_G","Defend_G","Survivor","Neutralize","Cloak And Dagger+1","Bane","Sucker Punch","Escape Plan","Noxious Fumes+1","Blade Dance","Blur","ReplayTheSpireMod:Necrosis","Blade Dance+1","PiercingWail"],"relics":["Ring of the Snake","NeowsBlessing","Blood Vial","Chameleon Ring","Dream Catcher","Snecko Eye"],"acts_visited":["Exordium","TheCity"],"potions_floor_usage":[18,18],"damage_taken":[{"damage":0,"enemies":"2 Louse","floor":1,"turns":1},{"damage":0,"enemies":"Small Slimes","floor":2,"turns":1},{"damage":0,"enemies":"Cultist","floor":5,"turns":1},{"damage":18,"enemies":"Exordium Wildlife","floor":8,"turns":6},{"damage":34,"enemies":"3 Sentries","floor":11,"turns":8},{"damage":25,"enemies":"The Guardian","floor":16,"turns":11},{"damage":15,"enemies":"Shell Parasite","floor":18,"turns":4},{"damage":29,"enemies":"3 Byrds","floor":19,"turns":6},{"damage":14,"enemies":"Cultist and Chosen","floor":20,"turns":4}],"seed_played":"-4884193188076649310","potions_obtained":[{"floor":1,"key":"FearPotion"},{"floor":11,"key":"Weak Potion"}],"is_trial":false,"path_per_floor":["M","M","?","?","M","R","$","M","T","?","E","$","R","?","R_BF","B",null,"M","M","M"],"character_chosen":"THE_SILENT","items_purchased":["Noxious Fumes"],"campfire_rested":1,"item_purchase_floors":[7],"current_hp_per_floor":[59,59,59,59,59,59,59,41,41,41,9,9,28,28,28,5,51,38,11,0,0],"gold":129,"neow_bonus":"THREE_ENEMY_KILL","is_daily":false,"chose_seed":false,"campfire_upgraded":1,"win_rate":0.0,"timestamp":1612638864,"path_taken":["M","M","?","?","?","R","$","M","T","?","E","?","R","?","R_BF","BOSS","M","M","M"],"items_purchased_type":["Card"],"build_version":"2020-12-22","purchased_purges":1,"victory":false,"max_hp_per_floor":[66,66,66,66,66,66,66,66,66,66,66,66,66,66,66,66,66,66,66,66,66],"card_choices":[{"not_picked":["PiercingWail","Backflip"],"picked":"Cloak And Dagger","floor":1},{"not_picked":["Backflip","ReplayTheSpireMod:Necrosis"],"picked":"Bane","floor":2},{"not_picked":["Underhanded Strike","Accuracy"],"picked":"Escape Plan","floor":5},{"not_picked":["Dagger Spray","Backflip"],"picked":"Blade Dance","floor":8},{"not_picked":["Terror","ReplayTheSpireMod:From All Sides"],"picked":"Blur","floor":11},{"not_picked":["ReplayTheSpireMod:From All Sides","Grand Finale"],"picked":"ReplayTheSpireMod:Necrosis","floor":16},{"not_picked":["Bane","Cloak And Dagger"],"picked":"Blade Dance+1","floor":18},{"not_picked":["Slice+1","Prepared"],"picked":"PiercingWail","floor":19}],"player_experience":1677376,"relics_obtained":[{"floor":9,"key":"Blood Vial"},{"floor":11,"key":"Chameleon Ring"},{"floor":15,"key":"Dream Catcher"}],"event_choices":[{"damage_healed":0,"gold_gain":0,"cards_transformed":["Strike_G"],"player_choice":"Transformed","damage_taken":0,"max_hp_gain":0,"max_hp_loss":0,"event_name":"Transmorgrifier","floor":4,"gold_loss":0,"cards_obtained":["Sucker Punch"]},{"damage_healed":0,"gold_gain":0,"player_choice":"Grow","damage_taken":0,"max_hp_gain":0,"max_hp_loss":0,"event_name":"Living Wall","floor":10,"gold_loss":0,"cards_upgraded":["Noxious Fumes"]},{"cards_removed":["Strike_G"],"damage_healed":0,"gold_gain":0,"player_choice":"Purged","damage_taken":0,"max_hp_gain":0,"max_hp_loss":0,"event_name":"Purifier","floor":14,"gold_loss":0}],"is_beta":false,"boss_relics":[{"not_picked":["Ring of Chaos","Busted Crown"],"picked":"Snecko Eye"}],"items_purged_floors":[12],"is_endless":false,"potions_floor_spawned":[1,11],"killed_by":"Cultist and Chosen","ascension_level":20}}