{"host":"1v3mnj67s3trvm6y","time":1612650342,"event":{"mods":["BaseMod","Challenge The Spire","Downfall","Minty Spire (QoL Compilation)","StSLib"],"gold_per_floor":[99,115,127,144,164,197,276,286,286,39,39,72,89,104,124,219,219,119,139,154,254,268,268,268,268,268,268,278,24,24,54,70,174,174,174,185,16,30,30,30,30,30,62,82,70,70,80,93,112,112],"floor_reached":51,"language":"ENG","playtime":4839,"items_purged":["bronze:Defend","bronze:Defend"],"score":763,"play_id":"e28717b7-480e-44cf-b0ff-3e4033ec3052","local_time":"20210207072542","is_ascension_mode":false,"campfire_choices":[{"data":"bronze:Goto","floor":1.0,"key":"SMITH"},{"data":"bronze:Turbo","floor":9.0,"key":"SMITH"},{"floor":11.0,"key":"REST"},{"data":"bronze:Mutator","floor":18.0,"key":"SMITH"},{"floor":25.0,"key":"REST"},{"floor":35.0,"key":"RECALL"},{"data":"bronze:Library","floor":40.0,"key":"SMITH"},{"data":"bronze:SpaghettiCode","floor":42.0,"key":"SMITH"},{"data":"bronze:FineTuning","floor":46,"key":"SMITH"}],"circlet_count":0,"master_deck":["bronze:Strike","bronze:Strike","bronze:Strike","bronze:Defend","bronze:Defend","bronze:Replicate+1","bronze:Goto+1","bronze:Flail","bronze:Turbo+1","bronze:Terminator","bronze:FineTuning","bronze:Separator","bronze:Optimize","bronze:Frontload","bronze:Mutator+1","bronze:InfiniteBeams","bronze:Frontload","bronze:BurnOut","bronze:SpaghettiCode+1","bronze:ForLoop","bronze:Allocate+1","bronze:BitShift+1","bronze:Backtrace","bronze:DelayedGuard","bronze:Repair","bronze:MaxOutput","bronze:ItsAFeature","bronze:Library+1","bronze:Constructor+1","bronze:CleanCode","bronze:ChosenStrike+1","bronze:WildBeam+1","bronze:SpaghettiCode","bronze:Iterate","bronze:Iterate+1","bronze:Library+1","bronze:FineTuning+1","expansioncontent:AwakenDeath","expansioncontent:Chronoboost"],"relics":["bronze:BronzeCore","Ginger","Ornamental Fan","MealTicket","Orichalcum","Busted Crown","downfall:HeartBlessingGreen","bronze:CableSpool","Unceasing Top","The Courier","Gremlin Horn","Membership Card","Turnip","bronze:MakeshiftBattery","Calipers","Ancient Tea Set","Kunai","DollysMirror","Pen Nib"],"acts_visited":["Exordium","TheCity","TheBeyond"],"potions_floor_usage":[49],"damage_taken":[{"damage":1.0,"enemies":"Cultist","floor":2.0,"turns":4.0},{"damage":2.0,"enemies":"Small Slimes","floor":3.0,"turns":2.0},{"damage":5.0,"enemies":"Jaw Worm","floor":4.0,"turns":4.0},{"damage":0.0,"enemies":"Blue Slaver","floor":5.0,"turns":3.0},{"damage":13.0,"enemies":"3 Sentries","floor":6.0,"turns":5.0},{"damage":0.0,"enemies":"Large Slime","floor":8.0,"turns":3.0},{"damage":5.0,"enemies":"downfall:FleeingMerchant","floor":10.0,"turns":4.0},{"damage":0.0,"enemies":"Lagavulin","floor":12.0,"turns":5.0},{"damage":0.0,"enemies":"3 Louse","floor":13.0,"turns":3.0},{"damage":0.0,"enemies":"2 Fungi Beasts","floor":14.0,"turns":3.0},{"damage":1.0,"enemies":"Lots of Slimes","floor":15.0,"turns":3.0},{"damage":29.0,"enemies":"WA_ARCHETYPE_RETAIN","floor":16.0,"turns":10.0},{"damage":1.0,"enemies":"3 Byrds","floor":19.0,"turns":4.0},{"damage":14.0,"enemies":"Snake Plant","floor":20.0,"turns":3.0},{"damage":9.0,"enemies":"Colosseum Nobs","floor":21.0,"turns":3.0},{"damage":0.0,"enemies":"Centurion and Healer","floor":22.0,"turns":5.0},{"damage":17.0,"enemies":"Cultist and Chosen","floor":28.0,"turns":6.0},{"damage":0.0,"enemies":"downfall:FleeingMerchant","floor":29.0,"turns":4.0},{"damage":0.0,"enemies":"Slavers","floor":31.0,"turns":5.0},{"damage":0.0,"enemies":"Chosen and Byrds","floor":32.0,"turns":6.0},{"damage":39.0,"enemies":"DF_ARCHETYPE_CLAW","floor":33.0,"turns":10.0},{"damage":6.0,"enemies":"3 Shapes","floor":36.0,"turns":4.0},{"damage":14.0,"enemies":"downfall:FleeingMerchant","floor":37.0,"turns":4.0},{"damage":4.0,"enemies":"Orb Walker","floor":38.0,"turns":4.0},{"damage":6.0,"enemies":"Nemesis","floor":43.0,"turns":7.0},{"damage":9,"enemies":"Sphere and 2 Shapes","floor":44,"turns":5},{"damage":0,"enemies":"downfall:FleeingMerchant","floor":45,"turns":4},{"damage":4,"enemies":"Transient","floor":47,"turns":5},{"damage":28,"enemies":"Writhing Mass","floor":48,"turns":6},{"damage":0,"enemies":"Spire Growth","floor":49,"turns":5},{"damage":50,"enemies":"IC_BLOCK_ARCHETYPE","floor":50,"turns":8}],"seed_played":"-2935150262602938474","potions_obtained":[{"floor":5.0,"key":"hexamod:SoulburnPotion"},{"floor":8.0,"key":"Block Potion"},{"floor":12.0,"key":"ColorlessPotion"},{"floor":13.0,"key":"sneckomod:MuddlingPotion"},{"floor":15.0,"key":"champ:CounterPotion"},{"floor":19.0,"key":"Energy Potion"},{"floor":22.0,"key":"Swift Potion"},{"floor":30.0,"key":"CultistPotion"},{"floor":31.0,"key":"Guardian:BlockOnCardUsePotion"},{"floor":32.0,"key":"Swift Potion"},{"floor":33.0,"key":"bronze:BurnAndBuffPotion"},{"floor":48,"key":"Regen Potion"}],"is_trial":false,"path_per_floor":["R","M","M","M","M","E","T","M","R","$","R","E","M","M","M","B",null,"R","M","M","?","M","?","T","R","T","?","M","$","?","E","M","B",null,"R","M","$","M","?","R","T","R","E","M","$","R","M","M","M","B",null],"character_chosen":"THE_AUTOMATON","items_purchased":["MealTicket","Membership Card","bronze:MaxOutput","bronze:ItsAFeature","bronze:Library","Calipers","bronze:SpaghettiCode","Kunai","DollysMirror","Pen Nib","bronze:FineTuning","expansioncontent:AwakenDeath","expansioncontent:Chronoboost"],"campfire_rested":2,"item_purchase_floors":[10,29,29,29,29,37,37,45,45,45,45,45,45],"current_hp_per_floor":[70,69,67,62,62,49,49,49,49,44,65,65,65,65,64,35,70,70,69,55,46,46,46,46,67,67,67,50,65,65,70,70,38,70,70,64,56,59,59,59,59,59,61,61,70,70,70,49,63,20],"gold":112,"neow_bonus":"UPGRADE_CARD","is_daily":false,"chose_seed":false,"campfire_upgraded":6,"win_rate":0.0,"timestamp":1612650342,"path_taken":["R","M","M","M","?","E","T","M","R","$","R","E","M","M","M","BOSS","R","M","?","?","M","?","T","R","?","?","M","?","?","E","M","BOSS","R","M","$","M","?","R","T","R","E","M","$","R","?","M","M","BOSS"],"items_purchased_type":["Relic","Relic","Card","Card","Card","Relic","Card","Relic","Relic","Relic","Card","Card","Card"],"build_version":"2020-12-22","purchased_purges":2,"victory":true,"max_hp_per_floor":[70,70,70,70,70,70,70,70,70,70,70,70,70,70,70,70,70,70,70,70,70,70,70,70,70,70,70,70,70,70,70,70,70,70,70,70,70,70,70,70,70,70,70,70,70,70,70,70,70,70],"card_choices":[{"not_picked":["bronze:FineTuning","bronze:WhirlingStrike"],"picked":"bronze:Flail","floor":2.0},{"not_picked":["bronze:BuggyMess","bronze:InfiniteBeams"],"picked":"bronze:Turbo","floor":3.0},{"not_picked":["bronze:Philosophize","bronze:CloningBeam"],"picked":"bronze:Terminator","floor":4.0},{"not_picked":["bronze:Overheat","bronze:ForceShield"],"picked":"bronze:FineTuning","floor":5.0},{"not_picked":["bronze:Deprecate","bronze:Overheat"],"picked":"bronze:Separator","floor":6.0},{"not_picked":["bronze:Overheat","bronze:Shell"],"picked":"bronze:Optimize","floor":8.0},{"not_picked":["bronze:Invalidate","bronze:Shield"],"picked":"bronze:Frontload","floor":10.0},{"not_picked":["bronze:NullPointer","bronze:Overheat"],"picked":"bronze:Mutator","floor":12.0},{"not_picked":["bronze:Constructor","bronze:Turbo"],"picked":"bronze:InfiniteBeams","floor":13.0},{"not_picked":["bronze:ChildClass","bronze:Backtrace"],"picked":"bronze:Frontload","floor":14.0},{"not_picked":["bronze:BitShift","bronze:DelayedGuard"],"picked":"bronze:BurnOut","floor":15.0},{"not_picked":["bronze:ShipIt","bronze:BurnOut"],"picked":"bronze:SpaghettiCode","floor":16.0},{"not_picked":["bronze:OilSpill"],"picked":"SKIP","floor":19.0},{"not_picked":[],"picked":"bronze:ForLoop","floor":20.0},{"not_picked":[],"picked":"bronze:Allocate+1","floor":21.0},{"not_picked":[],"picked":"bronze:BitShift+1","floor":22.0},{"not_picked":[],"picked":"bronze:DelayedGuard","floor":28.0},{"not_picked":[],"picked":"bronze:Repair","floor":29.0},{"not_picked":[],"picked":"bronze:Constructor+1","floor":31.0},{"not_picked":["bronze:Separator"],"picked":"SKIP","floor":32.0},{"not_picked":[],"picked":"bronze:CleanCode","floor":33.0},{"not_picked":[],"picked":"bronze:ChosenStrike+1","floor":36.0},{"not_picked":[],"picked":"bronze:WildBeam+1","floor":37.0},{"not_picked":[],"picked":"bronze:Iterate","floor":38.0},{"not_picked":["bronze:Frontload"],"picked":"SKIP","floor":43.0},{"not_picked":[],"picked":"bronze:Iterate+1","floor":44},{"not_picked":["bronze:ChosenStrike"],"picked":"SKIP","floor":45},{"not_picked":["bronze:WildBeam"],"picked":"SKIP","floor":47},{"not_picked":["bronze:BuggyMess"],"picked":"SKIP","floor":48},{"not_picked":["bronze:BitShift"],"picked":"SKIP","floor":49}],"player_experience":1679595,"relics_obtained":[{"floor":6.0,"key":"Ginger"},{"floor":7.0,"key":"Ornamental Fan"},{"floor":12.0,"key":"Orichalcum"},{"floor":21.0,"key":"bronze:CableSpool"},{"floor":21.0,"key":"Unceasing Top"},{"floor":24.0,"key":"The Courier"},{"floor":26.0,"key":"Gremlin Horn"},{"floor":31.0,"key":"Turnip"},{"floor":43.0,"key":"Ancient Tea Set"}],"event_choices":[{"damage_healed":0.0,"max_hp_gain":0.0,"max_hp_loss":0.0,"gold_gain":0.0,"event_name":"Lab","player_choice":"Got Potions","floor":39.0,"gold_loss":0.0,"damage_taken":0.0}],"is_beta":false,"boss_relics":[{"not_picked":["SacredBark","Runic Dome"],"picked":"Busted Crown"},{"not_picked":["Black Star","Snecko Eye"],"picked":"bronze:MakeshiftBattery"}],"items_purged_floors":[10,45],"is_endless":false,"potions_floor_spawned":[5,8,12,13,15,19,22,31,32,33,43,44,47,48],"ascension_level":0}}