{"host":"uuef13iiy6j2c50k","time":1612602302,"event":{"mods":["BaseMod","Minty Spire (QoL Compilation)","Quick Restart","Relic Stats","Slay-I","StSLib","SuperFastMode"],"gold_per_floor":[115,46,46,46,59,92,92,92,118,153,231,262,33,65,65,166,166,150,177,129,129,142,173,173,4,4,14,14,29,42,74,74,173,173,184,194,204,122,135,160,160,190,243,243,253,283,283,283,283,283,283,283,11,39,39],"floor_reached":56,"language":"ENG","playtime":3382,"items_purged":["Strike_G","Strike_G"],"score":1535,"play_id":"becfd4e0-03d4-4f33-95a5-eae6b27044fe","local_time":"20210205230502","is_ascension_mode":true,"campfire_choices":[{"data":"Noxious Fumes","floor":8,"key":"SMITH"},{"data":"Footwork","floor":15,"key":"SMITH"},{"data":"Cloak And Dagger","floor":24,"key":"SMITH"},{"data":"Blade Dance","floor":28,"key":"SMITH"},{"data":"Infinite Blades","floor":32,"key":"SMITH"},{"data":"Infinite Blades","floor":41,"key":"SMITH"},{"floor":44,"key":"RECALL"},{"data":"Infinite Blades","floor":47,"key":"SMITH"},{"data":"Metamorphosis","floor":49,"key":"SMITH"},{"data":"Cloak And Dagger","floor":52,"key":"SMITH"}],"circlet_count":0,"master_deck":["Strike_G","Defend_G","Defend_G","Defend_G","Defend_G","Defend_G","Survivor","Neutralize","Noxious Fumes+1","Wraith Form v2+1","Unload","Leg Sweep","Dagger Spray","Malaise","Footwork+1","Crippling Poison","Infinite Blades+1","Venomology","Infinite Blades+1","Cloak And Dagger+1","Prepared+1","Prepared+1","Infinite Blades+1","Blade Dance+1","PiercingWail","Terror","Burst","Outmaneuver","Cloak And Dagger+1","Tactician","Dodge and Roll+1","Tactician+1","Cloak And Dagger+1","Panache","Metamorphosis+1","Deflect"],"relics":["Ring of the Snake","NeowsBlessing","Ninja Scroll","Bag of Marbles","Bird Faced Urn","Kunai","Ginger","Vajra","Coffee Dripper","Blood Vial","White Beast Statue","Shuriken","Runic Pyramid","Molten Egg 2","Omamori","Bronze Scales","Smiling Mask","Paper Crane","Centennial Puzzle"],"acts_visited":["Exordium","TheCity","TheBeyond","TheEnding"],"potions_floor_usage":[14,16,22,23,31,33,36,37,40,50,54,55,55,55],"damage_taken":[{"damage":0,"enemies":"2 Louse","floor":1,"turns":1},{"damage":0,"enemies":"Jaw Worm","floor":5,"turns":1},{"damage":0,"enemies":"3 Sentries","floor":6,"turns":1},{"damage":9,"enemies":"Lagavulin","floor":10,"turns":6},{"damage":7,"enemies":"3 Sentries","floor":12,"turns":6},{"damage":9,"enemies":"Gremlin Nob","floor":14,"turns":6},{"damage":0,"enemies":"The Guardian","floor":16,"turns":11},{"damage":1,"enemies":"2 Thieves","floor":18,"turns":4},{"damage":3,"enemies":"Shell Parasite","floor":22,"turns":5},{"damage":0,"enemies":"Gremlin Leader","floor":23,"turns":6},{"damage":0,"enemies":"Snake Plant","floor":27,"turns":5},{"damage":2,"enemies":"Shelled Parasite and Fungi","floor":29,"turns":6},{"damage":0,"enemies":"3 Cultists","floor":30,"turns":4},{"damage":6,"enemies":"Book of Stabbing","floor":31,"turns":7},{"damage":16,"enemies":"Automaton","floor":33,"turns":7},{"damage":2,"enemies":"3 Shapes","floor":35,"turns":4},{"damage":0,"enemies":"Orb Walker","floor":36,"turns":3},{"damage":2,"enemies":"Jaw Worm Horde","floor":37,"turns":4},{"damage":15,"enemies":"Spire Growth","floor":39,"turns":7},{"damage":9,"enemies":"Giant Head","floor":40,"turns":6},{"damage":11,"enemies":"Reptomancer","floor":42,"turns":7},{"damage":5,"enemies":"Sphere and 2 Shapes","floor":45,"turns":5},{"damage":10,"enemies":"Nemesis","floor":46,"turns":7},{"damage":52,"enemies":"Donu and Deca","floor":50,"turns":6},{"damage":25,"enemies":"Shield and Spear","floor":54,"turns":9},{"damage":65,"enemies":"The Heart","floor":55,"turns":10}],"seed_played":"4895192778065623679","potions_obtained":[{"floor":6,"key":"SkillPotion"},{"floor":10,"key":"Block Potion"},{"floor":12,"key":"Poison Potion"},{"floor":14,"key":"EssenceOfSteel"},{"floor":29,"key":"DuplicationPotion"}],"is_trial":false,"path_per_floor":["M","$","?","?","M","E","?","R","T","E","T","E","$","E","R","B",null,"M","T","$","?","M","E","R","$","T","M","R","M","M","E","R","B",null,"M","M","M","$","M","E","R","E","T","R","M","E","R","?","R","B",null,"R","$","E","B",null],"character_chosen":"THE_SILENT","items_purchased":["Wraith Form v2","Footwork","Crippling Poison","Cloak And Dagger","Infinite Blades","Tactician","Deflect","Paper Crane"],"campfire_rested":0,"item_purchase_floors":[2,13,13,20,25,38,53,53],"current_hp_per_floor":[70,70,75,75,75,75,68,68,68,59,59,54,54,47,47,53,75,75,75,75,75,75,75,75,75,75,75,75,75,75,69,69,67,75,75,75,75,75,65,68,68,66,66,66,75,75,75,65,65,40,75,75,75,54,7],"gold":39,"neow_bonus":"THREE_ENEMY_KILL","is_daily":false,"chose_seed":false,"campfire_upgraded":9,"win_rate":0.0,"timestamp":1612602302,"path_taken":["M","$","?","?","M","E","?","R","T","E","?","E","$","E","R","BOSS","M","?","$","?","M","E","R","$","T","?","R","M","M","E","R","BOSS","M","M","M","$","M","E","R","E","T","R","M","E","R","?","R","BOSS","R","$","E","BOSS"],"items_purchased_type":["Card","Card","Card","Card","Card","Card","Card","Relic"],"build_version":"2020-12-22","purchased_purges":2,"victory":true,"max_hp_per_floor":[70,70,75,75,75,75,75,75,75,75,75,75,75,75,75,75,75,75,75,75,75,75,75,75,75,75,75,75,75,75,75,75,75,75,75,75,75,75,75,75,75,75,75,75,75,75,75,75,75,75,75,75,75,75,75],"relic_stats":{"Blood Vial":12,"Centennial Puzzle":[3],"counters":[26,144],"Shuriken":[77],"Bird Faced Urn":[106],"Bronze Scales":[213],"Kunai":[111],"Ginger":[9],"Smiling Mask":0,"obtain_stats":[{"NeowsBlessing":0,"Vajra":14,"Omamori":42,"Ginger":12,"Paper Crane":53,"Smiling Mask":46,"White Beast Statue":23,"Blood Vial":19,"Centennial Puzzle":54,"Ninja Scroll":6,"Shuriken":31,"Bird Faced Urn":10,"Bronze Scales":43,"Molten Egg 2":40,"Bag of Marbles":9,"Coffee Dripper":17,"Kunai":11,"Ring of the Snake":0,"Runic Pyramid":34},{"NeowsBlessing":0,"Vajra":6,"Omamori":21,"Ginger":5,"Paper Crane":24,"Smiling Mask":23,"White Beast Statue":10,"Blood Vial":8,"Centennial Puzzle":25,"Ninja Scroll":3,"Shuriken":14,"Bird Faced Urn":4,"Bronze Scales":21,"Molten Egg 2":20,"Bag of Marbles":3,"Coffee Dripper":7,"Kunai":4,"Ring of the Snake":0,"Runic Pyramid":15},{"NeowsBlessing":0,"Vajra":21,"Omamori":107,"Ginger":15,"Paper Crane":125,"Smiling Mask":119,"White Beast Statue":47,"Blood Vial":36,"Centennial Puzzle":134,"Ninja Scroll":3,"Shuriken":69,"Bird Faced Urn":9,"Bronze Scales":107,"Molten Egg 2":100,"Bag of Marbles":3,"Coffee Dripper":32,"Kunai":9,"Ring of the Snake":0,"Runic Pyramid":76}],"Ring of the Snake":[52]},"card_choices":[{"not_picked":["Sucker Punch","Riddle With Holes"],"picked":"Noxious Fumes","floor":1},{"not_picked":["Flying Knee","Prepared"],"picked":"Leg Sweep","floor":5},{"not_picked":["Slice","Cloak And Dagger"],"picked":"Dagger Spray","floor":6},{"not_picked":["Leg Sweep","Heel Hook"],"picked":"Malaise","floor":10},{"not_picked":["Acrobatics","Dagger Throw","Reflex"],"picked":"SKIP","floor":12},{"not_picked":["Deadly Poison","Flying Knee"],"picked":"Infinite Blades","floor":14},{"not_picked":["Wraith Form v2","Storm of Steel"],"picked":"Venomology","floor":16},{"not_picked":["Crippling Poison+1","PiercingWail"],"picked":"Infinite Blades","floor":18},{"not_picked":["Quick Slash","Dodge and Roll"],"picked":"Prepared+1","floor":22},{"not_picked":["Masterful Stab","Poisoned Stab+1"],"picked":"Prepared+1","floor":23},{"not_picked":["Flying Knee+1","Tactician+1"],"picked":"Blade Dance","floor":27},{"not_picked":["Poisoned Stab","Quick Slash"],"picked":"PiercingWail","floor":29},{"not_picked":["Noxious Fumes","Unload"],"picked":"Terror","floor":30},{"not_picked":["Quick Slash","PiercingWail","Underhanded Strike"],"picked":"SKIP","floor":31},{"not_picked":["Doppelganger","Malaise"],"picked":"Burst","floor":33},{"not_picked":["Dodge and Roll+1","Underhanded Strike"],"picked":"Outmaneuver","floor":35},{"not_picked":["Outmaneuver","Dagger Throw"],"picked":"Cloak And Dagger+1","floor":36},{"not_picked":["Deadly Poison+1","Dagger Spray","Bouncing Flask"],"picked":"SKIP","floor":37},{"not_picked":["Deadly Poison+1","Dagger Spray","Bouncing Flask"],"picked":"SKIP","floor":37},{"not_picked":["Backflip+1","Poisoned Stab"],"picked":"Dodge and Roll+1","floor":39},{"not_picked":["Quick Slash+1","Underhanded Strike+1"],"picked":"Tactician+1","floor":40},{"not_picked":["Slice+1","Deadly Poison+1","Poisoned Stab+1"],"picked":"SKIP","floor":42},{"not_picked":["Bouncing Flask+1","Blade Dance"],"picked":"Cloak And Dagger","floor":45},{"not_picked":["Bullet Time","Poisoned Stab+1","Storm of Steel"],"picked":"SKIP","floor":46},{"not_picked":["Bullet Time","Poisoned Stab+1","Storm of Steel"],"picked":"SKIP","floor":46},{"not_picked":["Bandage Up","Madness"],"picked":"Panache","floor":48},{"not_picked":["Panacea","Dramatic Entrance+1"],"picked":"Metamorphosis","floor":48},{"not_picked":["Flechettes+1","Dagger Spray+1","Deadly Poison"],"picked":"SKIP","floor":54}],"player_experience":48463,"relics_obtained":[{"floor":6,"key":"Ninja Scroll"},{"floor":9,"key":"Bag of Marbles"},{"floor":10,"key":"Bird Faced Urn"},{"floor":11,"key":"Kunai"},{"floor":12,"key":"Ginger"},{"floor":14,"key":"Vajra"},{"floor":19,"key":"Blood Vial"},{"floor":23,"key":"White Beast Statue"},{"floor":31,"key":"Shuriken"},{"floor":40,"key":"Molten Egg 2"},{"floor":42,"key":"Omamori"},{"floor":43,"key":"Bronze Scales"},{"floor":46,"key":"Smiling Mask"},{"floor":54,"key":"Centennial Puzzle"}],"event_choices":[{"damage_healed":0,"gold_gain":0,"player_choice":"Donut","damage_taken":0,"max_hp_gain":5,"max_hp_loss":0,"event_name":"Big Fish","floor":3,"gold_loss":0},{"damage_healed":0,"gold_gain":0,"cards_transformed":["Strike_G"],"player_choice":"Change","damage_taken":0,"max_hp_gain":0,"max_hp_loss":0,"event_name":"Living Wall","floor":4,"gold_loss":0,"cards_obtained":["Unload"]},{"cards_removed":["Strike_G"],"damage_healed":0,"gold_gain":0,"player_choice":"Card Removal","damage_taken":7,"max_hp_gain":0,"max_hp_loss":0,"event_name":"Golden Wing","floor":7,"gold_loss":0},{"damage_healed":0,"gold_gain":0,"player_choice":"Upgraded","damage_taken":0,"max_hp_gain":0,"max_hp_loss":0,"event_name":"Upgrade Shrine","floor":21,"gold_loss":0,"cards_upgraded":["Wraith Form v2"]},{"damage_healed":0,"gold_gain":0,"player_choice":"Memory 3","damage_taken":10,"max_hp_gain":0,"max_hp_loss":0,"event_name":"SensoryStone","floor":48,"gold_loss":0}],"is_beta":false,"boss_relics":[{"not_picked":["Ring of the Serpent","Ectoplasm"],"picked":"Coffee Dripper"},{"not_picked":["Empty Cage","Runic Dome"],"picked":"Runic Pyramid"}],"items_purged_floors":[13,25],"is_endless":false,"potions_floor_spawned":[6,10,12,14,18,27,29,30,31,33,35,36,37,39,40,42,45,46,54],"ascension_level":3}}