{"host":"n3vqtvx9hbigdfc4","time":1612591797,"event":{"mods":["AchievementEnabler","BaseMod","Better Third Choice","Block Reminder","Colored Map","Colored Powertips","Downfall","Minty Spire (QoL Compilation)","Permanent Neow","Rare Cards Sparkle","Relic Stats","Replay The Spire","Shop Mod","StSLib"],"gold_per_floor":[110,126,137,148,162,162,187,198,225,251,270,26,61,85,85,186,186,198,218,234,234,249,249,267,267,343,354,372,392,407,407,407,407,407],"floor_reached":33,"language":"ENG","playtime":2545,"items_purged":["Strike_B"],"score":427,"play_id":"2bc082ae-0ee9-430b-8aee-ce08c41500af","local_time":"20210206000957","is_ascension_mode":true,"campfire_choices":[{"data":"Go for the Eyes","floor":6,"key":"SMITH"},{"floor":15,"key":"REST"},{"data":"Dualcast","floor":23,"key":"SMITH"},{"floor":25,"key":"REST"},{"floor":32,"key":"REST"}],"circlet_count":0,"master_deck":["Strike_B","Strike_B","Strike_B+1","Defend_B","Defend_B","Defend_B","Defend_B","Zap","Dualcast+1","FTL","Coolheaded","Cold Snap","Go for the Eyes+1","Sweeping Beam+1","ReplayTheSpireMod:Omega Cannon","Electrodynamics","Leap","ReplaySolidLightProjector","Genetic Algorithm","Sweeping Beam","Conserve Battery","Steam Power","Creative AI","Rebound","BootSequence","Storm","Writhe","Redo+1","Streamline","Ball Lightning","Turbo","Buffer","Barrage+1","Machine Learning","Steam+1"],"relics":["FrozenCore","ReplayTheSpireMod:Lightbulb","Whetstone","Question Card","Replay:Antivirus Software","Nunchaku","Odd Mushroom","Dream Catcher","Iron Hammer"],"acts_visited":["Exordium","TheCity"],"potions_floor_usage":[7,7,16,16,16,22,24,28,30],"damage_taken":[{"damage":0,"enemies":"Cultist","floor":1,"turns":3},{"damage":0,"enemies":"Jaw Worm","floor":2,"turns":4},{"damage":0,"enemies":"2 Louse","floor":3,"turns":2},{"damage":4,"enemies":"Looter","floor":4,"turns":3},{"damage":0,"enemies":"Blue Slaver","floor":5,"turns":4},{"damage":17,"enemies":"Lagavulin","floor":7,"turns":9},{"damage":7,"enemies":"Exordium Wildlife","floor":8,"turns":2},{"damage":1,"enemies":"3 Sentries","floor":10,"turns":2},{"damage":0,"enemies":"3 Louse","floor":11,"turns":1},{"damage":28,"enemies":"Replay:BlueRogue","floor":13,"turns":6},{"damage":0,"enemies":"The Mushroom Lair","floor":14,"turns":2},{"damage":2,"enemies":"The Guardian","floor":16,"turns":11},{"damage":12,"enemies":"Chosen","floor":18,"turns":7},{"damage":0,"enemies":"Shell Parasite","floor":19,"turns":10},{"damage":12,"enemies":"Snake Plant","floor":20,"turns":11},{"damage":3,"enemies":"Centurion and Healer","floor":22,"turns":9},{"damage":10,"enemies":"Cultist and Chosen","floor":24,"turns":8},{"damage":14,"enemies":"Sentry and Sphere","floor":27,"turns":6},{"damage":12,"enemies":"Centurion and Healer","floor":28,"turns":8},{"damage":11,"enemies":"3 Cultists","floor":29,"turns":3},{"damage":8,"enemies":"Shelled Parasite and Fungi","floor":30,"turns":7},{"damage":78,"enemies":"Automaton","floor":33,"turns":6}],"seed_played":"-4625976143312226819","potions_obtained":[{"floor":2,"key":"Swift Potion"},{"floor":4,"key":"PotionOfCapacity"},{"floor":8,"key":"FearPotion"},{"floor":10,"key":"Ancient Potion"},{"floor":11,"key":"Strength Potion"},{"floor":20,"key":"Block Potion"},{"floor":22,"key":"Weak Potion"},{"floor":27,"key":"SneckoOil"},{"floor":29,"key":"Block Potion"}],"is_trial":false,"path_per_floor":["M","M","M","M","M","R","E","M","T","E","M","$","E","?","R","B",null,"M","M","M","?","M","R","M","R","T","M","M","M","M","?","R","B"],"character_chosen":"DEFECT","items_purchased":["Replay:Antivirus Software","Sweeping Beam"],"campfire_rested":3,"item_purchase_floors":[12,12],"current_hp_per_floor":[68,68,68,64,64,64,47,40,40,39,39,39,11,11,33,31,64,52,52,40,40,37,37,27,49,49,35,23,12,4,4,26,0,0],"gold":407,"neow_bonus":"THREE_CARDS","is_daily":false,"chose_seed":false,"campfire_upgraded":2,"win_rate":0.0,"timestamp":1612591797,"path_taken":["M","M","M","M","M","R","E","M","T","E","M","$","E","?","R","BOSS","M","M","M","?","?","R","M","R","T","M","M","M","M","?","R","BOSS"],"items_purchased_type":["Relic","Card"],"build_version":"2020-12-22","purchased_purges":1,"victory":false,"max_hp_per_floor":[75,75,75,75,75,75,75,75,75,75,75,75,75,75,75,75,75,75,75,75,75,75,75,75,75,75,75,75,75,75,75,75,75,75],"relic_stats":{"Nunchaku":[13],"Dream Catcher":2,"counters":[22,123],"Whetstone":["Strike_B","Sweeping Beam"],"Question Card":15,"obtain_stats":[{"Nunchaku":13,"Dream Catcher":21,"Iron Hammer":26,"Whetstone":9,"Replay:Antivirus Software":12,"Odd Mushroom":14,"Cracked Core":0,"ReplayTheSpireMod:Lightbulb":7,"Question Card":10,"FrozenCore":17},{"Nunchaku":10,"Dream Catcher":15,"Iron Hammer":17,"Whetstone":7,"Replay:Antivirus Software":9,"Odd Mushroom":11,"Cracked Core":0,"ReplayTheSpireMod:Lightbulb":6,"Question Card":8,"FrozenCore":12},{"Nunchaku":36,"Dream Catcher":76,"Iron Hammer":93,"Whetstone":27,"Replay:Antivirus Software":30,"Odd Mushroom":38,"Cracked Core":0,"ReplayTheSpireMod:Lightbulb":25,"Question Card":29,"FrozenCore":49}],"FrozenCore":[24]},"card_choices":[{"not_picked":["Streamline","Compile Driver"],"picked":"FTL","floor":0},{"not_picked":["Double Energy","Gash"],"picked":"Coolheaded","floor":1},{"not_picked":["Compile Driver","Ball Lightning"],"picked":"Cold Snap","floor":2},{"not_picked":["Coolheaded","Conserve Battery"],"picked":"Go for the Eyes","floor":3},{"not_picked":["Rebound","ReplayTheSpireMod:Repulse"],"picked":"Sweeping Beam","floor":4},{"not_picked":["ReplayTheSpireMod:System Scan","Blizzard"],"picked":"ReplayTheSpireMod:Omega Cannon","floor":5},{"not_picked":["Redo","Storm"],"picked":"Electrodynamics","floor":7},{"not_picked":["Go for the Eyes","Sweeping Beam"],"picked":"Leap","floor":8},{"not_picked":["Coolheaded","Melter"],"picked":"ReplaySolidLightProjector","floor":10},{"not_picked":["Beam Cell","ReplayTheSpireMod:Reroute Power","Stack"],"picked":"Genetic Algorithm","floor":11},{"not_picked":["Sunder","Hologram","Redo"],"picked":"Conserve Battery","floor":13},{"not_picked":["Lockon","Hologram","Leap"],"picked":"Steam Power","floor":14},{"not_picked":["Biased Cognition","All For One","ReplayRNGCard"],"picked":"Creative AI","floor":16},{"not_picked":["Streamline","Go for the Eyes+1","Hello World"],"picked":"Rebound","floor":18},{"not_picked":["ReplayTheSpireMod:Reroute Power","Rebound","Cold Snap"],"picked":"BootSequence","floor":19},{"not_picked":["Double Energy","Beam Cell","Steam"],"picked":"Storm","floor":20},{"not_picked":["Compile Driver","Scrape","Leap"],"picked":"Redo+1","floor":22},{"not_picked":["Redo","ReplayTheSpireMod:GoodbyeWorld","Go for the Eyes"],"picked":"Streamline","floor":24},{"not_picked":["Hologram","Go for the Eyes","Reprogram"],"picked":"Ball Lightning","floor":25},{"not_picked":["Conserve Battery","Darkness","Recycle"],"picked":"Turbo","floor":27},{"not_picked":["Chaos","Melter","Coolheaded"],"picked":"Buffer","floor":28},{"not_picked":["Steam Power","Recycle","BasicCrystalCard"],"picked":"Barrage+1","floor":29},{"not_picked":["Gash","Ball Lightning","Tempest+1"],"picked":"Machine Learning","floor":30},{"not_picked":["Rip and Tear","Rebound","Stack"],"picked":"Steam+1","floor":32}],"player_experience":505758,"relics_obtained":[{"floor":7,"key":"ReplayTheSpireMod:Lightbulb"},{"floor":9,"key":"Whetstone"},{"floor":10,"key":"Question Card"},{"floor":13,"key":"Nunchaku"},{"floor":14,"key":"Odd Mushroom"},{"floor":26,"key":"Iron Hammer"}],"event_choices":[{"damage_healed":0,"gold_gain":0,"player_choice":"Fought Mushrooms","damage_taken":0,"max_hp_gain":0,"max_hp_loss":0,"event_name":"Mushrooms","floor":14,"gold_loss":0},{"damage_healed":0,"gold_gain":0,"player_choice":"Opened","damage_taken":0,"relics_obtained":["Dream Catcher"],"max_hp_gain":0,"max_hp_loss":0,"event_name":"The Mausoleum","floor":21,"gold_loss":0,"cards_obtained":["Writhe"]},{"damage_healed":0,"gold_gain":0,"player_choice":"Ignored","damage_taken":0,"max_hp_gain":0,"max_hp_loss":0,"event_name":"Ghosts","floor":31,"gold_loss":0}],"is_beta":false,"boss_relics":[{"not_picked":["Coffee Dripper","Astrolabe"],"picked":"FrozenCore"}],"items_purged_floors":[12],"is_endless":false,"potions_floor_spawned":[2,4,8,10,11,13,20,22,27,29],"killed_by":"Automaton","ascension_level":9}}