{"host":"0clp59ii0fcmlcyr","time":1612626607,"event":{"mods":["AchievementEnabler","BaseMod","Better Altar","Better Match","Better Sensory Stone","Better Skull","Better Third Choice","BetterRewards","Bossed Relics","Colored Powertips","Highlight Path","Infinite Spire","Minty Spire (QoL Compilation)","Morshu Shopkeeper","Morshu Shopkeeper - ENHANCED","Permanent Neow","RNG Fix","Shop Mod","Spicy Shops","StSLib"],"gold_per_floor":[111,124,3,0,0,0,17,17,40,40,60,71,150,150,150,249,249,265,265,364,364,364],"floor_reached":21,"language":"ENG","playtime":1195,"items_purged":["Strike_B"],"score":175,"play_id":"dbdd92ee-a459-40b7-a078-c72b4d891ec2","local_time":"20210206165007","is_ascension_mode":true,"campfire_choices":[{"data":"Chill","floor":6,"key":"SMITH"},{"data":"Consume","floor":8,"key":"SMITH"},{"floor":10,"key":"RECALL"},{"data":"Zap","floor":15,"key":"SMITH"}],"circlet_count":0,"master_deck":["Strike_B","Strike_B","Defend_B+1","Defend_B","Defend_B","Defend_B","Zap+1","Dualcast+1","Chill+1","Ball Lightning","Consume+1","Conserve Battery","Reboot","Auto Shields","Electrodynamics","CurseOfTheBell","Tempest"],"relics":["Cracked Core","Anchor","betterThird:SlimedRelic","War Paint","Smiling Mask","Calling Bell","Centennial Puzzle","Kunai","Pocketwatch","Unceasing Top"],"acts_visited":["Exordium","TheCity"],"potions_floor_usage":[16],"damage_taken":[{"damage":1,"enemies":"Jaw Worm","floor":1,"turns":4},{"damage":0,"enemies":"2 Louse","floor":2,"turns":3},{"damage":0,"enemies":"Cultist","floor":7,"turns":4},{"damage":0,"enemies":"Looter","floor":11,"turns":3},{"damage":0,"enemies":"3 Louse","floor":12,"turns":5},{"damage":24,"enemies":"Hexaghost","floor":16,"turns":11},{"damage":7,"enemies":"Chosen","floor":18,"turns":5},{"damage":0,"enemies":"Shell Parasite","floor":21,"turns":1}],"seed_played":"244189962278348882","potions_obtained":[{"floor":2,"key":"BlessingOfTheForge"},{"floor":11,"key":"Strength Potion"}],"is_trial":false,"path_per_floor":["M","M","$","?","?","R","M","R","T","R","M","M","T","?","R","B",null,"M","AVR","?","M"],"character_chosen":"DEFECT","items_purchased":["Ball Lightning"],"campfire_rested":0,"item_purchase_floors":[3],"current_hp_per_floor":[74,74,74,63,45,45,45,45,45,45,45,45,45,45,45,21,75,68,68,68,68,68],"gold":364,"neow_bonus":"RANDOM_COMMON_RELIC","is_daily":false,"chose_seed":false,"campfire_upgraded":3,"win_rate":0.0,"timestamp":1612626607,"path_taken":["M","M","$","?","?","R","M","R","T","R","?","M","?","?","R","BOSS","M","AVR","?","M"],"items_purchased_type":["Card"],"build_version":"2020-12-22","purchased_purges":1,"victory":false,"max_hp_per_floor":[75,75,75,75,75,75,75,75,75,75,75,75,75,75,75,75,75,75,75,75,75,75],"card_choices":[{"not_picked":["Stack","Darkness","Sweeping Beam"],"picked":"SKIP","floor":1},{"not_picked":["Steam","Capacitor"],"picked":"Chill","floor":2},{"not_picked":["Steam","Barrage"],"picked":"Consume","floor":7},{"not_picked":["Streamline","Stack"],"picked":"Conserve Battery","floor":11},{"not_picked":["Go for the Eyes","Coolheaded"],"picked":"Reboot","floor":12},{"not_picked":["All For One","Core Surge"],"picked":"Electrodynamics","floor":16},{"not_picked":["Rip and Tear","Stack+1"],"picked":"Tempest","floor":18}],"player_experience":106573,"relics_obtained":[{"floor":9,"key":"Smiling Mask"},{"floor":17,"key":"Centennial Puzzle"},{"floor":17,"key":"Kunai"},{"floor":17,"key":"Pocketwatch"}],"event_choices":[{"damage_healed":0,"gold_gain":0,"player_choice":"Slimed","damage_taken":11,"max_hp_gain":0,"max_hp_loss":0,"event_name":"betterThird:BetterGoop","floor":4,"gold_loss":3},{"damage_healed":0,"gold_gain":0,"player_choice":"Relic ","damage_taken":18,"max_hp_gain":0,"max_hp_loss":0,"event_name":"betterThird:BetterScrap","floor":5,"gold_loss":0,"cards_obtained":["MasterReality"]},{"damage_healed":0,"gold_gain":0,"cards_transformed":["Strike_B"],"player_choice":"Transformed","damage_taken":0,"max_hp_gain":0,"max_hp_loss":0,"event_name":"Transmorgrifier","floor":14,"gold_loss":0,"cards_obtained":["Auto Shields"]},{"damage_healed":0,"gold_gain":99,"player_choice":"Steal","damage_taken":0,"max_hp_gain":0,"max_hp_loss":0,"event_name":"betterThird:BetterNest","floor":20,"gold_loss":0}],"is_beta":false,"boss_relics":[{"not_picked":["Coffee Dripper","SlaversCollar"],"picked":"Calling Bell"}],"items_purged_floors":[3],"is_endless":false,"potions_floor_spawned":[2,11],"killed_by":"Shell Parasite","ascension_level":1}}