{"host":"6p0attdrtjqaih7v","time":1612600625,"event":{"mods":["2.2 Compatiblity","AchievementEnabler","Bard","BaseMod","Better Skull","Better Third Choice","Colored Powertips","Hermit","Highlight Path","Key Reminder","Minty Spire (QoL Compilation)","Permanent Neow","Quick Restart","Random Character Button","Relic Stats","Reliquary","Replay The Spire","Robot Space Explorer","StSLib","The Hayseed","The Witch"],"gold_per_floor":[116,116,116,129,129,129,33,33,57,97,97,141,141,155,155,285,285,298,8,22,22,22,66,80,80,80,93,128,153,197,211,211,340,340,359,384,20,39,39,73,97,97,97,97,97,97,97,113,113,113],"floor_reached":51,"language":"ENG","playtime":2643,"items_purged":[],"score":893,"play_id":"32b61daa-f2ed-4447-9587-6c95fed7ab7c","local_time":"20210206033705","is_ascension_mode":false,"campfire_choices":[{"data":"TheSimpletonMod:ReekAndSow","floor":6,"key":"SMITH"},{"data":"TheSimpletonMod:Fertilaser","floor":11,"key":"SMITH"},{"data":"TheSimpletonMod:StockTheCellar","floor":13,"key":"SMITH"},{"data":"TheSimpletonMod:Strawberries","floor":15,"key":"SMITH"},{"data":"RitualDagger","floor":25,"key":"SMITH"},{"data":"TheSimpletonMod:VolatileFumes","floor":32,"key":"SMITH"},{"data":"TheSimpletonMod:ResistantStrain","floor":42,"key":"SMITH"},{"data":"TheSimpletonMod:VolatileFumes","floor":44,"key":"SMITH"},{"data":"TheSimpletonMod:Rake","floor":46,"key":"SMITH"},{"data":"TheSimpletonMod:GoToMarket","floor":49,"key":"SMITH"}],"circlet_count":0,"master_deck":["TheSimpletonMod:Strike_TheSimpleton","TheSimpletonMod:Strike_TheSimpleton","TheSimpletonMod:Strike_TheSimpleton","TheSimpletonMod:Strike_TheSimpleton","TheSimpletonMod:Defend_TheSimpleton","TheSimpletonMod:Defend_TheSimpleton","TheSimpletonMod:Defend_TheSimpleton","TheSimpletonMod:Defend_TheSimpleton","TheSimpletonMod:Haymaker","TheSimpletonMod:Fertilaser+1","TheSimpletonMod:ReekAndSow+1","TheSimpletonMod:StockTheCellar+1","TheSimpletonMod:Onions","TheSimpletonMod:Swelter","TheSimpletonMod:Strawberries+1","TheSimpletonMod:Swelter","TheSimpletonMod:CrackOfDawn","TheSimpletonMod:Fertilaser","TheSimpletonMod:VolatileFumes+1","TheSimpletonMod:GoToMarket+1","RitualDagger+1","TheSimpletonMod:Rake+1","TheSimpletonMod:ControlledBurn","TheSimpletonMod:SeedCoat","TheSimpletonMod:BumperCrop+1","TheSimpletonMod:ResearchGrant","TheSimpletonMod:OnionBloom","TheSimpletonMod:Rototilling+1","TheSimpletonMod:ResistantStrain+1","TheSimpletonMod:SaladShooter+1","TheSimpletonMod:VolatileFumes+1","Flash of Steel","Madness","Madness","TheSimpletonMod:BumperCrop+1","TheSimpletonMod:Aerate+1","TheSimpletonMod:Aerate+1"],"relics":["TheSimpletonMod:NightSoil","TheSimpletonMod:TheHarvester","Philosopher\u0027s Stone","Golden Idol","reliquary:BoilingFlask","reliquary:WeakTea","Anchor","keyreminder:keyreminder","Replay:Baseball","Runic Pyramid","OrangePellets","Ice Cream","Darkstone Periapt","reliquary:PurpleTingedLeaf","TheSimpletonMod:PicklingJar","Lantern","reliquary:TridentHead"],"acts_visited":["Exordium","TheCity","TheBeyond"],"potions_floor_usage":[12,16,23,23,30,33,33,36,50,50,50],"damage_taken":[{"damage":0,"enemies":"Small Slimes","floor":1,"turns":2},{"damage":4,"enemies":"Jaw Worm","floor":4,"turns":4},{"damage":14,"enemies":"Lagavulin","floor":10,"turns":6},{"damage":21,"enemies":"Gremlin Nob","floor":12,"turns":4},{"damage":0,"enemies":"Cultist","floor":14,"turns":3},{"damage":0,"enemies":"Slime Boss","floor":16,"turns":9},{"damage":0,"enemies":"Spheric Guardian","floor":18,"turns":3},{"damage":0,"enemies":"Chosen","floor":20,"turns":4},{"damage":4,"enemies":"Gremlin Leader","floor":23,"turns":4},{"damage":11,"enemies":"Snecko","floor":24,"turns":5},{"damage":0,"enemies":"Cultist and Chosen","floor":27,"turns":5},{"damage":25,"enemies":"Book of Stabbing","floor":28,"turns":5},{"damage":8,"enemies":"Sentry and Sphere","floor":29,"turns":6},{"damage":0,"enemies":"Gremlin Leader","floor":30,"turns":4},{"damage":0,"enemies":"Centurion and Healer","floor":31,"turns":4},{"damage":63,"enemies":"Collector","floor":33,"turns":15},{"damage":0,"enemies":"3 Shapes","floor":35,"turns":5},{"damage":4,"enemies":"3 Darklings","floor":36,"turns":5},{"damage":0,"enemies":"Spire Growth","floor":38,"turns":5},{"damage":21,"enemies":"Nemesis","floor":40,"turns":7},{"damage":2,"enemies":"Transient","floor":41,"turns":5},{"damage":2,"enemies":"Jaw Worm Horde","floor":48,"turns":3},{"damage":0,"enemies":"Time Eater","floor":50,"turns":11}],"seed_played":"8257906257266135939","potions_obtained":[{"floor":1,"key":"SpeedPotion"},{"floor":10,"key":"Ancient Potion"},{"floor":12,"key":"TheSimpletonMod:AbundancePotion"},{"floor":18,"key":"Strength Potion"},{"floor":23,"key":"TheSimpletonMod:MoonshinePotion"},{"floor":24,"key":"SteroidPotion"},{"floor":29,"key":"Energy Potion"},{"floor":31,"key":"Adrenaline Potion"},{"floor":36,"key":"Venom Potion"}],"is_trial":false,"path_per_floor":["M","?","?","M","?","R","$","T","T","E","R","E","R","M","R","B",null,"M","$","M","?","?","E","M","R","T","M","E","M","E","M","R","B",null,"M","M","$","M","?","E","M","R","T","R","?","R","?","M","R","B",null],"character_chosen":"THE_SIMPLETON","items_purchased":["TheSimpletonMod:Onions","Swift Potion","TheSimpletonMod:VolatileFumes","OrangePellets","TheSimpletonMod:VolatileFumes","Flash of Steel","SpeedPotion","EssenceOfSteel"],"campfire_rested":0,"item_purchase_floors":[7,7,19,19,37,37,37,37],"current_hp_per_floor":[75,66,66,66,66,66,66,66,66,56,56,39,39,43,43,53,69,69,69,69,63,63,65,64,64,64,68,51,56,63,68,68,29,69,69,69,69,69,60,52,57,57,57,57,57,57,57,61,61,69],"gold":113,"neow_bonus":"BOSS_RELIC","is_daily":false,"chose_seed":false,"campfire_upgraded":10,"win_rate":0.0,"timestamp":1612600625,"path_taken":["M","?","?","M","?","R","$","?","T","E","R","E","R","M","R","BOSS","M","$","M","?","?","E","M","R","T","M","E","?","E","?","R","BOSS","M","M","$","M","?","E","M","R","T","R","?","R","?","?","R","BOSS"],"items_purchased_type":["Card","Potion","Card","Relic","Card","Card","Potion","Potion"],"build_version":"2020-12-22","purchased_purges":0,"victory":true,"max_hp_per_floor":[75,75,75,75,69,69,69,69,69,69,69,69,69,69,69,69,69,69,69,69,69,69,69,69,69,69,69,69,69,69,69,69,69,69,69,69,69,69,69,69,69,69,69,69,69,69,69,69,69,69],"relic_stats":{"Darkstone Periapt":0,"OrangePellets":[24],"counters":[23,122],"Golden Idol":169,"obtain_stats":[{"Ice Cream":23,"Darkstone Periapt":26,"Lantern":40,"Golden Idol":5,"reliquary:BoilingFlask":8,"reliquary:WeakTea":9,"TheSimpletonMod:TheHarvester":0,"keyreminder:keyreminder":12,"OrangePellets":19,"reliquary:TridentHead":43,"Anchor":10,"Replay:Baseball":12,"Philosopher\u0027s Stone":0,"TheSimpletonMod:SpudOfTheInnocent":0,"TheSimpletonMod:NightSoil":0,"reliquary:PurpleTingedLeaf":28,"Runic Pyramid":17,"TheSimpletonMod:PicklingJar":30},{"Ice Cream":9,"Darkstone Periapt":10,"Lantern":20,"Golden Idol":2,"reliquary:BoilingFlask":2,"reliquary:WeakTea":2,"TheSimpletonMod:TheHarvester":0,"keyreminder:keyreminder":4,"OrangePellets":7,"reliquary:TridentHead":21,"Anchor":3,"Replay:Baseball":4,"Philosopher\u0027s Stone":0,"TheSimpletonMod:SpudOfTheInnocent":0,"TheSimpletonMod:NightSoil":0,"reliquary:PurpleTingedLeaf":12,"Runic Pyramid":6,"TheSimpletonMod:PicklingJar":14},{"Ice Cream":38,"Darkstone Periapt":43,"Lantern":103,"Golden Idol":6,"reliquary:BoilingFlask":6,"reliquary:WeakTea":6,"TheSimpletonMod:TheHarvester":0,"keyreminder:keyreminder":15,"OrangePellets":30,"reliquary:TridentHead":108,"Anchor":12,"Replay:Baseball":15,"Philosopher\u0027s Stone":0,"TheSimpletonMod:SpudOfTheInnocent":0,"TheSimpletonMod:NightSoil":0,"reliquary:PurpleTingedLeaf":53,"Runic Pyramid":27,"TheSimpletonMod:PicklingJar":62}]},"card_choices":[{"not_picked":["TheSimpletonMod:Sunchoke","TheSimpletonMod:ToughenUp"],"picked":"TheSimpletonMod:Fertilaser","floor":1},{"not_picked":["TheSimpletonMod:GoToMarket","TheSimpletonMod:Mulch"],"picked":"TheSimpletonMod:StockTheCellar","floor":4},{"not_picked":["TheSimpletonMod:CropRotation","TheSimpletonMod:ToughenUp"],"picked":"TheSimpletonMod:Swelter","floor":10},{"not_picked":["TheSimpletonMod:SaladShooter","TheSimpletonMod:Pruning"],"picked":"TheSimpletonMod:Strawberries","floor":12},{"not_picked":["TheSimpletonMod:Pruning","TheSimpletonMod:GoToMarket"],"picked":"TheSimpletonMod:Swelter","floor":14},{"not_picked":["TheSimpletonMod:Photosynthesis","TheSimpletonMod:BirdFeeder"],"picked":"TheSimpletonMod:CrackOfDawn","floor":16},{"not_picked":["TheSimpletonMod:CullingStrike","TheSimpletonMod:DigIn"],"picked":"TheSimpletonMod:Fertilaser","floor":18},{"not_picked":["TheSimpletonMod:PestManagement","TheSimpletonMod:OnionBloom"],"picked":"TheSimpletonMod:GoToMarket","floor":20},{"not_picked":["TheSimpletonMod:Sunchoke","TheSimpletonMod:CloseScrape"],"picked":"TheSimpletonMod:Rake","floor":23},{"not_picked":["TheSimpletonMod:Aerate+1","TheSimpletonMod:Germinate+1"],"picked":"TheSimpletonMod:ControlledBurn","floor":24},{"not_picked":["TheSimpletonMod:DoubleBarrel","TheSimpletonMod:SoilSample"],"picked":"TheSimpletonMod:SeedCoat","floor":27},{"not_picked":["TheSimpletonMod:PestManagement","TheSimpletonMod:SaladShooter"],"picked":"TheSimpletonMod:BumperCrop+1","floor":28},{"not_picked":["TheSimpletonMod:Pruning","TheSimpletonMod:Germinate"],"picked":"TheSimpletonMod:ResearchGrant","floor":29},{"not_picked":["TheSimpletonMod:CropRotation","TheSimpletonMod:DigIn+1"],"picked":"TheSimpletonMod:OnionBloom","floor":30},{"not_picked":["TheSimpletonMod:DoubleBarrel","TheSimpletonMod:SeedCoat"],"picked":"TheSimpletonMod:Rototilling+1","floor":31},{"not_picked":["TheSimpletonMod:Photosynthesis","TheSimpletonMod:Surplus"],"picked":"TheSimpletonMod:ResistantStrain","floor":33},{"not_picked":["TheSimpletonMod:ToughenUp+1","TheSimpletonMod:Rototilling","TheSimpletonMod:Innovate"],"picked":"SKIP","floor":35},{"not_picked":["TheSimpletonMod:SlashAndBurn+1","TheSimpletonMod:Rototilling"],"picked":"TheSimpletonMod:SaladShooter+1","floor":36},{"not_picked":["TheSimpletonMod:SpiceUp+1","TheSimpletonMod:KeenEdge","TheSimpletonMod:SaladShooter"],"picked":"SKIP","floor":38},{"not_picked":["TheSimpletonMod:Fertilaser","TheSimpletonMod:SeedCoat"],"picked":"TheSimpletonMod:BumperCrop+1","floor":40},{"not_picked":["TheSimpletonMod:Innovate+1","TheSimpletonMod:PestManagement"],"picked":"TheSimpletonMod:Aerate+1","floor":41},{"not_picked":["TheSimpletonMod:ControlledBurn+1","TheSimpletonMod:Ferment"],"picked":"TheSimpletonMod:Aerate+1","floor":48}],"player_experience":1038569,"relics_obtained":[{"floor":8,"key":"reliquary:BoilingFlask"},{"floor":9,"key":"reliquary:WeakTea"},{"floor":10,"key":"Anchor"},{"floor":12,"key":"Replay:Baseball"},{"floor":23,"key":"Ice Cream"},{"floor":26,"key":"Darkstone Periapt"},{"floor":28,"key":"reliquary:PurpleTingedLeaf"},{"floor":30,"key":"TheSimpletonMod:PicklingJar"},{"floor":40,"key":"Lantern"},{"floor":43,"key":"reliquary:TridentHead"}],"event_choices":[{"damage_healed":0,"gold_gain":0,"player_choice":"Ignored","damage_taken":0,"max_hp_gain":0,"max_hp_loss":0,"event_name":"Liars Game","floor":3,"gold_loss":0},{"damage_healed":0,"gold_gain":0,"player_choice":"Lose Max HP","damage_taken":0,"relics_obtained":["Golden Idol"],"max_hp_gain":0,"max_hp_loss":6,"event_name":"Golden Idol","floor":5,"gold_loss":0},{"damage_healed":0,"gold_gain":0,"player_choice":"Joined the Cult","damage_taken":6,"max_hp_gain":0,"max_hp_loss":0,"event_name":"Nest","floor":21,"gold_loss":0,"cards_obtained":["RitualDagger"]},{"damage_healed":0,"gold_gain":0,"player_choice":"Ignored","damage_taken":0,"max_hp_gain":0,"max_hp_loss":0,"event_name":"N\u0027loth","floor":22,"gold_loss":0},{"damage_healed":0,"gold_gain":0,"player_choice":"Embrace Madness","damage_taken":9,"max_hp_gain":0,"max_hp_loss":0,"event_name":"Winding Halls","floor":39,"gold_loss":0,"cards_obtained":["Madness","Madness"]},{"damage_healed":0,"gold_gain":0,"player_choice":"Got Potions","damage_taken":0,"max_hp_gain":0,"max_hp_loss":0,"event_name":"Lab","floor":47,"gold_loss":0}],"is_beta":false,"boss_relics":[{"not_picked":["Replay:Ancient Bell","Cursed Key"],"picked":"Runic Pyramid"},{"not_picked":["Velvet Choker","Kintsugi","Replay:Bronze Core"]}],"items_purged_floors":[],"is_endless":false,"potions_floor_spawned":[1,10,12,18,23,24,29,31,36,40],"ascension_level":0}}