{"host":"vyjryxuuuxkt43k4","time":1612617190,"event":{"mods":["AchievementEnabler","BaseMod","Colored Map","DeckTracker","Highlight Path","Keyboard Shortcuts","Minty Spire (QoL Compilation)","Permanent Neow","Quick Restart","StSLib","SuperFastMode","everything is the same but u backflip on backflip"],"gold_per_floor":[113,113,3,103,122,156,156,3,27,47,47,47,62,123,123,227,227,239,254,254,254],"floor_reached":20,"language":"KOR","playtime":460,"items_purged":["Strike_R"],"score":197,"play_id":"3938eaf8-2b0d-4971-99a4-976a21ded3aa","local_time":"20210206221310","is_ascension_mode":false,"campfire_choices":[{"data":"Uppercut","floor":7,"key":"SMITH"},{"data":"Flex","floor":11,"key":"SMITH"},{"data":"Fire Breathing","floor":15,"key":"SMITH"}],"circlet_count":0,"master_deck":["Strike_R","Strike_R","Strike_R","Strike_R","Defend_R","Defend_R","Defend_R","Defend_R","Bash","Body Slam+1","Hemokinesis","Uppercut+1","Shrug It Off","Flex+1","Fire Breathing+1","Power Through","Dual Wield","Exhume","Disarm","Flame Barrier","Entrench","Body Slam+1"],"relics":["Burning Blood","NeowsBlessing","Prayer Wheel","OrangePellets","Juzu Bracelet","Dead Branch","Philosopher\u0027s Stone"],"acts_visited":["Exordium","TheCity"],"potions_floor_usage":[18,18],"damage_taken":[{"damage":0,"enemies":"Jaw Worm","floor":1,"turns":1},{"damage":0,"enemies":"Small Slimes","floor":5,"turns":1},{"damage":2,"enemies":"Lagavulin","floor":6,"turns":1},{"damage":2,"enemies":"Cultist","floor":10,"turns":2},{"damage":11,"enemies":"Red Slaver","floor":13,"turns":2},{"damage":19,"enemies":"Gremlin Nob","floor":14,"turns":4},{"damage":46,"enemies":"Hexaghost","floor":16,"turns":8},{"damage":30,"enemies":"3 Byrds","floor":18,"turns":6},{"damage":2,"enemies":"Chosen","floor":19,"turns":3},{"damage":72,"enemies":"Masked Bandits","floor":20,"turns":6}],"seed_played":"-7773991103369250145","potions_obtained":[{"floor":1,"key":"Swift Potion"},{"floor":16,"key":"BloodPotion"}],"is_trial":false,"path_per_floor":["M","?","$","?","M","E","R","$","T","M","R","$","M","?","R","B",null,"M","M","?"],"character_chosen":"IRONCLAD","items_purchased":["Hemokinesis","OrangePellets"],"campfire_rested":0,"item_purchase_floors":[3,8],"current_hp_per_floor":[80,80,80,80,80,80,80,80,80,80,80,80,75,62,62,22,80,67,71,0,0],"gold":254,"neow_bonus":"THREE_ENEMY_KILL","is_daily":false,"chose_seed":false,"campfire_upgraded":3,"win_rate":0.0,"timestamp":1612617190,"path_taken":["M","?","$","?","?","E","R","?","T","M","R","$","M","?","R","BOSS","M","M","?"],"items_purchased_type":["Card","Relic"],"build_version":"2020-12-22","purchased_purges":1,"victory":false,"max_hp_per_floor":[80,80,80,80,80,80,80,80,80,80,80,80,80,80,80,80,80,80,80,80,80],"card_choices":[{"not_picked":["Ghostly Armor","Dropkick"],"picked":"Body Slam","floor":1},{"not_picked":["Anger","Sentinel"],"picked":"Uppercut","floor":5},{"not_picked":["Rampage","Headbutt"],"picked":"Shrug It Off","floor":6},{"not_picked":["Fire Breathing","Armaments"],"picked":"Flex","floor":10},{"not_picked":["Cleave","Clothesline","Clash"],"picked":"SKIP","floor":10},{"not_picked":["Havoc","Cleave"],"picked":"Fire Breathing","floor":13},{"not_picked":["Demon Form","Pummel"],"picked":"Power Through","floor":13},{"not_picked":["Body Slam","Rupture"],"picked":"Dual Wield","floor":14},{"not_picked":["Reaper","Demon Form"],"picked":"Exhume","floor":16},{"not_picked":["Heavy Blade","Twin Strike"],"picked":"Disarm","floor":18},{"not_picked":["Anger","Heavy Blade"],"picked":"Flame Barrier","floor":18},{"not_picked":["Dual Wield","Pommel Strike"],"picked":"Entrench","floor":19},{"not_picked":["Twin Strike","Armaments"],"picked":"Body Slam+1","floor":19}],"player_experience":799706,"relics_obtained":[{"floor":6,"key":"Prayer Wheel"},{"floor":9,"key":"Juzu Bracelet"},{"floor":14,"key":"Dead Branch"}],"event_choices":[{"damage_healed":0,"gold_gain":0,"player_choice":"Grow","damage_taken":0,"max_hp_gain":0,"max_hp_loss":0,"event_name":"Living Wall","floor":2,"gold_loss":0,"cards_upgraded":["Body Slam"]},{"damage_healed":0,"gold_gain":100,"player_choice":"Pray","damage_taken":0,"max_hp_gain":0,"max_hp_loss":0,"event_name":"Golden Shrine","floor":4,"gold_loss":0},{"damage_healed":0,"gold_gain":30,"player_choice":"Searched \u00272\u0027 times","damage_taken":0,"max_hp_gain":0,"max_hp_loss":0,"event_name":"Dead Adventurer","floor":14,"gold_loss":0},{"damage_healed":0,"gold_gain":0,"player_choice":"Fought Bandits","damage_taken":0,"max_hp_gain":0,"max_hp_loss":0,"event_name":"Masked Bandits","floor":20,"gold_loss":0}],"is_beta":false,"boss_relics":[{"not_picked":["Fusion Hammer","Black Blood"],"picked":"Philosopher\u0027s Stone"}],"items_purged_floors":[3],"is_endless":false,"potions_floor_spawned":[1,16],"killed_by":"Masked Bandits","ascension_level":0}}