{"host":"hszimsrtxxc2k25w","time":1612594208,"event":{"mods":["AchievementEnabler","BaseMod","Colored Map","DeckTracker","Minty Spire (QoL Compilation)","Rare Cards Sparkle","SuperFastMode"],"gold_per_floor":[114,114,2,14,27,27,38,48,130,130,130,149,149,162,162,234,234,250,250,250,250,269,269,295,295,295,295,295,295],"floor_reached":28,"language":"KOR","playtime":578,"items_purged":["Strike_G"],"score":456,"play_id":"cc039922-60fb-47f5-9488-1e7e0aa6766d","local_time":"20210206155008","is_ascension_mode":true,"campfire_choices":[{"data":"Calculated Gamble","floor":13.0,"key":"SMITH"},{"data":"Concentrate","floor":15.0,"key":"SMITH"},{"data":"Ghostly","floor":23.0,"key":"SMITH"},{"data":"Ghostly","floor":25,"key":"SMITH"},{"data":"Ghostly","floor":27,"key":"SMITH"}],"circlet_count":0,"master_deck":["AscendersBane","Survivor","Neutralize","Bouncing Flask+1","Catalyst+1","Acrobatics","PiercingWail","Calculated Gamble+1","Reflex","Concentrate+1","Wraith Form v2","Night Terror","Slice","Distraction","Masterful Stab","Crippling Poison","Corpse Explosion","Deflect","Dodge and Roll","Necronomicurse","Storm of Steel","Infinite Blades","Ghostly+1","Ghostly+1","Ghostly+1","Flechettes"],"relics":["Ring of the Snake","NeowsBlessing","Mango","HornCleat","Pandora\u0027s Box","Necronomicon","Vajra","Shuriken"],"acts_visited":["Exordium","TheCity"],"potions_floor_usage":[24],"damage_taken":[{"damage":0.0,"enemies":"Jaw Worm","floor":1.0,"turns":1.0},{"damage":0.0,"enemies":"Cultist","floor":4.0,"turns":1.0},{"damage":0.0,"enemies":"Small Slimes","floor":5.0,"turns":1.0},{"damage":13.0,"enemies":"Red Slaver","floor":7.0,"turns":4.0},{"damage":3.0,"enemies":"2 Fungi Beasts","floor":8.0,"turns":4.0},{"damage":4.0,"enemies":"3 Louse","floor":12.0,"turns":5.0},{"damage":0.0,"enemies":"Looter","floor":14.0,"turns":3.0},{"damage":8.0,"enemies":"Hexaghost","floor":16.0,"turns":7.0},{"damage":12.0,"enemies":"3 Byrds","floor":18.0,"turns":3.0},{"damage":2.0,"enemies":"Spheric Guardian","floor":22.0,"turns":4.0},{"damage":3,"enemies":"Slavers","floor":24,"turns":5},{"damage":27,"enemies":"Cultist and Chosen","floor":28,"turns":7}],"seed_played":"1544743161456909330","potions_obtained":[{"floor":1.0,"key":"SneckoOil"},{"floor":7.0,"key":"FearPotion"},{"floor":8.0,"key":"Weak Potion"},{"floor":11.0,"key":"Dexterity Potion"},{"floor":12.0,"key":"Swift Potion"}],"is_trial":false,"path_per_floor":["M","?","$","M","M","?","M","M","T","?","?","M","R","M","R","B",null,"M","?","?","?","M","R","E","R","T","R","M"],"character_chosen":"THE_SILENT","items_purchased":["Catalyst"],"campfire_rested":0,"item_purchase_floors":[3],"current_hp_per_floor":[59,59,59,59,59,73,60,57,57,33,33,29,29,29,29,21,65,53,32,32,32,30,30,27,27,27,27,0,0],"gold":295,"neow_bonus":"THREE_ENEMY_KILL","is_daily":false,"chose_seed":false,"campfire_upgraded":5,"win_rate":0.0,"timestamp":1612594208,"path_taken":["M","?","$","M","?","?","?","M","T","?","?","M","R","M","R","BOSS","M","?","?","?","M","R","E","R","T","R","M"],"items_purchased_type":["Card"],"build_version":"2020-12-22","purchased_purges":1,"victory":false,"max_hp_per_floor":[66,66,66,66,66,80,80,80,80,80,80,80,80,80,80,80,80,80,80,80,40,40,40,40,40,40,40,40,40],"card_choices":[{"not_picked":["Dodge and Roll","Prepared"],"picked":"Bouncing Flask","floor":1.0},{"not_picked":["Flying Knee","Accuracy"],"picked":"Acrobatics","floor":4.0},{"not_picked":["Cloak And Dagger","Deflect"],"picked":"PiercingWail","floor":5.0},{"not_picked":["Slice","Backflip","Skewer"],"picked":"SKIP","floor":7.0},{"not_picked":["Cloak And Dagger","Blade Dance"],"picked":"Calculated Gamble","floor":8.0},{"not_picked":["Cloak And Dagger","Caltrops"],"picked":"Reflex","floor":12.0},{"not_picked":["Backflip","Blade Dance"],"picked":"Concentrate","floor":14.0},{"not_picked":["Doppelganger","Malaise"],"picked":"Wraith Form v2","floor":16.0},{"not_picked":["All Out Attack","Backstab"],"picked":"Dodge and Roll","floor":18.0},{"not_picked":["PiercingWail","Dodge and Roll+1"],"picked":"Flechettes","floor":22.0},{"not_picked":["Finisher","Calculated Gamble","Bouncing Flask"],"picked":"SKIP","floor":24}],"player_experience":668865,"relics_obtained":[{"floor":9.0,"key":"HornCleat"},{"floor":19.0,"key":"Necronomicon"},{"floor":24,"key":"Vajra"},{"floor":26,"key":"Shuriken"}],"event_choices":[{"damage_healed":0.0,"max_hp_gain":0.0,"max_hp_loss":0.0,"gold_gain":0.0,"event_name":"Upgrade Shrine","player_choice":"Upgraded","floor":2.0,"gold_loss":0.0,"damage_taken":0.0,"cards_upgraded":["Bouncing Flask"]},{"damage_healed":0.0,"max_hp_gain":0.0,"max_hp_loss":0.0,"gold_gain":0.0,"event_name":"WeMeetAgain","player_choice":"Gave Potion","floor":6.0,"gold_loss":0.0,"damage_taken":0.0,"relics_obtained":["Mango"]},{"damage_healed":0.0,"max_hp_gain":0.0,"max_hp_loss":0.0,"gold_gain":0.0,"event_name":"Shining Light","player_choice":"Entered Light","floor":10.0,"gold_loss":0.0,"damage_taken":24.0,"cards_upgraded":["Catalyst","Defend_G"]},{"damage_healed":0.0,"max_hp_gain":0.0,"max_hp_loss":0.0,"gold_gain":0.0,"event_name":"Lab","player_choice":"Got Potions","floor":11.0,"gold_loss":0.0,"damage_taken":0.0},{"damage_healed":0.0,"max_hp_gain":0.0,"max_hp_loss":0.0,"gold_gain":0.0,"event_name":"Cursed Tome","player_choice":"Obtained Book","floor":19.0,"gold_loss":0.0,"damage_taken":21.0},{"damage_healed":0.0,"max_hp_gain":0.0,"max_hp_loss":0.0,"gold_gain":0.0,"cards_transformed":["Grand Finale","Distraction"],"event_name":"Drug Dealer","player_choice":"Became Test Subject","floor":20.0,"gold_loss":0.0,"damage_taken":0.0,"cards_obtained":["Storm of Steel","Infinite Blades"]},{"damage_healed":0.0,"max_hp_gain":0.0,"max_hp_loss":40.0,"gold_gain":0.0,"event_name":"Ghosts","player_choice":"Became a Ghost","floor":21.0,"gold_loss":0.0,"damage_taken":0.0,"cards_obtained":["Ghostly","Ghostly","Ghostly"]}],"is_beta":false,"boss_relics":[{"not_picked":["Runic Dome","SlaversCollar"],"picked":"Pandora\u0027s Box"}],"items_purged_floors":[3],"is_endless":false,"potions_floor_spawned":[1,7,8,12,18,22],"killed_by":"Cultist and Chosen","ascension_level":20}}