{"host":"ydg0vn0pu4pubmdt","time":1612604690,"event":{"mods":["AchievementEnabler","BaseMod","Colored Map","Gold Saver","Minty Spire (QoL Compilation)","Quick Restart","SuperFastMode"],"gold_per_floor":[115,40,66,23,33,61,61,61,61,78,78,98,125,138,138,209,209,228,239,164,89,100,132,132,158,183,212,243,272,284,311,323,335,335],"floor_reached":33,"language":"KOR","playtime":12544,"items_purged":["Strike_P"],"score":648,"play_id":"05f7bb80-5154-414f-8544-ea1605d47a5a","local_time":"20210206184450","is_ascension_mode":true,"campfire_choices":[{"data":"Eruption","floor":8.0,"key":"SMITH"},{"floor":15.0,"key":"REST"},{"floor":24,"key":"REST"},{"floor":32,"key":"REST"}],"circlet_count":0,"master_deck":["AscendersBane","Strike_P","Strike_P","Defend_P","Defend_P","Defend_P","Eruption+1","Vigilance","EmptyBody","TalkToTheHand","DeusExMachina","BattleHymn","Study","FollowUp","CrushJoints","Scrawl","FearNoEvil","WheelKick+1","Wallop","Halt","MentalFortress"],"relics":["PureWater","NeowsBlessing","Bronze Scales","Oddly Smooth Stone","Toy Ornithopter","Bottled Lightning","Thread and Needle","VioletLotus","Gremlin Horn","Strawberry","MawBank","InkBottle"],"acts_visited":["Exordium","TheCity"],"potions_floor_usage":[28,29,31],"damage_taken":[{"damage":0.0,"enemies":"2 Louse","floor":1.0,"turns":1.0},{"damage":0.0,"enemies":"Jaw Worm","floor":5.0,"turns":1.0},{"damage":0.0,"enemies":"Gremlin Nob","floor":6.0,"turns":1.0},{"damage":0.0,"enemies":"Cultist","floor":10.0,"turns":3.0},{"damage":17.0,"enemies":"Exordium Wildlife","floor":12.0,"turns":3.0},{"damage":15.0,"enemies":"3 Sentries","floor":13.0,"turns":6.0},{"damage":0.0,"enemies":"Blue Slaver","floor":14.0,"turns":4.0},{"damage":12.0,"enemies":"The Guardian","floor":16.0,"turns":11.0},{"damage":5,"enemies":"2 Thieves","floor":18,"turns":4},{"damage":7,"enemies":"Shell Parasite","floor":19,"turns":4},{"damage":33,"enemies":"Sentry and Sphere","floor":22,"turns":7},{"damage":9,"enemies":"Gremlin Leader","floor":23,"turns":6},{"damage":30,"enemies":"Slavers","floor":25,"turns":4},{"damage":8,"enemies":"Centurion and Healer","floor":27,"turns":5},{"damage":12,"enemies":"Snake Plant","floor":28,"turns":4},{"damage":8,"enemies":"3 Cultists","floor":29,"turns":4},{"damage":0,"enemies":"Shelled Parasite and Fungi","floor":31,"turns":4},{"damage":42,"enemies":"Champ","floor":33,"turns":7}],"seed_played":"2038694184097883893","potions_obtained":[{"floor":5.0,"key":"Swift Potion"},{"floor":13.0,"key":"SteroidPotion"},{"floor":16.0,"key":"FairyPotion"},{"floor":27,"key":"PowerPotion"},{"floor":28,"key":"Strength Potion"}],"is_trial":false,"path_per_floor":["M","?","T","$","M","E","?","R","T","M","?","M","E","M","R","B",null,"M","M","$","?","M","E","R","E","T","M","M","M","T","M","R","B"],"character_chosen":"WATCHER","items_purchased":["TalkToTheHand"],"campfire_rested":3,"item_purchase_floors":[4],"current_hp_per_floor":[61,61,61,61,61,61,35,35,35,35,35,18,8,8,28,16,55,50,43,43,43,10,1,21,19,19,11,4,1,1,6,28,0,0],"gold":335,"neow_bonus":"THREE_ENEMY_KILL","is_daily":false,"chose_seed":false,"campfire_upgraded":1,"win_rate":0.0,"timestamp":1612604690,"path_taken":["M","?","?","$","M","E","?","R","T","M","?","M","E","M","R","BOSS","M","M","$","?","M","E","R","E","T","M","M","M","?","M","R","BOSS"],"items_purchased_type":["Card"],"build_version":"2020-12-22","purchased_purges":1,"victory":false,"max_hp_per_floor":[68,68,68,68,68,68,68,68,68,68,68,68,68,68,68,68,68,68,68,68,68,68,68,68,75,75,75,75,75,75,75,75,75,75],"card_choices":[{"not_picked":["ThirdEye","Vengeance"],"picked":"EmptyBody","floor":1.0},{"not_picked":["LikeWater","Consecrate","ThirdEye"],"picked":"SKIP","floor":5.0},{"not_picked":["Study","CrushJoints"],"picked":"DeusExMachina","floor":6.0},{"not_picked":["Prostrate","ReachHeaven"],"picked":"BattleHymn","floor":10.0},{"not_picked":["Protect","FlyingSleeves"],"picked":"Study","floor":12.0},{"not_picked":["WreathOfFlame","Tantrum"],"picked":"FollowUp","floor":13.0},{"not_picked":["Consecrate","BowlingBash"],"picked":"CrushJoints","floor":14.0},{"not_picked":["Wish","MasterReality"],"picked":"Scrawl","floor":16.0},{"not_picked":["ThirdEye","Consecrate","FollowUp"],"picked":"SKIP","floor":18},{"not_picked":["Sanctity","CutThroughFate"],"picked":"FearNoEvil","floor":19},{"not_picked":["LessonLearned","FearNoEvil"],"picked":"WheelKick+1","floor":22},{"not_picked":["Wireheading","ClearTheMind"],"picked":"Wallop","floor":23},{"not_picked":["FollowUp","Wallop"],"picked":"Halt","floor":25},{"not_picked":["BattleHymn","Worship"],"picked":"MentalFortress","floor":27},{"not_picked":["WaveOfTheHand","Protect","EmptyMind"],"picked":"SKIP","floor":28},{"not_picked":["FollowUp","Perseverance","Prostrate"],"picked":"SKIP","floor":29},{"not_picked":["CutThroughFate+1","MentalFortress","CarveReality+1"],"picked":"SKIP","floor":31}],"player_experience":631409,"relics_obtained":[{"floor":3.0,"key":"Bronze Scales"},{"floor":6.0,"key":"Oddly Smooth Stone"},{"floor":9.0,"key":"Bottled Lightning"},{"floor":13.0,"key":"Thread and Needle"},{"floor":23,"key":"Gremlin Horn"},{"floor":25,"key":"Strawberry"},{"floor":26,"key":"MawBank"},{"floor":30,"key":"InkBottle"}],"event_choices":[{"cards_removed":["Strike_P"],"damage_healed":0.0,"max_hp_gain":0.0,"max_hp_loss":0.0,"gold_gain":0.0,"event_name":"The Cleric","player_choice":"Card Removal","floor":2.0,"gold_loss":75.0,"damage_taken":0.0},{"damage_healed":0.0,"max_hp_gain":0.0,"max_hp_loss":0.0,"gold_gain":0.0,"event_name":"Scrap Ooze","player_choice":"Success","floor":7.0,"gold_loss":0.0,"damage_taken":26.0,"relics_obtained":["Toy Ornithopter"]},{"damage_healed":0.0,"max_hp_gain":0.0,"max_hp_loss":0.0,"gold_gain":0.0,"event_name":"Liars Game","player_choice":"Ignored","floor":11.0,"gold_loss":0.0,"damage_taken":0.0},{"cards_removed":["Defend_P"],"damage_healed":0,"gold_gain":0,"player_choice":"Gave Gold","damage_taken":0,"max_hp_gain":0,"max_hp_loss":0,"event_name":"Beggar","floor":21,"gold_loss":75}],"is_beta":false,"boss_relics":[{"not_picked":["Ectoplasm","Runic Dome"],"picked":"VioletLotus"}],"items_purged_floors":[20],"is_endless":false,"potions_floor_spawned":[5,13,16,22,27,28],"killed_by":"Champ","ascension_level":20}}