{"host":"630px4nyj50z5id8","time":1612591330,"event":{"mods":["BaseMod","Better Note","Colored Powertips","Good Game Mod","Minty Spire (QoL Compilation)","Quick Restart","Rare Cards Sparkle","Relic Filter Mod","Replay The Spire","StSLib","Waifu the Spire"],"gold_per_floor":[110,110,123,134,7,37,37,37,37,49,70,109,136,165,165,165,165],"floor_reached":16,"language":"ZHS","playtime":638,"items_purged":["Regret"],"score":154,"play_id":"1d68d7b7-5ac3-4898-875c-6b5b606469ca","local_time":"20210206140210","is_ascension_mode":true,"campfire_choices":[{"floor":15,"key":"RECALL"}],"circlet_count":0,"master_deck":["Strike_R","Strike_R","Strike_R","Strike_R","Strike_R","Defend_R","Defend_R","Defend_R","Bash","Brutality","ReplayTheSpireMod:Stacked","Pommel Strike","Uppercut+1","Sever Soul","ReplayTheSpireMod:Muscle Training","Rupture","Carnage","Seeing Red"],"relics":["Burning Blood","REME:ComplimentaryCards","ReplayTheSpireMod:Ninjato","Boot","CeramicFish","Matryoshka"],"acts_visited":[],"potions_floor_usage":[13],"damage_taken":[{"damage":4.0,"enemies":"Jaw Worm","floor":1.0,"turns":4.0},{"damage":8.0,"enemies":"Cultist","floor":3.0,"turns":4.0},{"damage":14.0,"enemies":"2 Louse","floor":4.0,"turns":3.0},{"damage":28.0,"enemies":"Lagavulin","floor":6.0,"turns":6.0},{"damage":3.0,"enemies":"Looter","floor":10.0,"turns":3.0},{"damage":15.0,"enemies":"Large Slime","floor":11.0,"turns":7.0},{"damage":10.0,"enemies":"Gremlin Nob","floor":12.0,"turns":3.0},{"damage":26,"enemies":"Gremlin Gang","floor":13,"turns":4},{"damage":4,"enemies":"Looter","floor":14,"turns":3},{"damage":40,"enemies":"Slime Boss","floor":16,"turns":3}],"seed_played":"3697570880392291622","potions_obtained":[{"floor":3.0,"key":"Elixir"},{"floor":4.0,"key":"EntropicBrew"},{"floor":11.0,"key":"EssenceOfSteel"},{"floor":12.0,"key":"DuplicationPotion"},{"floor":13,"key":"Explosive Potion"}],"is_trial":false,"path_per_floor":["M","?","M","M","$","E","$","$","T","M","M","E","M","M","R","B"],"character_chosen":"IRONCLAD","items_purchased":["Uppercut+1"],"campfire_rested":0,"item_purchase_floors":[5],"current_hp_per_floor":[74,74,72,64,64,42,42,42,42,45,36,32,12,14,14,0,0],"gold":165,"neow_bonus":"TRANSFORM_CARD","is_daily":false,"chose_seed":false,"campfire_upgraded":0,"win_rate":0.0,"timestamp":1612591330,"path_taken":["M","?","M","M","$","E","?","$","T","M","M","E","M","M","R","BOSS"],"items_purchased_type":["Card"],"build_version":"2020-12-22","purchased_purges":1,"victory":false,"max_hp_per_floor":[80,80,80,80,80,80,80,80,80,80,80,80,80,80,80,80,80],"card_choices":[{"not_picked":["Entrench","Anger","Metallicize"],"picked":"SKIP","floor":1.0},{"not_picked":["Headbutt","Wild Strike"],"picked":"Pommel Strike","floor":3.0},{"not_picked":["Wild Strike","Infernal Blade","Twin Strike"],"picked":"SKIP","floor":4.0},{"not_picked":["ReplayTheSpireMod:Strike From Hell","Body Slam"],"picked":"Sever Soul","floor":6.0},{"not_picked":["Clothesline","Replay:Undeath\u0027s Touch","ReplayTheSpireMod:Strike From Hell"],"picked":"SKIP","floor":10.0},{"not_picked":["Wild Strike","Clothesline"],"picked":"ReplayTheSpireMod:Muscle Training","floor":11.0},{"not_picked":["Body Slam","Armaments"],"picked":"Rupture","floor":12.0},{"not_picked":["Replay:Undeath\u0027s Touch","Headbutt"],"picked":"Carnage","floor":13},{"not_picked":["Run Through","Immolate"],"picked":"Seeing Red","floor":14}],"player_experience":394083,"relics_obtained":[{"floor":6.0,"key":"Boot"},{"floor":9.0,"key":"CeramicFish"},{"floor":12.0,"key":"Matryoshka"}],"event_choices":[{"damage_healed":0.0,"max_hp_gain":0.0,"max_hp_loss":0.0,"gold_gain":0.0,"event_name":"Big Fish","player_choice":"Box","floor":2.0,"gold_loss":0.0,"damage_taken":0.0,"relics_obtained":["ReplayTheSpireMod:Ninjato"],"cards_obtained":["Regret"]}],"is_beta":false,"boss_relics":[],"items_purged_floors":[5],"is_endless":false,"potions_floor_spawned":[3,4,11,12,13],"killed_by":"Slime Boss","ascension_level":7}}