{"host":"i2ntsfwoh5q5m216","time":1612592428,"event":{"mods":["BaseMod","Colored Map","Downfall","Minty Spire (QoL Compilation)","StSLib"],"gold_per_floor":[99,119,134,234,249,267,291,302,335,355,255,265,177,210,229,331,331,231,245,245,263,25,25,25,66,84,103,103,122,155,173,192,296,296,296,316,342,45,145,162,162,179,179,179,190,190,221,233,248,248],"floor_reached":51,"language":"ENG","playtime":3913,"items_purged":["hexamod:FirstSeal"],"score":889,"play_id":"fb895f7e-e96a-4000-8ffd-1c67ed8d4b5f","local_time":"20210206002028","is_ascension_mode":false,"campfire_choices":[{"data":"hexamod:Float","floor":1,"key":"SMITH"},{"floor":11,"key":"RECALL"},{"data":"hexamod:GhostOfSpirePast","floor":18,"key":"SMITH"},{"data":"hexamod:ForkedFlame","floor":23,"key":"SMITH"},{"data":"hexamod:RadiantFlame","floor":28,"key":"SMITH"},{"data":"hexamod:Rewind","floor":35,"key":"SMITH"},{"data":"hexamod:Rewind","floor":44,"key":"SMITH"},{"data":"hexamod:RadiantFlame","floor":46,"key":"SMITH"}],"circlet_count":0,"master_deck":["hexamod:Strike+1","hexamod:Strike+1","hexamod:Strike+1","hexamod:Defend+1","hexamod:Defend+1","hexamod:Defend+1","hexamod:Defend+1","hexamod:Sear+1","hexamod:Float+1","hexamod:AdvancingGuard+1","hexamod:FlamesFromBeyond+1","hexamod:InspiringFlames+1","hexamod:ThirdSeal","hexamod:ExtraCrispy+1","hexamod:BacktrackSmack+1","hexamod:ForkedFlame+1","hexamod:GhostOfSpirePast+1","hexamod:GhostShield+1","hexamod:Rewind+1","hexamod:FastForward+1","hexamod:CatchUp+1","hexamod:FastForward+1","hexamod:AdvancingGuard+1","hexamod:Hexaguard+1","hexamod:GhostOfSpirePast+1","hexamod:RadiantFlame+1","hexamod:FlamesFromBeyond+1","hexamod:TimeOfNeed+1","hexamod:SixthSeal","hexamod:GhostOfSpirePast+1","hexamod:FirstSeal","hexamod:ThirdSeal","hexamod:FlamesFromBeyond+1","hexamod:StepThrough+1","hexamod:RecurringNightmare+1","hexamod:RadiantFlame+1","hexamod:ThirdSeal","hexamod:GhostflameInferno+1","hexamod:FlamesFromBeyond+1","hexamod:NightmareGuise+1","hexamod:SpectersWail+1","hexamod:SpectralAdrenaline+1","hexamod:SixthSeal","hexamod:SixthSeal","hexamod:FlamesFromBeyond+1","hexamod:BacktrackSmack+1","hexamod:FastForward+1","hexamod:Rewind+1","hexamod:PhantomCloak+1","hexamod:GhostOfSpirePast+1","hexamod:GhostOfSpireFuture+1","hexamod:ExtraCrispy+1"],"relics":["hexamod:SpiritBrand","Oddly Smooth Stone","Boot","downfall:HeartBlessingBlue","Ornamental Fan","Cursed Key","downfall:HeartBlessingRed","PreservedInsect","Mercury Hourglass","Torii","Busted Crown","hexamod:TheBrokenSeal","downfall:GremlinWheel","Bag of Preparation","Juzu Bracelet"],"acts_visited":["Exordium","TheCity","TheBeyond"],"potions_floor_usage":[8,12,15,26,27,27,29,30,31,37,37,42,47],"damage_taken":[{"damage":0,"enemies":"Jaw Worm","floor":2,"turns":4},{"damage":0,"enemies":"2 Louse","floor":3,"turns":4},{"damage":0,"enemies":"Small Slimes","floor":5,"turns":3},{"damage":6,"enemies":"Gremlin Gang","floor":6,"turns":4},{"damage":11,"enemies":"2 Fungi Beasts","floor":8,"turns":4},{"damage":20,"enemies":"Lagavulin","floor":9,"turns":6},{"damage":7,"enemies":"Blue Slaver","floor":10,"turns":4},{"damage":11,"enemies":"3 Louse","floor":12,"turns":4},{"damage":0,"enemies":"downfall:FleeingMerchant","floor":13,"turns":4},{"damage":10,"enemies":"3 Sentries","floor":14,"turns":9},{"damage":0,"enemies":"Exordium Wildlife","floor":15,"turns":3},{"damage":32,"enemies":"WA_ARCHETYPE_RETAIN","floor":16,"turns":8},{"damage":5,"enemies":"Chosen","floor":19,"turns":4},{"damage":21,"enemies":"Spheric Guardian","floor":21,"turns":5},{"damage":0,"enemies":"downfall:FleeingMerchant","floor":22,"turns":4},{"damage":35,"enemies":"Book of Stabbing","floor":25,"turns":6},{"damage":4,"enemies":"3 Cultists","floor":26,"turns":3},{"damage":13,"enemies":"Shelled Parasite and Fungi","floor":27,"turns":7},{"damage":0,"enemies":"Snecko","floor":29,"turns":7},{"damage":45,"enemies":"Gremlin Leader","floor":30,"turns":8},{"damage":0,"enemies":"Snake Plant","floor":31,"turns":3},{"damage":20,"enemies":"Shelled Parasite and Fungi","floor":32,"turns":4},{"damage":28,"enemies":"IC_MUSHROOM_ARCHETYPE","floor":33,"turns":10},{"damage":1,"enemies":"3 Shapes","floor":36,"turns":9},{"damage":47,"enemies":"3 Darklings","floor":37,"turns":10},{"damage":0,"enemies":"downfall:FleeingMerchant","floor":38,"turns":4},{"damage":8,"enemies":"downfall:FleeingMerchant","floor":39,"turns":3},{"damage":15,"enemies":"Writhing Mass","floor":40,"turns":6},{"damage":12,"enemies":"Spire Growth","floor":42,"turns":3},{"damage":0,"enemies":"Maw","floor":45,"turns":6},{"damage":1,"enemies":"Giant Head","floor":47,"turns":6},{"damage":2,"enemies":"4 Shapes","floor":48,"turns":3},{"damage":11,"enemies":"Sphere and 2 Shapes","floor":49,"turns":4},{"damage":4,"enemies":"SI_POISON_ARCHETYPE","floor":50,"turns":6}],"seed_played":"5136385218205650993","potions_obtained":[{"floor":6,"key":"ColorlessPotion"},{"floor":10,"key":"Explosive Potion"},{"floor":14,"key":"Weak Potion"},{"floor":21,"key":"hexamod:SoulburnPotion"},{"floor":25,"key":"Weak Potion"},{"floor":25,"key":"Swift Potion"},{"floor":26,"key":"LiquidMemories"},{"floor":27,"key":"CultistPotion"},{"floor":29,"key":"Fire Potion"},{"floor":30,"key":"Dexterity Potion"},{"floor":30,"key":"DistilledChaos"},{"floor":32,"key":"Slimebound:ThreeZeroPotion"},{"floor":33,"key":"Block Potion"},{"floor":40,"key":"hexamod:EctoCoolerPotion"},{"floor":42,"key":"DuplicationPotion"},{"floor":45,"key":"EssenceOfSteel"},{"floor":48,"key":"GamblersBrew"}],"is_trial":false,"path_per_floor":["R","M","M","?","M","M","T","M","E","M","R","M","$","E","M","B",null,"R","M","?","M","$","R","T","E","M","M","R","M","E","M","M","B",null,"R","M","M","$","?","M","T","M","?","R","M","R","E","M","M","B",null],"character_chosen":"THE_SPIRIT","items_purchased":["hexamod:GhostOfSpirePast","PreservedInsect","hexamod:FlamesFromBeyond","hexamod:StepThrough","hexamod:Rewind","hexamod:PhantomCloak","BlessingOfTheForge"],"campfire_rested":0,"item_purchase_floors":[13,22,22,22,38,38,38],"current_hp_per_floor":[70,70,70,70,70,64,64,53,33,26,36,32,39,43,57,39,80,80,80,80,66,73,73,73,52,48,56,56,70,46,46,33,19,80,80,80,90,90,82,74,74,62,62,62,69,69,75,80,69,65],"gold":248,"neow_bonus":"RANDOM_COMMON_RELIC","is_daily":false,"chose_seed":false,"campfire_upgraded":7,"win_rate":0.0,"timestamp":1612592428,"path_taken":["R","M","M","?","M","M","T","M","E","M","R","M","$","E","M","BOSS","R","M","?","M","$","R","T","E","M","M","R","M","E","M","M","BOSS","R","M","M","$","?","?","T","?","?","R","M","R","E","M","M","BOSS"],"items_purchased_type":["Card","Relic","Card","Card","Card","Card","Potion"],"build_version":"2020-12-22","purchased_purges":1,"victory":true,"max_hp_per_floor":[70,70,70,70,70,70,70,70,70,70,80,80,80,80,80,80,80,80,80,80,80,80,80,80,80,80,80,80,80,80,80,80,80,80,80,80,90,90,90,90,90,90,90,90,90,90,90,90,90,90],"card_choices":[{"not_picked":["hexamod:GhostLash","hexamod:InspiringFlames"],"picked":"hexamod:AdvancingGuard","floor":2},{"not_picked":["hexamod:SoulSteal","hexamod:Firestarter"],"picked":"hexamod:FlamesFromBeyond","floor":3},{"not_picked":["hexamod:SwordOfDarkness","hexamod:NightmareStrike"],"picked":"hexamod:ThirdSeal","floor":5},{"not_picked":["hexamod:Hexaguard","hexamod:NightmareGuise"],"picked":"hexamod:InspiringFlames","floor":6},{"not_picked":["hexamod:RainOfEmbers","hexamod:GhostflameBarrier"],"picked":"hexamod:ThirdSeal","floor":6},{"not_picked":["hexamod:HeatCrush","hexamod:NightmareStrike"],"picked":"hexamod:ExtraCrispy","floor":8},{"not_picked":["hexamod:HeatMetal","hexamod:GhostLash"],"picked":"hexamod:BacktrackSmack","floor":8},{"not_picked":["hexamod:BacktrackSmack","hexamod:HauntingEcho"],"picked":"hexamod:ForkedFlame","floor":8},{"not_picked":["hexamod:HeatMetal","hexamod:FlamesFromBeyond"],"picked":"hexamod:GhostOfSpirePast","floor":9},{"not_picked":["hexamod:GiftsFromTheDead","hexamod:SwordOfDarkness"],"picked":"hexamod:GhostShield","floor":9},{"not_picked":["hexamod:PhantomFireball","hexamod:Firestarter"],"picked":"hexamod:Rewind","floor":9},{"not_picked":["hexamod:ExtraCrispy","hexamod:FlamesFromBeyond"],"picked":"hexamod:FirstSeal","floor":10},{"not_picked":["hexamod:InspiringFlames","hexamod:GhostShield"],"picked":"hexamod:FastForward","floor":10},{"not_picked":["hexamod:ExtraCrispy","hexamod:HauntingEcho"],"picked":"hexamod:FirstSeal","floor":10},{"not_picked":["hexamod:SwordOfDarkness","hexamod:SpectersWail"],"picked":"hexamod:CatchUp","floor":12},{"not_picked":["hexamod:AdvancingGuard","hexamod:RetreatToShadows"],"picked":"hexamod:FastForward","floor":12},{"not_picked":["hexamod:Incineration","hexamod:ThermalTransfer","hexamod:BurningTouch"],"picked":"SKIP","floor":12},{"not_picked":["hexamod:InspiringFlames","hexamod:Firestarter"],"picked":"hexamod:AdvancingGuard","floor":13},{"not_picked":["hexamod:Haunt","hexamod:ParanormalForm"],"picked":"hexamod:Hexaguard","floor":13},{"not_picked":["hexamod:CatchUp","hexamod:ParanormalForm","hexamod:Haunt"],"picked":"SKIP","floor":13},{"not_picked":["hexamod:HeatCrush","hexamod:HeatShield"],"picked":"hexamod:RadiantFlame","floor":14},{"not_picked":["hexamod:InspiringFlames","hexamod:FastForward","hexamod:GhostLash"],"picked":"SKIP","floor":14},{"not_picked":["hexamod:BurningTouch","hexamod:ThermalTransfer","hexamod:SpectralAdrenaline"],"picked":"SKIP","floor":14},{"not_picked":["hexamod:Haunt","hexamod:GhostShield"],"picked":"hexamod:SixthSeal","floor":15},{"not_picked":["hexamod:NightmareStrike","hexamod:HeatMetal"],"picked":"hexamod:FlamesFromBeyond","floor":15},{"not_picked":["hexamod:UnleashSpirits","hexamod:ForkedFlame"],"picked":"hexamod:TimeOfNeed","floor":16},{"not_picked":["hexamod:ForkedFlame","hexamod:SearingWound"],"picked":"hexamod:SixthSeal","floor":16},{"not_picked":["hexamod:HeatMetal+1","hexamod:FastForward","hexamod:AdvancingGuard"],"picked":"SKIP","floor":19},{"not_picked":["hexamod:GhostOfSpirePast","hexamod:BurningTouch+1","hexamod:ThermalTransfer"],"picked":"SKIP","floor":19},{"not_picked":["hexamod:BurningTouch+1","hexamod:ThermalTransfer"],"picked":"hexamod:GhostOfSpirePast","floor":19},{"not_picked":["hexamod:HeatMetal+1","hexamod:FastForward","hexamod:AdvancingGuard"],"picked":"SKIP","floor":19},{"not_picked":["hexamod:ForkedFlame","hexamod:ShieldOfDarkness+1"],"picked":"hexamod:FourthSeal","floor":21},{"not_picked":["hexamod:CatchUp","hexamod:SwordOfDarkness"],"picked":"hexamod:SecondSeal","floor":21},{"not_picked":["hexamod:RadiantFlame","hexamod:BacktrackSmack"],"picked":"hexamod:FirstSeal","floor":22},{"not_picked":["hexamod:FirstSeal","hexamod:InspiringFlames"],"picked":"hexamod:ThirdSeal","floor":22},{"not_picked":["hexamod:NightmareStrike","hexamod:SkipABeat+1","hexamod:ForkedFlame"],"picked":"SKIP","floor":25},{"not_picked":["hexamod:DynamicBlow","hexamod:ChargedBarrage+1","hexamod:BurningTouch"],"picked":"SKIP","floor":25},{"not_picked":["hexamod:FastForward","hexamod:NightmareStrike","hexamod:Hexaguard"],"picked":"SKIP","floor":25},{"not_picked":["hexamod:NightmareStrike+1","hexamod:Firestarter","hexamod:RainOfEmbers"],"picked":"SKIP","floor":25},{"not_picked":["hexamod:NightmareGuise+1","hexamod:GhostflameBarrier"],"picked":"hexamod:RecurringNightmare","floor":26},{"not_picked":["hexamod:EtherealExpedition","hexamod:HeatMetal+1","hexamod:RetreatToShadows"],"picked":"SKIP","floor":26},{"not_picked":["hexamod:HauntingEcho+1","hexamod:NightmareGuise"],"picked":"hexamod:RadiantFlame","floor":27},{"not_picked":["hexamod:SearingWound","hexamod:BurningTouch","hexamod:Firestarter+1"],"picked":"SKIP","floor":27},{"not_picked":["hexamod:GhostLash+1","hexamod:EmpoweredFlame","hexamod:NightmareGuise"],"picked":"SKIP","floor":27},{"not_picked":["hexamod:NightmareStrike","hexamod:SwordOfDarkness","hexamod:AdvancingGuard+1"],"picked":"SKIP","floor":27},{"not_picked":["hexamod:RecurringNightmare+1","hexamod:ThermalTransfer"],"picked":"hexamod:ThirdSeal","floor":29},{"not_picked":["hexamod:PhantomFireball","hexamod:FastForward","hexamod:HauntingEcho"],"picked":"SKIP","floor":29},{"not_picked":["hexamod:Hexaguard+1","hexamod:EtherealExpedition+1","hexamod:AdvancingGuard"],"picked":"SKIP","floor":29},{"not_picked":["hexamod:SoulSteal","hexamod:ThirdSeal"],"picked":"hexamod:GhostflameInferno","floor":30},{"not_picked":["hexamod:NightmareStrike","hexamod:NightmareGuise"],"picked":"hexamod:FlamesFromBeyond+1","floor":30},{"not_picked":["hexamod:ThermalTransfer","hexamod:GhostLash"],"picked":"hexamod:NightmareGuise","floor":30},{"not_picked":["hexamod:NecessarySacrifice","hexamod:SoulSteal"],"picked":"hexamod:SpectersWail","floor":31},{"not_picked":["hexamod:GhostLash","hexamod:FastForward","hexamod:SwordOfDarkness"],"picked":"SKIP","floor":31},{"not_picked":["hexamod:SwordOfDarkness+1","hexamod:AdvancingGuard"],"picked":"hexamod:SpectralAdrenaline+1","floor":32},{"not_picked":["hexamod:ParanormalForm","hexamod:HeatShield+1","hexamod:NightmareStrike"],"picked":"SKIP","floor":32},{"not_picked":["hexamod:GiftsFromTheDead","hexamod:TimeWarp"],"picked":"hexamod:SixthSeal","floor":33},{"not_picked":["hexamod:HexaLevel","hexamod:ForkedFlame"],"picked":"hexamod:FifthSeal","floor":33},{"not_picked":["hexamod:FourthSeal","hexamod:FirstSeal"],"picked":"hexamod:SixthSeal","floor":36},{"not_picked":["hexamod:GhostLash+1"],"picked":"SKIP","floor":36},{"not_picked":["hexamod:StepThrough+1"],"picked":"SKIP","floor":36},{"not_picked":["hexamod:FastForward+1"],"picked":"SKIP","floor":36},{"not_picked":["hexamod:StepThrough+1"],"picked":"SKIP","floor":36},{"not_picked":[],"picked":"hexamod:FlamesFromBeyond","floor":37},{"not_picked":[],"picked":"hexamod:BacktrackSmack","floor":37},{"not_picked":["hexamod:BurningTouch+1"],"picked":"SKIP","floor":37},{"not_picked":["hexamod:BacktrackSmack"],"picked":"SKIP","floor":37},{"not_picked":[],"picked":"hexamod:FastForward+1","floor":38},{"not_picked":["hexamod:RetreatToShadows"],"picked":"SKIP","floor":38},{"not_picked":[],"picked":"hexamod:GhostOfSpirePast+1","floor":40},{"not_picked":["hexamod:BurningTouch"],"picked":"SKIP","floor":40},{"not_picked":["hexamod:BurningTouch+1"],"picked":"SKIP","floor":40},{"not_picked":[],"picked":"hexamod:GhostOfSpireFuture","floor":42},{"not_picked":["hexamod:RainOfEmbers+1"],"picked":"SKIP","floor":42},{"not_picked":["hexamod:SoulSteal"],"picked":"SKIP","floor":42},{"not_picked":["hexamod:UnlimitedPower"],"picked":"SKIP","floor":45},{"not_picked":["hexamod:ExtraCrispy+1"],"picked":"SKIP","floor":45},{"not_picked":["hexamod:Haunt+1"],"picked":"SKIP","floor":47},{"not_picked":["hexamod:AdvancingGuard"],"picked":"SKIP","floor":47},{"not_picked":["hexamod:NightmareGuise"],"picked":"SKIP","floor":47},{"not_picked":["hexamod:SwordOfDarkness"],"picked":"SKIP","floor":47},{"not_picked":[],"picked":"hexamod:ExtraCrispy","floor":48},{"not_picked":["hexamod:GhostOfSpireFuture+1"],"picked":"SKIP","floor":48},{"not_picked":["hexamod:HauntingEcho"],"picked":"SKIP","floor":48},{"not_picked":["hexamod:HeatMetal+1"],"picked":"SKIP","floor":48},{"not_picked":["hexamod:SwordOfDarkness+1"],"picked":"SKIP","floor":49},{"not_picked":["hexamod:ShieldOfDarkness+1"],"picked":"SKIP","floor":49}],"player_experience":28459,"relics_obtained":[{"floor":9,"key":"Boot"},{"floor":14,"key":"Ornamental Fan"},{"floor":25,"key":"Mercury Hourglass"},{"floor":30,"key":"Torii"},{"floor":39,"key":"downfall:GremlinWheel"},{"floor":44,"key":"Bag of Preparation"},{"floor":47,"key":"Juzu Bracelet"}],"event_choices":[{"damage_healed":0,"gold_gain":0,"player_choice":"Relic","damage_taken":0,"max_hp_gain":0,"max_hp_loss":0,"event_name":"Wheel of Change","floor":44,"gold_loss":0}],"is_beta":false,"boss_relics":[{"not_picked":["Runic Pyramid","Philosopher\u0027s Stone"],"picked":"Cursed Key"},{"not_picked":["Astrolabe","Runic Dome"],"picked":"Busted Crown"}],"items_purged_floors":[38],"is_endless":false,"potions_floor_spawned":[6,10,14,21,25,26,30,32,40,42,45,48,49],"ascension_level":0}}