{"host":"xm9adsgm4dq1zj57","time":1612629951,"event":{"mods":["AchievementEnabler","BaseMod","Colored Map","DeckTracker","Highlight Path","Keyboard Shortcuts","Minty Spire (QoL Compilation)","Permanent Neow","Quick Restart","Rare Cards Sparkle","Slay-I","StSLib","SuperFastMode"],"gold_per_floor":[13,13,31,44,56,56,56,56,56,82,82,92,92,110,110,184,184,203,221,221,237,237,237,162,182,182,193,193,193],"floor_reached":28,"language":"KOR","playtime":1636,"items_purged":["Defend_G"],"score":444,"play_id":"cda8d0a6-1cf1-413c-b47f-3d04bb14bab8","local_time":"20210207014551","is_ascension_mode":true,"campfire_choices":[{"data":"A Thousand Cuts","floor":6.0,"key":"SMITH"},{"data":"Neutralize","floor":8.0,"key":"SMITH"},{"data":"Acrobatics","floor":11.0,"key":"SMITH"},{"data":"Eviscerate","floor":15.0,"key":"SMITH"},{"data":"Backstab","floor":23.0,"key":"SMITH"}],"circlet_count":0,"master_deck":["AscendersBane","Survivor","Neutralize+1","All Out Attack","Acrobatics+1","Underhanded Strike","Backflip","A Thousand Cuts+1","Masterful Stab","Acrobatics","Backstab+1","Eviscerate+1","Riddle With Holes+1","Setup+1","Deflect+1","Leg Sweep+1","Bullet Time+1","Dagger Throw","Well Laid Plans","Unload"],"relics":["Ring of the Snake","Bottled Tornado","Ninja Scroll","Astrolabe","Tiny Chest"],"acts_visited":["Exordium","TheCity"],"potions_floor_usage":[],"damage_taken":[{"damage":0.0,"enemies":"2 Louse","floor":1.0,"turns":2.0},{"damage":0.0,"enemies":"Cultist","floor":3.0,"turns":4.0},{"damage":1.0,"enemies":"Jaw Worm","floor":4.0,"turns":3.0},{"damage":2.0,"enemies":"Looter","floor":5.0,"turns":4.0},{"damage":21.0,"enemies":"Gremlin Nob","floor":10.0,"turns":4.0},{"damage":4.0,"enemies":"Blue Slaver","floor":12.0,"turns":2.0},{"damage":0.0,"enemies":"Large Slime","floor":14.0,"turns":3.0},{"damage":5.0,"enemies":"Slime Boss","floor":16.0,"turns":6.0},{"damage":16.0,"enemies":"Shell Parasite","floor":18.0,"turns":3.0},{"damage":1.0,"enemies":"Chosen","floor":19.0,"turns":3.0},{"damage":13.0,"enemies":"Snecko","floor":21.0,"turns":4.0},{"damage":6.0,"enemies":"Shelled Parasite and Fungi","floor":25.0,"turns":3.0},{"damage":2.0,"enemies":"Sentry and Sphere","floor":27.0,"turns":3.0},{"damage":19,"enemies":"Snake Plant","floor":28,"turns":1}],"seed_played":"1715329291120460192","potions_obtained":[{"floor":4.0,"key":"SpeedPotion"},{"floor":12.0,"key":"Swift Potion"},{"floor":14.0,"key":"Energy Potion"}],"is_trial":false,"path_per_floor":["M","?","M","M","M","R","?","R","T","E","R","M","?","M","R","B",null,"M","M","?","M","?","R","$","M","T","M","M"],"character_chosen":"THE_SILENT","items_purchased":[],"campfire_rested":0,"item_purchase_floors":[],"current_hp_per_floor":[59,59,59,58,56,56,56,56,56,35,35,31,24,24,24,19,54,38,37,37,24,24,24,24,18,18,16,0,0],"gold":193,"neow_bonus":"TRANSFORM_TWO_CARDS","is_daily":false,"chose_seed":false,"campfire_upgraded":5,"win_rate":0.0,"timestamp":1612629951,"path_taken":["M","?","?","M","M","R","?","R","T","E","R","M","?","M","R","BOSS","BOSS","M","M","?","M","?","R","$","M","T","?","M"],"items_purchased_type":[],"build_version":"2020-12-22","purchased_purges":1,"victory":false,"max_hp_per_floor":[66,66,66,66,66,66,66,66,66,66,66,66,66,66,66,66,66,66,66,66,66,66,66,66,66,66,66,66,66],"card_choices":[{"not_picked":["Deadly Poison","Escape Plan"],"picked":"Underhanded Strike","floor":1.0},{"not_picked":["Quick Slash","Underhanded Strike"],"picked":"Backflip","floor":3.0},{"not_picked":["Dagger Spray","Finisher"],"picked":"A Thousand Cuts","floor":4.0},{"not_picked":["Sucker Punch","Blade Dance"],"picked":"Masterful Stab","floor":5.0},{"not_picked":["Slice","Dodge and Roll"],"picked":"Acrobatics","floor":10.0},{"not_picked":["Quick Slash","Flying Knee"],"picked":"Backstab","floor":12.0},{"not_picked":["Dash","Noxious Fumes"],"picked":"Eviscerate","floor":14.0},{"not_picked":["Infinite Blades","Slice"],"picked":"Leg Sweep+1","floor":18.0},{"not_picked":["Predator+1","Outmaneuver","Backflip"],"picked":"SKIP","floor":19.0},{"not_picked":["Dagger Spray","Deflect","Flying Knee"],"picked":"SKIP","floor":21.0},{"not_picked":["Deflect+1","Outmaneuver"],"picked":"Well Laid Plans","floor":25.0},{"not_picked":["Quick Slash","Deadly Poison+1"],"picked":"Unload","floor":27.0}],"player_experience":954587,"relics_obtained":[{"floor":9.0,"key":"Bottled Tornado"},{"floor":10.0,"key":"Ninja Scroll"},{"floor":26.0,"key":"Tiny Chest"}],"event_choices":[{"cards_removed":["Strike_G"],"damage_healed":0.0,"max_hp_gain":0.0,"max_hp_loss":0.0,"gold_gain":0.0,"event_name":"Purifier","player_choice":"Purged","floor":2.0,"gold_loss":0.0,"damage_taken":0.0},{"damage_healed":0.0,"max_hp_gain":0.0,"max_hp_loss":0.0,"gold_gain":0.0,"event_name":"Liars Game","player_choice":"Ignored","floor":7.0,"gold_loss":0.0,"damage_taken":0.0},{"cards_removed":["Defend_G"],"damage_healed":0.0,"max_hp_gain":0.0,"max_hp_loss":0.0,"gold_gain":0.0,"event_name":"Golden Wing","player_choice":"Card Removal","floor":13.0,"gold_loss":0.0,"damage_taken":7.0},{"damage_healed":0.0,"max_hp_gain":0.0,"max_hp_loss":0.0,"gold_gain":0.0,"cards_transformed":["Strike_G","Defend_G"],"event_name":"Drug Dealer","player_choice":"Became Test Subject","floor":20.0,"gold_loss":0.0,"damage_taken":0.0,"cards_obtained":["Bullet Time","Dagger Throw"]},{"damage_healed":0.0,"max_hp_gain":0.0,"max_hp_loss":0.0,"gold_gain":0.0,"event_name":"Upgrade Shrine","player_choice":"Upgraded","floor":22.0,"gold_loss":0.0,"damage_taken":0.0,"cards_upgraded":["Bullet Time"]}],"is_beta":false,"boss_relics":[{"not_picked":["Velvet Choker","Philosopher\u0027s Stone"],"picked":"Astrolabe"}],"items_purged_floors":[24],"is_endless":false,"potions_floor_spawned":[4,12,14,18,21],"killed_by":"Snake Plant","ascension_level":20}}