{"host":"rolltorest","time":1612597170,"event":{"mods":["BaseMod","Minty Spire (QoL Compilation)","Relic Stats","Slay the Relics Exporter","StSLib"],"gold_per_floor":[117,65,65,81,6,6,36,36,36,66,141,11,37,92,92,171,171,171,171,171,171,86,86,86,86,86,86,86,86,86,86,86,86,86],"floor_reached":33,"language":"ENG","playtime":865,"items_purged":["Strike_R"],"score":676,"play_id":"6331b93c-6210-4061-ac28-86eb9e97179c","local_time":"20210205233930","is_ascension_mode":true,"campfire_choices":[{"data":"Carnage","floor":6,"key":"SMITH"},{"data":"Uppercut","floor":8,"key":"SMITH"},{"data":"Disarm","floor":15,"key":"SMITH"},{"data":"Dark Embrace","floor":23,"key":"SMITH"},{"data":"Demon Form","floor":28,"key":"SMITH"},{"data":"Heavy Blade","floor":32,"key":"SMITH"}],"circlet_count":0,"master_deck":["AscendersBane","Strike_R+1","Strike_R+1","Strike_R+1","Strike_R+1","Defend_R+1","Defend_R+1","Defend_R+1","Defend_R+1","Bash","Disarm+1","Perfected Strike","Uppercut+1","Carnage+1","Evolve","Shrug It Off","Spot Weakness","Blood for Blood","Demon Form+1","Dark Embrace+1","Ghostly","Ghostly","Ghostly","Feel No Pain","True Grit+1","Heavy Blade+1","Dropkick","Spot Weakness"],"relics":["Burning Blood","NeowsBlessing","Letter Opener","Eternal Feather","Mummified Hand","Self Forming Clay","Ornamental Fan","Toy Ornithopter","Ectoplasm","Anchor","Dream Catcher","Vajra","Boot","Meat on the Bone","Red Mask"],"acts_visited":["Exordium","TheCity"],"potions_floor_usage":[10,16,30],"damage_taken":[{"damage":0,"enemies":"Cultist","floor":1,"turns":1},{"damage":0,"enemies":"Small Slimes","floor":4,"turns":1},{"damage":0,"enemies":"Lagavulin","floor":7,"turns":1},{"damage":24,"enemies":"Gremlin Nob","floor":10,"turns":4},{"damage":16,"enemies":"3 Sentries","floor":13,"turns":6},{"damage":30,"enemies":"3 Sentries","floor":14,"turns":7},{"damage":18,"enemies":"Hexaghost","floor":16,"turns":10},{"damage":6,"enemies":"Chosen","floor":18,"turns":4},{"damage":4,"enemies":"Gremlin Leader","floor":25,"turns":6},{"damage":12,"enemies":"Book of Stabbing","floor":27,"turns":7},{"damage":29,"enemies":"Gremlin Leader","floor":29,"turns":6},{"damage":0,"enemies":"Masked Bandits","floor":30,"turns":5},{"damage":0,"enemies":"Shell Parasite","floor":31,"turns":5},{"damage":43,"enemies":"Champ","floor":33,"turns":9}],"seed_played":"-3283373327015929892","potions_obtained":[{"floor":1,"key":"FearPotion"},{"floor":4,"key":"Weak Potion"},{"floor":16,"key":"Explosive Potion"},{"floor":29,"key":"Fire Potion"},{"floor":30,"key":"Dexterity Potion"}],"is_trial":false,"path_per_floor":["M","$","T","M","$","R","E","R","T","E","?","$","E","?","R","B",null,"M","?","T","?","$","R","$","E","T","E","R","E","?","M","R","B"],"character_chosen":"IRONCLAD","items_purchased":["Perfected Strike","Carnage","Shrug It Off","Feel No Pain"],"campfire_rested":0,"item_purchase_floors":[2,5,12,22],"current_hp_per_floor":[74,74,74,75,75,75,75,75,75,57,46,46,36,12,21,14,60,60,37,37,37,37,37,37,37,37,31,37,14,25,31,37,0,0],"gold":86,"neow_bonus":"THREE_ENEMY_KILL","is_daily":false,"chose_seed":false,"campfire_upgraded":6,"win_rate":0.0,"timestamp":1612597170,"path_taken":["M","$","?","M","?","R","E","R","T","E","?","$","E","?","R","BOSS","M","?","?","?","$","R","$","E","T","E","R","E","?","M","R","BOSS"],"items_purchased_type":["Card","Card","Card","Card"],"build_version":"2020-12-18","purchased_purges":1,"victory":false,"max_hp_per_floor":[75,75,75,75,75,75,75,75,75,75,75,75,75,75,75,75,75,75,37,37,37,37,37,37,37,37,37,37,37,37,37,37,37,37],"relic_stats":{"counters":[14,72],"Self Forming Clay":[90],"Eternal Feather":21,"Letter Opener":[21],"Boot":[0],"Burning Blood":65,"Dream Catcher":0,"Mummified Hand":[32],"Ornamental Fan":[8],"Ectoplasm":181,"obtain_stats":[{"NeowsBlessing":0,"Self Forming Clay":10,"Vajra":26,"Eternal Feather":7,"Letter Opener":3,"Boot":27,"Burning Blood":0,"Anchor":20,"Dream Catcher":25,"Mummified Hand":9,"Ornamental Fan":13,"Ectoplasm":17,"Red Mask":30,"Toy Ornithopter":14,"Meat on the Bone":29},{"NeowsBlessing":0,"Self Forming Clay":4,"Vajra":9,"Eternal Feather":3,"Letter Opener":1,"Boot":10,"Burning Blood":0,"Anchor":8,"Dream Catcher":9,"Mummified Hand":3,"Ornamental Fan":5,"Ectoplasm":7,"Red Mask":12,"Toy Ornithopter":6,"Meat on the Bone":11},{"NeowsBlessing":0,"Self Forming Clay":7,"Vajra":40,"Eternal Feather":3,"Letter Opener":1,"Boot":47,"Burning Blood":0,"Anchor":34,"Dream Catcher":40,"Mummified Hand":3,"Ornamental Fan":13,"Ectoplasm":30,"Red Mask":58,"Toy Ornithopter":20,"Meat on the Bone":53}],"Toy Ornithopter":10,"Meat on the Bone":0},"card_choices":[{"not_picked":["Iron Wave","Power Through"],"picked":"Disarm","floor":1},{"not_picked":["Fire Breathing","Anger"],"picked":"Uppercut","floor":4},{"not_picked":["Warcry","Armaments","Heavy Blade"],"picked":"SKIP","floor":7},{"not_picked":["Rage","Carnage"],"picked":"Evolve","floor":10},{"not_picked":["Brutality","Rage"],"picked":"Spot Weakness","floor":13},{"not_picked":["Rampage","Searing Blow"],"picked":"Blood for Blood","floor":14},{"not_picked":["Fiend Fire","Exhume"],"picked":"Demon Form","floor":16},{"not_picked":["Sword Boomerang","Thunderclap"],"picked":"Dark Embrace","floor":18},{"not_picked":["Headbutt","Pommel Strike"],"picked":"True Grit+1","floor":25},{"not_picked":["Pommel Strike","Hemokinesis+1"],"picked":"Heavy Blade","floor":27},{"not_picked":["Shrug It Off","Spot Weakness"],"picked":"Dropkick","floor":29},{"not_picked":["Iron Wave","Heavy Blade"],"picked":"Spot Weakness","floor":30},{"not_picked":["Iron Wave","Havoc","Clothesline"],"picked":"SKIP","floor":31}],"player_experience":1883927,"relics_obtained":[{"floor":3,"key":"Letter Opener"},{"floor":7,"key":"Eternal Feather"},{"floor":9,"key":"Mummified Hand"},{"floor":10,"key":"Self Forming Clay"},{"floor":13,"key":"Ornamental Fan"},{"floor":14,"key":"Toy Ornithopter"},{"floor":20,"key":"Anchor"},{"floor":25,"key":"Dream Catcher"},{"floor":26,"key":"Vajra"},{"floor":27,"key":"Boot"},{"floor":29,"key":"Meat on the Bone"},{"floor":30,"key":"Red Mask"}],"event_choices":[{"damage_healed":0,"gold_gain":75,"player_choice":"Gather Gold","damage_taken":11,"max_hp_gain":0,"max_hp_loss":0,"event_name":"World of Goop","floor":11,"gold_loss":0},{"damage_healed":0,"gold_gain":0,"player_choice":"Searched \u00271\u0027 times","damage_taken":0,"max_hp_gain":0,"max_hp_loss":0,"event_name":"Dead Adventurer","floor":14,"gold_loss":0},{"damage_healed":0,"gold_gain":0,"player_choice":"Became a Ghost","damage_taken":0,"max_hp_gain":0,"max_hp_loss":38,"event_name":"Ghosts","floor":19,"gold_loss":0,"cards_obtained":["Ghostly","Ghostly","Ghostly"]},{"damage_healed":0,"gold_gain":0,"player_choice":"Simplicity","damage_taken":0,"max_hp_gain":0,"max_hp_loss":0,"event_name":"Back to Basics","floor":21,"gold_loss":0,"cards_upgraded":["Strike_R","Strike_R","Strike_R","Strike_R","Defend_R","Defend_R","Defend_R","Defend_R"]},{"damage_healed":0,"gold_gain":0,"player_choice":"Fought Bandits","damage_taken":0,"max_hp_gain":0,"max_hp_loss":0,"event_name":"Masked Bandits","floor":30,"gold_loss":0}],"is_beta":true,"boss_relics":[{"not_picked":["Runic Pyramid","Runic Cube"],"picked":"Ectoplasm"}],"items_purged_floors":[12],"is_endless":false,"potions_floor_spawned":[1,4,7,16,29,30],"killed_by":"Champ","ascension_level":20}}