{"host":"yans4pr1zf0lm9bx","time":1612626141,"event":{"mods":["AchievementEnabler","BaseMod","Downfall","Minty Spire (QoL Compilation)","StSLib","SuperFastMode","slay the spire mod where everything is the same but ironclad has a cowboy hat"],"gold_per_floor":[99,110,121,35,135,285,285,317,333,362,262,104,104,0,11,112,112,112,127,143,163,163,163,233,253,288,288,306,405,305,155,173,271,271,171,191,3,53,72,72,72,101,101,112,112,131,131,176,194,224,224,224],"floor_reached":50,"language":"ENG","playtime":3436,"items_purged":["downfall:Icky","champ:Strike"],"score":628,"play_id":"5e4fd176-0a58-42f7-be20-c638c8ccd1c0","local_time":"20210206104221","is_ascension_mode":true,"campfire_choices":[{"data":"champ:Taunt","floor":1.0,"key":"SMITH"},{"data":"champ:FancyFootwork","floor":11.0,"key":"SMITH"},{"floor":13.0,"key":"REST"},{"data":"champ:FancyFootwork","floor":18.0,"key":"SMITH"},{"data":"champ:CalledShot","floor":23.0,"key":"SMITH"},{"floor":30.0,"key":"RECALL"},{"data":"champ:CrookedStrike","floor":35.0,"key":"SMITH"},{"data":"Wish","floor":43.0,"key":"SMITH"}],"circlet_count":0,"master_deck":["champ:Strike","champ:Defend","champ:Defend","champ:Defend","champ:Defend","champ:Execute","champ:Taunt+1","champ:EnGarde","champ:FancyFootwork+1","champ:CrookedStrike+1","champ:FocusedBerserking","champ:FancyFootwork+1","champ:StanceDance","champ:GutPunch","champ:GutPunch","champ:FocusedBerserking","champ:StanceDance","Madness","champ:FocusedBerserking","champ:EnchantSword","champ:CalledShot+1","champ:EnGarde+1","champ:DefensiveShout","champ:ArenaPreparation+1","Writhe","champ:EnchantCrown","Ghostly","JustLucky","bronze:FindAndReplace","Master of Strategy","Quick Slash+1","JustLucky+1","Wish+1","champ:FaceSlap+1","Body Slam+1","Dark Shackles","champ:FlashCut+1"],"relics":["champ:ChampionCrown","Guardian:PocketSentry","PreservedInsect","Regal Pillow","downfall:HeartBlessingGreen","Empty Cage","bronze:BronzeIdol","champ:FightingForDummies","PrismaticShard","downfall:HeartBlessingBlue","Philosopher\u0027s Stone","downfall:HeartBlessingRed","Unceasing Top","StrikeDummy","Boot","Blood Vial"],"acts_visited":["Exordium","TheCity","TheBeyond"],"potions_floor_usage":[50,50],"damage_taken":[{"damage":10.0,"enemies":"Small Slimes","floor":2.0,"turns":5.0},{"damage":0.0,"enemies":"2 Louse","floor":3.0,"turns":2.0},{"damage":25.0,"enemies":"downfall:FleeingMerchant","floor":4.0,"turns":4.0},{"damage":56.0,"enemies":"Gremlin Nob","floor":8.0,"turns":5.0},{"damage":15.0,"enemies":"Jaw Worm","floor":9.0,"turns":3.0},{"damage":37.0,"enemies":"Lagavulin","floor":10.0,"turns":5.0},{"damage":10.0,"enemies":"downfall:FleeingMerchant","floor":12.0,"turns":4.0},{"damage":44.0,"enemies":"downfall:FleeingMerchant","floor":14.0,"turns":4.0},{"damage":12.0,"enemies":"Red Slaver","floor":15.0,"turns":2.0},{"damage":50.0,"enemies":"WA_ARCHETYPE_RETAIN","floor":16.0,"turns":7.0},{"damage":30.0,"enemies":"Shell Parasite","floor":19.0,"turns":4.0},{"damage":35.0,"enemies":"Spheric Guardian","floor":20.0,"turns":3.0},{"damage":62.0,"enemies":"Snecko","floor":21.0,"turns":7.0},{"damage":29.0,"enemies":"Snake Plant","floor":25.0,"turns":4.0},{"damage":28.0,"enemies":"Book of Stabbing","floor":26.0,"turns":5.0},{"damage":79.0,"enemies":"Shelled Parasite and Fungi","floor":28.0,"turns":7.0},{"damage":55.0,"enemies":"downfall:FleeingMerchant","floor":29.0,"turns":4.0},{"damage":42.0,"enemies":"3 Cultists","floor":32.0,"turns":5.0},{"damage":80.0,"enemies":"IC_MUSHROOM_ARCHETYPE","floor":33.0,"turns":8.0},{"damage":47.0,"enemies":"3 Shapes","floor":36.0,"turns":4.0},{"damage":57.0,"enemies":"3 Shapes","floor":38.0,"turns":5.0},{"damage":25.0,"enemies":"Orb Walker","floor":39.0,"turns":2.0},{"damage":66.0,"enemies":"Giant Head","floor":42.0,"turns":6.0},{"damage":30.0,"enemies":"Jaw Worm Horde","floor":44.0,"turns":4.0},{"damage":46,"enemies":"3 Darklings","floor":46,"turns":5},{"damage":30,"enemies":"Spire Growth","floor":48,"turns":5},{"damage":59,"enemies":"Jaw Worm Horde","floor":49,"turns":4},{"damage":170,"enemies":"SI_POISON_ARCHETYPE","floor":50,"turns":9}],"seed_played":"3161747820759331577","potions_obtained":[{"floor":9.0,"key":"DistilledChaos"},{"floor":10.0,"key":"PowerPotion"},{"floor":15.0,"key":"SkillPotion"},{"floor":21.0,"key":"Dexterity Potion"},{"floor":25.0,"key":"Fire Potion"},{"floor":32.0,"key":"bronze:BurnAndBuffPotion"},{"floor":38.0,"key":"Explosive Potion"},{"floor":44.0,"key":"PowerPotion"},{"floor":46,"key":"Regen Potion"}],"is_trial":false,"path_per_floor":["R","M","M","$","?","?","T","E","M","E","R","$","R","$","M","B",null,"R","M","M","M","?","R","T","M","E","?","M","$","R","?","M","B",null,"R","M","$","?","M","?","T","E","R","M","?","M","?","M","M","B"],"character_chosen":"THE_CHAMP","items_purchased":["champ:FocusedBerserking","champ:FocusedBerserking","Madness","PrismaticShard","Master of Strategy"],"campfire_rested":1,"item_purchase_floors":[4,12,14,29,37],"current_hp_per_floor":[99,99,99,94,94,94,94,58,58,41,41,41,85,76,69,59,99,99,94,94,72,72,72,72,63,60,60,54,54,64,64,57,37,109,109,107,107,109,109,109,109,109,109,100,100,106,106,105,109,0,0,0],"gold":224,"neow_bonus":"TEN_PERCENT_HP_BONUS","is_daily":false,"chose_seed":false,"campfire_upgraded":6,"win_rate":0.0,"timestamp":1612626141,"path_taken":["R","M","M","$","?","?","T","E","?","E","R","$","R","?","M","BOSS","R","M","?","M","?","R","T","M","E","?","?","$","R","?","M","BOSS","R","M","$","?","M","?","T","E","R","M","?","M","?","?","M","BOSS"],"items_purchased_type":["Card","Card","Card","Relic","Card"],"build_version":"2020-12-22","purchased_purges":2,"victory":false,"max_hp_per_floor":[99,99,99,99,99,99,99,99,99,99,99,99,99,99,99,99,99,99,99,99,99,99,99,99,99,99,99,99,99,109,109,109,109,109,109,109,109,109,109,109,109,109,109,109,109,109,109,109,109,109,109,109],"card_choices":[{"not_picked":["champ:PreciseThrust","champ:PerfectedStrike"],"picked":"champ:EnGarde","floor":2.0},{"not_picked":["champ:EnGarde","champ:IronFortress"],"picked":"champ:FancyFootwork","floor":3.0},{"not_picked":["champ:FlashCut","champ:BringItOn"],"picked":"champ:CrookedStrike","floor":4.0},{"not_picked":["champ:SwordSigil","champ:Circumvent"],"picked":"champ:FancyFootwork","floor":8.0},{"not_picked":["champ:TornadoPunch","champ:CalledShot"],"picked":"champ:StanceDance","floor":9.0},{"not_picked":["champ:Parry","champ:PreciseThrust"],"picked":"champ:GutPunch","floor":10.0},{"not_picked":["champ:SteelEdge","champ:PreciseThrust"],"picked":"champ:GutPunch","floor":12.0},{"not_picked":["champ:FanOfKnives","champ:BringItOn"],"picked":"champ:StanceDance","floor":14.0},{"not_picked":["champ:DefensiveShout","champ:RecklessLeap"],"picked":"champ:FocusedBerserking","floor":15.0},{"not_picked":["champ:LastStand","champ:SteelEdge"],"picked":"champ:EnchantSword","floor":16.0},{"not_picked":["champ:FanOfKnives","champ:CrookedStrike","champ:FalseCounter"],"picked":"SKIP","floor":19.0},{"not_picked":["champ:EnGarde","champ:AdrenalArmor"],"picked":"champ:CalledShot","floor":20.0},{"not_picked":["champ:Shatter","champ:PreciseThrust"],"picked":"champ:EnGarde+1","floor":21.0},{"not_picked":["champ:Circumvent","champ:BladeFlurry"],"picked":"champ:DefensiveShout","floor":25.0},{"not_picked":["champ:FanOfKnives","champ:StanceDance"],"picked":"champ:ArenaPreparation+1","floor":26.0},{"not_picked":["champ:FlashCut+1","champ:EnGarde+1"],"picked":"champ:EnchantCrown","floor":28.0},{"not_picked":["champ:Duel","champ:Circumvent"],"picked":"champ:FlashCut+1","floor":29.0},{"not_picked":["Guardian:DecasProtection","Power Through"],"picked":"JustLucky","floor":32.0},{"not_picked":["Offering","sneckomod:MorePower"],"picked":"bronze:FindAndReplace","floor":33.0},{"not_picked":["bronze:Turbo+1","Leap","bronze:FineTuning+1"],"picked":"SKIP","floor":36.0},{"not_picked":["expansioncontent:InvincibleStrength","Slimebound:ItLooksTasty"],"picked":"Quick Slash+1","floor":38.0},{"not_picked":["CutThroughFate","champ:FanOfKnives+1"],"picked":"JustLucky+1","floor":39.0},{"not_picked":["Spot Weakness","sneckomod:Memorize"],"picked":"Wish","floor":42.0},{"not_picked":["sneckomod:SoulRoll+1","Reinforced Body"],"picked":"champ:FaceSlap+1","floor":44.0},{"not_picked":["FTL","Clash"],"picked":"Body Slam+1","floor":46},{"not_picked":["expansioncontent:Hexaburn+1","Ball Lightning"],"picked":"Dark Shackles","floor":48},{"not_picked":["sneckomod:UnknownDraw+1","hexamod:ThermalTransfer"],"picked":"champ:FlashCut+1","floor":49}],"player_experience":362389,"relics_obtained":[{"floor":7.0,"key":"Guardian:PocketSentry"},{"floor":8.0,"key":"PreservedInsect"},{"floor":10.0,"key":"Regal Pillow"},{"floor":26.0,"key":"bronze:BronzeIdol"},{"floor":38.0,"key":"Unceasing Top"},{"floor":40.0,"key":"StrikeDummy"},{"floor":41.0,"key":"Boot"},{"floor":42.0,"key":"Blood Vial"}],"event_choices":[{"damage_healed":0.0,"max_hp_gain":0.0,"max_hp_loss":0.0,"gold_gain":0.0,"event_name":"Vampires","player_choice":"Ignored","floor":22.0,"gold_loss":0.0,"damage_taken":0.0},{"cards_removed":["champ:FlashCut"],"damage_healed":0.0,"max_hp_gain":0.0,"max_hp_loss":0.0,"gold_gain":0.0,"event_name":"Falling","player_choice":"Removed Attack","floor":45.0,"gold_loss":0.0,"damage_taken":0.0}],"is_beta":false,"boss_relics":[{"not_picked":["Snecko Eye","Velvet Choker"],"picked":"Empty Cage"},{"not_picked":["bronze:MakeshiftBattery","expansioncontent:StudyCardRelic"],"picked":"Philosopher\u0027s Stone"}],"items_purged_floors":[12,29],"is_endless":false,"potions_floor_spawned":[9,10,15,21,25,32,38,44,46],"killed_by":"SI_POISON_ARCHETYPE","ascension_level":1}}