{"host":"wfy07lporsqrbz3r","time":1612604673,"event":{"mods":["BaseMod","Minty Spire (QoL Compilation)","Replay The Spire","StSLib"],"gold_per_floor":[114,114,114,264,264,264,295,313,361,393,464,499,549,566,566,644,644,655,484,484,515,535,535,565,266,320,320,320,348,365,380,380,458,458,472,319,330,330,345,373,388,417,417,444,444,474,488,425,425,498,498,498],"floor_reached":51,"language":"ZHS","playtime":1752,"items_purged":["Battle Trance","Doubt","Flex"],"score":1713,"play_id":"e53344ec-1ef3-4d40-9348-eea86fbfff1c","local_time":"20210206174433","daily_mods":["SealedDeck","Heirloom","Elite Swarm","Lethality"],"is_ascension_mode":true,"campfire_choices":[{"data":"Spot Weakness","floor":6.0,"key":"SMITH"},{"data":"Feed","floor":15.0,"key":"SMITH"},{"floor":23.0,"key":"DIG"},{"floor":27.0,"key":"DIG"},{"data":"Feed","floor":32.0,"key":"SMITH"},{"floor":45.0,"key":"DIG"},{"data":"Limit Break","floor":49.0,"key":"SMITH"}],"circlet_count":0,"master_deck":["AscendersBane","Anger+1","Intimidate","Flex","Cleave","Shrug It Off","Flex","Heavy Blade","Battle Trance+1","Spot Weakness+1","Fiend Fire","Demon Form","Feed+1","Thunderclap","Replay:Undeath\u0027s Touch","Feed+1","Reaper","ReplayTheSpireMod:Muscle Training+1","HandOfGreed","Offering","Impervious","Limit Break+1","Rupture","Feed+1","Reaper","Pot Of Greed","Pot Of Greed","Pot Of Greed","Limit Break","Limit Break"],"relics":["Burning Blood","Charon\u0027s Ashes","Gremlin Food","Regal Pillow","Replay:Multitool","Mummified Hand","Another Sword","Potion Belt","Red Mask","Bag of Preparation","Incense Burner","Membership Card","Vajra","Shuriken","Lantern","Runic Cube","ReplayTheSpireMod:Ninjato","The Courier","Mercury Hourglass","Ornamental Fan","Grinning Jar","ReplayTheSpireMod:Shallot"],"acts_visited":["Exordium","TheCity","TheBeyond"],"potions_floor_usage":[],"damage_taken":[{"damage":0.0,"enemies":"Small Slimes","floor":1.0,"turns":1.0},{"damage":15.0,"enemies":"Lagavulin","floor":7.0,"turns":5.0},{"damage":0.0,"enemies":"2 Louse","floor":8.0,"turns":1.0},{"damage":0.0,"enemies":"Gremlin Nob","floor":10.0,"turns":2.0},{"damage":18.0,"enemies":"3 Sentries","floor":12.0,"turns":3.0},{"damage":7.0,"enemies":"Jaw Worm","floor":14.0,"turns":3.0},{"damage":30.0,"enemies":"Fading Forest","floor":16.0,"turns":13.0},{"damage":18.0,"enemies":"Shell Parasite","floor":18.0,"turns":2.0},{"damage":0.0,"enemies":"Masked Bandits","floor":21.0,"turns":2.0},{"damage":0.0,"enemies":"Spheric Guardian","floor":22.0,"turns":2.0},{"damage":43.0,"enemies":"Slavers","floor":24.0,"turns":3.0},{"damage":19.0,"enemies":"Book of Stabbing","floor":29.0,"turns":2.0},{"damage":7.0,"enemies":"Snake Plant","floor":30.0,"turns":3.0},{"damage":1.0,"enemies":"Cultist and Chosen","floor":31.0,"turns":2.0},{"damage":37.0,"enemies":"Champ","floor":33.0,"turns":5.0},{"damage":15.0,"enemies":"3 Shapes","floor":35.0,"turns":3.0},{"damage":1.0,"enemies":"Orb Walker","floor":37.0,"turns":1.0},{"damage":34.0,"enemies":"Spire Growth","floor":39.0,"turns":4.0},{"damage":23.0,"enemies":"Giant Head","floor":40.0,"turns":3.0},{"damage":8.0,"enemies":"Jaw Worm Horde","floor":41.0,"turns":2.0},{"damage":14.0,"enemies":"Nemesis","floor":42.0,"turns":3.0},{"damage":8.0,"enemies":"R_Hoarder","floor":44.0,"turns":3.0},{"damage":61.0,"enemies":"Reptomancer","floor":46.0,"turns":4.0},{"damage":4.0,"enemies":"Sphere and 2 Shapes","floor":47.0,"turns":2.0},{"damage":100.0,"enemies":"Replay:Hell Engine","floor":50.0,"turns":4.0},{"damage":9,"enemies":"Time Eater","floor":51,"turns":2}],"seed_played":"-6771361037436646576","potions_obtained":[{"floor":7.0,"key":"BloodPotion"},{"floor":10.0,"key":"Flashbang"},{"floor":13.0,"key":"Ancient Potion"},{"floor":18.0,"key":"Elixir"},{"floor":22.0,"key":"FearPotion"},{"floor":24.0,"key":"Swift Potion"},{"floor":30.0,"key":"LiquidBronze"},{"floor":35.0,"key":"Languid Potion"},{"floor":40.0,"key":"Fruit Juice"},{"floor":42.0,"key":"Adrenaline Potion"},{"floor":44.0,"key":"SteroidPotion"}],"is_trial":true,"path_per_floor":["M","$","?","?","?","R","E","M","T","E","T","E","?","M","R","B",null,"M","$","?","?","M","R","E","$","T","R","?","E","M","M","R","B",null,"M","$","M","?","M","E","M","E","T","E","R","E","M","$","R","B","B"],"character_chosen":"IRONCLAD","items_purchased":["Reaper","Membership Card","HandOfGreed","Limit Break","Rupture"],"campfire_rested":0,"item_purchase_floors":[19,25,25,36,36],"current_hp_per_floor":[74,74,74,74,74,74,65,71,71,75,75,63,39,38,38,55,70,62,62,62,75,81,81,74,74,74,74,74,65,73,85,85,54,89,88,88,97,97,73,60,109,101,101,99,99,44,59,59,59,7,0,0],"gold":498,"neow_bonus":"","is_daily":false,"chose_seed":false,"campfire_upgraded":4,"win_rate":0.0,"timestamp":1612604673,"path_taken":["M","$","?","?","?","R","E","M","T","E","?","E","?","M","R","BOSS","M","$","?","?","M","R","E","$","T","R","?","E","M","M","R","BOSS","M","$","M","?","M","E","M","E","T","E","R","E","M","$","R","BOSS","BOSS"],"items_purchased_type":["Card","Relic","Card","Card","Card"],"build_version":"2020-12-22","purchased_purges":3,"victory":false,"max_hp_per_floor":[75,75,75,75,75,75,75,75,75,75,75,75,75,75,75,75,75,79,79,79,86,86,86,90,90,90,90,90,94,94,101,101,101,101,109,109,113,113,117,121,129,129,129,129,129,129,142,142,142,142,142,142],"card_choices":[{"not_picked":["Warcry","Anger","Wild Strike"],"picked":"SKIP","floor":1.0},{"not_picked":["Eclipse","Bludgeon"],"picked":"Fiend Fire","floor":7.0},{"not_picked":["Headbutt","ReplayTheSpireMod:Strike From Hell","Clothesline"],"picked":"SKIP","floor":8.0},{"not_picked":["Barricade","Exhume"],"picked":"Demon Form","floor":10.0},{"not_picked":["Fiend Fire","Double Tap"],"picked":"Feed","floor":12.0},{"not_picked":["Rampage","Whirlwind"],"picked":"Thunderclap","floor":13.0},{"not_picked":["Cleave","Flex"],"picked":"Battle Trance","floor":13.0},{"not_picked":["Heavy Blade","Infernal Blade"],"picked":"Replay:Undeath\u0027s Touch","floor":14.0},{"not_picked":["Corruption","Limit Break"],"picked":"Feed","floor":16.0},{"not_picked":["Armaments","Spot Weakness","Clothesline"],"picked":"SKIP","floor":18.0},{"not_picked":["Searing Blow","Flex"],"picked":"ReplayTheSpireMod:Muscle Training+1","floor":22.0},{"not_picked":["Exhume","Replay:Many Hands","Demonic Infusion"],"picked":"SKIP","floor":24.0},{"not_picked":["Berserk","Bludgeon"],"picked":"Impervious","floor":29.0},{"not_picked":["Iron Wave","Warcry","Reckless Charge"],"picked":"SKIP","floor":30.0},{"not_picked":["Flex","Clothesline","Headbutt+1"],"picked":"SKIP","floor":31.0},{"not_picked":["Armaments","Shrug It Off","Shockwave"],"picked":"SKIP","floor":35.0},{"not_picked":["Uppercut","True Grit+1","Feel No Pain+1"],"picked":"SKIP","floor":37.0},{"not_picked":["Clash","Warcry+1","Replay:Many Hands"],"picked":"SKIP","floor":39.0},{"not_picked":["Feed","Eclipse","Demonic Infusion"],"picked":"SKIP","floor":40.0},{"not_picked":["Pommel Strike","Sword Boomerang","Anger"],"picked":"SKIP","floor":41.0},{"not_picked":["Hemogenesis","Corruption","Barricade"],"picked":"SKIP","floor":42.0},{"not_picked":["Barricade","Feed"],"picked":"Reaper","floor":44.0},{"not_picked":["Eclipse","Feed"],"picked":"Limit Break","floor":46.0},{"not_picked":["Rage","Body Slam","Clothesline"],"picked":"SKIP","floor":47.0},{"not_picked":["Brutality","Juggernaut"],"picked":"Limit Break","floor":50.0}],"player_experience":827780,"relics_obtained":[{"floor":7.0,"key":"Gremlin Food"},{"floor":9.0,"key":"Regal Pillow"},{"floor":10.0,"key":"Replay:Multitool"},{"floor":11.0,"key":"Mummified Hand"},{"floor":12.0,"key":"Another Sword"},{"floor":13.0,"key":"Potion Belt"},{"floor":21.0,"key":"Red Mask"},{"floor":23.0,"key":"Bag of Preparation"},{"floor":24.0,"key":"Incense Burner"},{"floor":26.0,"key":"Vajra"},{"floor":27.0,"key":"Shuriken"},{"floor":29.0,"key":"Lantern"},{"floor":40.0,"key":"ReplayTheSpireMod:Ninjato"},{"floor":42.0,"key":"The Courier"},{"floor":43.0,"key":"Mercury Hourglass"},{"floor":44.0,"key":"Ornamental Fan"},{"floor":45.0,"key":"Grinning Jar"},{"floor":46.0,"key":"ReplayTheSpireMod:Shallot"}],"event_choices":[{"damage_healed":0.0,"max_hp_gain":0.0,"max_hp_loss":0.0,"gold_gain":0.0,"event_name":"Living Wall","player_choice":"Grow","floor":3.0,"gold_loss":0.0,"damage_taken":0.0,"cards_upgraded":["Battle Trance"]},{"damage_healed":0.0,"max_hp_gain":0.0,"max_hp_loss":0.0,"gold_gain":150.0,"event_name":"Liars Game","player_choice":"AGREE","floor":4.0,"gold_loss":0.0,"damage_taken":0.0,"cards_obtained":["Doubt"]},{"damage_healed":0.0,"max_hp_gain":0.0,"max_hp_loss":0.0,"gold_gain":0.0,"event_name":"Cursed Tome","player_choice":"Ignored","floor":20.0,"gold_loss":0.0,"damage_taken":0.0},{"damage_healed":0.0,"max_hp_gain":0.0,"max_hp_loss":0.0,"gold_gain":0.0,"event_name":"Masked Bandits","player_choice":"Fought Bandits","floor":21.0,"gold_loss":0.0,"damage_taken":0.0},{"damage_healed":0.0,"max_hp_gain":0.0,"max_hp_loss":0.0,"gold_gain":0.0,"event_name":"Match and Keep!","player_choice":"1 cards matched","floor":28.0,"gold_loss":0.0,"damage_taken":0.0,"cards_obtained":["Offering"]},{"damage_healed":0.0,"max_hp_gain":0.0,"max_hp_loss":0.0,"gold_gain":0.0,"event_name":"Duplicator","player_choice":"Copied","floor":38.0,"gold_loss":0.0,"damage_taken":0.0,"cards_obtained":["Feed"]}],"is_beta":false,"boss_relics":[{"not_picked":["Cursed Key","Abe\u0027s Treasure","Runic Dome"]},{"not_picked":["ChewingGum","Snecko Heart"],"picked":"Runic Cube"}],"items_purged_floors":[25,36,48],"is_endless":true,"potions_floor_spawned":[7,10,12,18,22,24,30,35,40,42,44],"killed_by":"Time Eater","ascension_level":20}}