{"host":"abdxwahegzejqccj","time":1612573352,"event":{"mods":["BaseMod","Better Note","BetterRewards","Colored Powertips","Downfall","Hermit","Minty Spire (QoL Compilation)","StSLib","The Cursed"],"gold_per_floor":[117,117,130,142,65,100,100,100,100,134,44,59,73,90,90,185,185,197,197,88,88,98,98,133,133,187,214,229,229,241,241,241,338,338,349,120,135,135,147,147,147,147,174,184,214,234,234,234,234,234],"floor_reached":51,"language":"ENG","playtime":1926,"items_purged":["Writhe","Defend_G"],"score":1305,"play_id":"eb0ce25f-f2e4-47cf-bac1-647f868782bd","local_time":"20210206120232","is_ascension_mode":true,"campfire_choices":[{"data":"Apotheosis","floor":8,"key":"SMITH"},{"data":"Infinite Blades","floor":15,"key":"SMITH"},{"data":"Accuracy","floor":23,"key":"SMITH"},{"data":"Venomology","floor":25,"key":"SMITH"},{"data":"Adrenaline","floor":29,"key":"SMITH"},{"data":"Cloak And Dagger","floor":32,"key":"SMITH"},{"data":"Tools of the Trade","floor":40,"key":"SMITH"},{"data":"Malaise","floor":42,"key":"SMITH"},{"data":"Accuracy","floor":47,"key":"SMITH"},{"data":"Cloak And Dagger","floor":49,"key":"SMITH"}],"circlet_count":0,"master_deck":["Defend_G","Defend_G","Survivor","Neutralize","Apotheosis+1","Infinite Blades+1","Dash","Accuracy+1","Cloak And Dagger+1","Adrenaline+1","Good Instincts","Poisoned Stab","Backstab","Blur","Bite","Bite","Bite","Bite","Bite","Venomology+1","Cloak And Dagger+1","Tools of the Trade+1","Accuracy+1","Blade Dance","Malaise+1","Parasite","Flechettes+1"],"relics":["Ring of the Snake","Guardian:PocketSentry","Juzu Bracelet","Ornamental Fan","Kunai","Tingsha","Busted Crown","TungstenRod","Bronze Scales","Strawberry","Tough Bandages","Nloth\u0027s Gift","WristBlade","Dream Catcher","PreservedInsect"],"acts_visited":["Exordium","TheCity","TheBeyond"],"potions_floor_usage":[6,10,16,24,27,27,30,30,33,39,39,45,46,50],"damage_taken":[{"damage":0,"enemies":"Cultist","floor":1,"turns":3},{"damage":0,"enemies":"Small Slimes","floor":3,"turns":3},{"damage":0,"enemies":"Jaw Worm","floor":4,"turns":4},{"damage":12,"enemies":"Gremlin Nob","floor":6,"turns":4},{"damage":8,"enemies":"Lagavulin","floor":10,"turns":5},{"damage":4,"enemies":"Large Slime","floor":12,"turns":4},{"damage":0,"enemies":"Exordium Thugs","floor":13,"turns":2},{"damage":0,"enemies":"3 Louse","floor":14,"turns":2},{"damage":0,"enemies":"Slime Boss","floor":16,"turns":4},{"damage":0,"enemies":"3 Byrds","floor":18,"turns":3},{"damage":0,"enemies":"2 Thieves","floor":22,"turns":3},{"damage":0,"enemies":"Gremlin Leader","floor":24,"turns":4},{"damage":6,"enemies":"Slavers","floor":27,"turns":4},{"damage":0,"enemies":"3 Cultists","floor":28,"turns":3},{"damage":0,"enemies":"Sentry and Sphere","floor":30,"turns":3},{"damage":0,"enemies":"Automaton","floor":33,"turns":9},{"damage":0,"enemies":"3 Shapes","floor":35,"turns":3},{"damage":2,"enemies":"Orb Walker","floor":37,"turns":2},{"damage":10,"enemies":"Maw","floor":39,"turns":6},{"damage":7,"enemies":"Writhing Mass","floor":44,"turns":4},{"damage":0,"enemies":"Giant Head","floor":45,"turns":5},{"damage":8,"enemies":"Transient","floor":46,"turns":5},{"damage":10,"enemies":"Time Eater","floor":50,"turns":9}],"seed_played":"8634184978634537484","potions_obtained":[{"floor":3,"key":"SteroidPotion"},{"floor":4,"key":"ColorlessPotion"},{"floor":10,"key":"DuplicationPotion"},{"floor":14,"key":"Weak Potion"},{"floor":22,"key":"ColorlessPotion"},{"floor":27,"key":"Regen Potion"},{"floor":28,"key":"Fire Potion"}],"is_trial":false,"path_per_floor":["M","?","M","M","$","E","?","R","T","E","$","M","M","M","R","B",null,"M","?","$","?","M","R","E","R","T","E","M","R","M","?","R","B",null,"M","$","M","?","M","R","$","R","T","M","E","M","R","?","R","B",null],"character_chosen":"THE_SILENT","items_purchased":["Apotheosis","Guardian:PocketSentry","TwistedFunnel","Accuracy","Good Instincts","Blur","Accuracy","Blade Dance"],"campfire_rested":0,"item_purchase_floors":[0,0,0,5,11,20,36,36],"current_hp_per_floor":[55,55,55,55,55,43,40,40,40,32,32,28,28,28,28,28,70,70,70,70,49,49,49,49,49,56,56,56,56,56,56,56,56,56,56,56,56,56,55,55,55,55,55,49,55,54,54,54,54,56],"gold":234,"neow_bonus":"","is_daily":false,"chose_seed":false,"campfire_upgraded":10,"win_rate":0.0,"timestamp":1612573352,"path_taken":["M","?","M","?","$","E","?","R","T","E","$","M","M","M","R","BOSS","M","?","$","?","M","R","E","R","T","E","M","R","M","?","R","BOSS","M","$","M","?","M","R","?","R","T","M","E","M","R","?","R","BOSS"],"items_purchased_type":["Card","Relic","Relic","Card","Card","Card","Card","Card"],"build_version":"2020-12-22","purchased_purges":2,"victory":true,"max_hp_per_floor":[70,70,70,70,70,70,70,70,70,70,70,70,70,70,70,70,70,70,70,70,49,49,49,49,49,56,56,56,56,56,56,56,56,56,56,56,56,56,56,56,56,56,56,56,56,56,56,56,56,56],"card_choices":[{"not_picked":["PiercingWail","Cloak And Dagger"],"picked":"Infinite Blades","floor":1},{"not_picked":["Prepared","Quick Slash"],"picked":"Finisher","floor":3},{"not_picked":["Deadly Poison","Flying Knee"],"picked":"Dash","floor":4},{"not_picked":["Flechettes","Bane"],"picked":"Cloak And Dagger","floor":6},{"not_picked":["Deadly Poison","Finisher"],"picked":"Adrenaline","floor":10},{"not_picked":["Deadly Poison","Dagger Throw"],"picked":"Poisoned Stab","floor":12},{"not_picked":["Reflex","Bane"],"picked":"Backstab","floor":13},{"not_picked":["Dash","Bouncing Flask","Deflect"],"picked":"SKIP","floor":14},{"not_picked":["Concentrate"],"picked":"SKIP","floor":18},{"not_picked":["Dagger Throw"],"picked":"SKIP","floor":22},{"not_picked":[],"picked":"Venomology","floor":24},{"not_picked":["Flechettes"],"picked":"SKIP","floor":27},{"not_picked":["Prepared"],"picked":"SKIP","floor":28},{"not_picked":[],"picked":"Cloak And Dagger","floor":30},{"not_picked":[],"picked":"Tools of the Trade","floor":33},{"not_picked":["Outmaneuver+1"],"picked":"SKIP","floor":35},{"not_picked":["Backflip"],"picked":"SKIP","floor":37},{"not_picked":["Slice"],"picked":"SKIP","floor":39},{"not_picked":["Deflect"],"picked":"SKIP","floor":44},{"not_picked":["Heel Hook+1"],"picked":"SKIP","floor":45},{"not_picked":[],"picked":"Flechettes+1","floor":46}],"player_experience":399220,"relics_obtained":[{"floor":6,"key":"Juzu Bracelet"},{"floor":9,"key":"Kunai"},{"floor":10,"key":"Tingsha"},{"floor":24,"key":"Bronze Scales"},{"floor":26,"key":"Strawberry"},{"floor":27,"key":"Tough Bandages"},{"floor":43,"key":"Dream Catcher"},{"floor":45,"key":"PreservedInsect"}],"event_choices":[{"cards_removed":["Defend_G"],"damage_healed":0,"gold_gain":0,"player_choice":"Offered Basic","damage_taken":0,"max_hp_gain":0,"max_hp_loss":0,"event_name":"Bonfire Elementals","floor":2,"gold_loss":0},{"damage_healed":0,"gold_gain":0,"player_choice":"Success","damage_taken":3,"relics_obtained":["Ornamental Fan"],"max_hp_gain":0,"max_hp_loss":0,"event_name":"Scrap Ooze","floor":7,"gold_loss":0},{"damage_healed":0,"gold_gain":0,"player_choice":"Opened","damage_taken":0,"relics_obtained":["TungstenRod"],"max_hp_gain":0,"max_hp_loss":0,"event_name":"The Mausoleum","floor":19,"gold_loss":0,"cards_obtained":["Writhe"]},{"damage_healed":0,"gold_gain":0,"player_choice":"Became a vampire","damage_taken":0,"max_hp_gain":0,"max_hp_loss":21,"event_name":"Vampires","floor":21,"gold_loss":0,"cards_obtained":["Bite","Bite","Bite","Bite","Bite"]},{"damage_healed":0,"gold_gain":0,"player_choice":"Traded Relic","damage_taken":0,"relics_obtained":["Nloth\u0027s Gift"],"max_hp_gain":0,"max_hp_loss":0,"event_name":"N\u0027loth","floor":31,"relics_lost":["TwistedFunnel"],"gold_loss":0},{"damage_healed":0,"gold_gain":0,"cards_transformed":["Defend_G"],"player_choice":"Transformed","damage_taken":0,"max_hp_gain":0,"max_hp_loss":0,"event_name":"Transmorgrifier","floor":38,"gold_loss":0,"cards_obtained":["Malaise"]},{"cards_removed":["Finisher"],"damage_healed":0,"gold_gain":0,"player_choice":"Removed Attack","damage_taken":0,"max_hp_gain":0,"max_hp_loss":0,"event_name":"Falling","floor":48,"gold_loss":0}],"is_beta":false,"boss_relics":[{"not_picked":["Coffee Dripper","Ring of the Serpent"],"picked":"Busted Crown"},{"not_picked":["Runic Pyramid","expansioncontent:StudyCardRelic"],"picked":"WristBlade"}],"items_purged_floors":[20,36],"is_endless":false,"potions_floor_spawned":[3,4,10,14,22,27,28,37,44,46],"ascension_level":4}}