{"host":"avybiddlniqinkgc","time":1612584700,"event":{"mods":["AchievementEnabler","BaseMod","Colored Map","DeckTracker","Highlight Path","KOR Keyword Fix","Keyboard Shortcuts","Minty Spire (QoL Compilation)","Permanent Neow","Quick Restart","Random Character Button","Rare Cards Sparkle","StSLib","SuperFastMode"],"gold_per_floor":[119,119,66,26,26,61,80,92,92,92,122,122,148,177,177,272,272,284,284,299,299,155,155,187,112,193,193,220,240,259,259,259,358,358,378,378,378,256,273,273,233,233,233,244,261,261,61,78,78,78],"floor_reached":51,"language":"KOR","playtime":979,"items_purged":["Entrench","Decay","Writhe"],"score":774,"play_id":"f5b50979-fdae-4a1c-8e6d-18494b058106","local_time":"20210206131140","is_ascension_mode":false,"campfire_choices":[{"data":"Searing Blow","floor":10.0,"key":"SMITH"},{"data":"Searing Blow+1","floor":12.0,"key":"SMITH"},{"data":"Searing Blow+2","floor":15.0,"key":"SMITH"},{"data":"True Grit","floor":23.0,"key":"SMITH"},{"data":"Searing Blow+3","floor":27.0,"key":"SMITH"},{"floor":32.0,"key":"REST"},{"data":"Searing Blow+4","floor":40.0,"key":"SMITH"},{"data":"Searing Blow+6","floor":42.0,"key":"SMITH"},{"data":"Dark Embrace","floor":46.0,"key":"SMITH"},{"data":"Searing Blow+7","floor":49,"key":"SMITH"}],"circlet_count":0,"master_deck":["Defend_R","Defend_R","Defend_R","Defend_R","Bash+1","Headbutt","Warcry","Hemokinesis","Searing Blow+8","Ghostly Armor","True Grit+1","True Grit+1","Offering+1","Rupture","Armaments+1","Power Through+1","Power Through+1","Disarm+1","Fiend Fire","Flame Barrier+1","Shrug It Off+1","Dark Embrace+1","Dual Wield+1"],"relics":["Burning Blood","NeowsBlessing","Shuriken","Bronze Scales","Toxic Egg 2","Bag of Marbles","Oddly Smooth Stone","Busted Crown","Blood Vial","Ornamental Fan","Pocketwatch","Empty Cage","Molten Egg 2"],"acts_visited":["Exordium","TheCity","TheBeyond"],"potions_floor_usage":[],"damage_taken":[{"damage":0.0,"enemies":"2 Louse","floor":1.0,"turns":1.0},{"damage":0.0,"enemies":"Lagavulin","floor":6.0,"turns":2.0},{"damage":0.0,"enemies":"Cultist","floor":7.0,"turns":1.0},{"damage":12.0,"enemies":"Small Slimes","floor":8.0,"turns":2.0},{"damage":24.0,"enemies":"Gremlin Nob","floor":11.0,"turns":3.0},{"damage":19.0,"enemies":"Lagavulin","floor":14.0,"turns":4.0},{"damage":25.0,"enemies":"Hexaghost","floor":16.0,"turns":10.0},{"damage":29.0,"enemies":"3 Byrds","floor":18.0,"turns":3.0},{"damage":15.0,"enemies":"Spheric Guardian","floor":20.0,"turns":4.0},{"damage":32.0,"enemies":"Gremlin Leader","floor":24.0,"turns":8.0},{"damage":12.0,"enemies":"Book of Stabbing","floor":28.0,"turns":5.0},{"damage":8.0,"enemies":"Snake Plant","floor":29.0,"turns":2.0},{"damage":17.0,"enemies":"Sentry and Sphere","floor":30.0,"turns":6.0},{"damage":34.0,"enemies":"Automaton","floor":33.0,"turns":14.0},{"damage":10.0,"enemies":"3 Darklings","floor":35.0,"turns":7.0},{"damage":8.0,"enemies":"3 Shapes","floor":39.0,"turns":3.0},{"damage":25.0,"enemies":"Sphere and 2 Shapes","floor":44.0,"turns":7.0},{"damage":9.0,"enemies":"4 Shapes","floor":45.0,"turns":4.0},{"damage":18,"enemies":"3 Darklings","floor":48,"turns":6},{"damage":59,"enemies":"Donu and Deca","floor":50,"turns":7}],"seed_played":"-893337711630501068","potions_obtained":[{"floor":6.0,"key":"Weak Potion"},{"floor":7.0,"key":"Block Potion"},{"floor":14.0,"key":"Explosive Potion"},{"floor":16.0,"key":"SteroidPotion"},{"floor":28.0,"key":"ColorlessPotion"},{"floor":29.0,"key":"Block Potion"},{"floor":30.0,"key":"Swift Potion"},{"floor":39.0,"key":"Regen Potion"},{"floor":44.0,"key":"Explosive Potion"},{"floor":45.0,"key":"PowerPotion"}],"is_trial":false,"path_per_floor":["M","?","$","$","?","E","M","M","T","R","E","R","T","E","R","B",null,"M","?","M","?","$","R","E","?","T","R","E","M","M","?","R","B",null,"M","?","?","$","M","R","?","R","T","M","M","R","$","M","R","B",null],"character_chosen":"IRONCLAD","items_purchased":["Warcry","Hemokinesis","Power Through+1","Shrug It Off+1","Dual Wield+1"],"campfire_rested":1,"item_purchase_floors":[3,4,22,38,47],"current_hp_per_floor":[80,80,80,80,80,80,80,74,74,74,56,56,56,43,43,24,80,57,57,48,48,48,48,22,22,22,22,18,18,9,9,33,7,80,76,76,80,80,78,78,78,78,78,61,72,72,72,62,62,11],"gold":78,"neow_bonus":"THREE_ENEMY_KILL","is_daily":false,"chose_seed":false,"campfire_upgraded":9,"win_rate":0.0,"timestamp":1612584700,"path_taken":["M","?","?","$","?","E","?","M","T","R","E","R","?","E","R","BOSS","M","?","?","?","?","R","E","?","T","R","E","M","M","?","R","BOSS","M","?","?","$","M","R","?","R","T","M","?","R","$","?","R","BOSS"],"items_purchased_type":["Card","Card","Card","Card","Card"],"build_version":"2020-12-22","purchased_purges":3,"victory":true,"max_hp_per_floor":[80,80,80,80,80,80,80,80,80,80,80,80,80,80,80,80,80,80,80,80,80,80,80,80,80,80,80,80,80,80,80,80,80,80,80,80,80,80,80,80,80,80,80,80,80,80,80,80,80,80],"card_choices":[{"not_picked":["Armaments","Sever Soul"],"picked":"Headbutt","floor":1.0},{"not_picked":["Twin Strike","Intimidate"],"picked":"Searing Blow","floor":6.0},{"not_picked":["True Grit","Double Tap"],"picked":"Ghostly Armor","floor":7.0},{"not_picked":["Clash","Blood for Blood"],"picked":"True Grit","floor":8.0},{"not_picked":["Headbutt","Combust"],"picked":"True Grit+1","floor":11.0},{"not_picked":["Clash","Flex+1","Anger"],"picked":"SKIP","floor":14.0},{"not_picked":["Brutality","Berserk"],"picked":"Offering+1","floor":16.0},{"not_picked":["Sword Boomerang"],"picked":"SKIP","floor":18.0},{"not_picked":[],"picked":"Armaments+1","floor":20.0},{"not_picked":["Heavy Blade"],"picked":"SKIP","floor":24.0},{"not_picked":["Body Slam+1"],"picked":"SKIP","floor":28.0},{"not_picked":[],"picked":"Power Through+1","floor":29.0},{"not_picked":[],"picked":"Disarm+1","floor":30.0},{"not_picked":[],"picked":"Fiend Fire","floor":33.0},{"not_picked":[],"picked":"Flame Barrier+1","floor":35.0},{"not_picked":["Armaments+1"],"picked":"SKIP","floor":39.0},{"not_picked":["Clothesline+1"],"picked":"SKIP","floor":44.0},{"not_picked":[],"picked":"Dark Embrace","floor":45.0},{"not_picked":["Headbutt+1"],"picked":"SKIP","floor":48}],"player_experience":1277,"relics_obtained":[{"floor":6.0,"key":"Shuriken"},{"floor":9.0,"key":"Bronze Scales"},{"floor":11.0,"key":"Toxic Egg 2"},{"floor":13.0,"key":"Bag of Marbles"},{"floor":14.0,"key":"Oddly Smooth Stone"},{"floor":24.0,"key":"Blood Vial"},{"floor":26.0,"key":"Ornamental Fan"},{"floor":28.0,"key":"Pocketwatch"},{"floor":43.0,"key":"Molten Egg 2"}],"event_choices":[{"damage_healed":0.0,"max_hp_gain":0.0,"max_hp_loss":0.0,"gold_gain":0.0,"event_name":"Accursed Blacksmith","player_choice":"Forge","floor":2.0,"gold_loss":0.0,"damage_taken":0.0,"cards_upgraded":["Bash"]},{"damage_healed":0.0,"max_hp_gain":0.0,"max_hp_loss":0.0,"gold_gain":0.0,"cards_transformed":["Strike_R"],"event_name":"Transmorgrifier","player_choice":"Transformed","floor":5.0,"gold_loss":0.0,"damage_taken":0.0,"cards_obtained":["Entrench"]},{"damage_healed":0.0,"max_hp_gain":0.0,"max_hp_loss":0.0,"gold_gain":0.0,"cards_transformed":["Strike_R"],"event_name":"Transmorgrifier","player_choice":"Transformed","floor":19.0,"gold_loss":0.0,"damage_taken":0.0,"cards_obtained":["Rupture"]},{"damage_healed":0.0,"max_hp_gain":0.0,"max_hp_loss":0.0,"gold_gain":0.0,"event_name":"Ghosts","player_choice":"Ignored","floor":21.0,"gold_loss":0.0,"damage_taken":0.0},{"cards_removed":["Strike_R"],"damage_healed":0.0,"max_hp_gain":0.0,"max_hp_loss":0.0,"gold_gain":0.0,"event_name":"Beggar","player_choice":"Gave Gold","floor":25.0,"gold_loss":75.0,"damage_taken":0.0},{"damage_healed":0.0,"max_hp_gain":0.0,"max_hp_loss":0.0,"gold_gain":0.0,"event_name":"Forgotten Altar","player_choice":"Smashed Altar","floor":31.0,"gold_loss":0.0,"damage_taken":0.0,"cards_obtained":["Decay"]},{"damage_healed":0.0,"max_hp_gain":0.0,"max_hp_loss":0.0,"gold_gain":0.0,"event_name":"Tomb of Lord Red Mask","player_choice":"Ignored","floor":36.0,"gold_loss":0.0,"damage_taken":0.0},{"damage_healed":20.0,"max_hp_gain":0.0,"max_hp_loss":0.0,"gold_gain":0.0,"event_name":"Winding Halls","player_choice":"Writhe","floor":37.0,"gold_loss":0.0,"damage_taken":0.0,"cards_obtained":["Writhe"]},{"damage_healed":0.0,"max_hp_gain":0.0,"max_hp_loss":0.0,"gold_gain":0.0,"event_name":"Designer","player_choice":"Upgrade","floor":41.0,"gold_loss":40.0,"damage_taken":0.0,"cards_upgraded":["Searing Blow"]}],"is_beta":false,"boss_relics":[{"not_picked":["Cursed Key","Astrolabe"],"picked":"Busted Crown"},{"not_picked":["Black Star","Sozu"],"picked":"Empty Cage"}],"items_purged_floors":[22,38,47],"is_endless":false,"potions_floor_spawned":[6,7,14,16,28,29,30,39,44,45],"ascension_level":0}}