{"host":"njo8qgvy2a57fcny","time":1612597589,"event":{"mods":["Aspiration","BaseMod","BetterRewards","CCEM2","Colored Map","Colored Powertips","Conspire","Custom Start","Downfall","Energized Spire","GifTheSpireLib","Halation","Hermit","Hubris","Infinite Spire","Jedi Mod","Jorbs\u0027s Wanderer Trilogy","Mimic Mod","Minty Spire (QoL Compilation)","Quick Restart","Random Character Button","Random Character Mod","Rare Cards Sparkle","Relic Sorter","Reliquary","Replay The Spire","Shop Mod","StSLib","Stuff the Spire","The Animator","The Jungle","The Runesmith","The Servant 0.9.4","Unceasing Turn Reminder","thorton"],"gold_per_floor":[99,116,2,2,21,121,189,222,233,233,233,233,233],"floor_reached":11,"language":"ENG","playtime":731,"items_purged":[],"score":101,"play_id":"ed8732d7-e0d5-429d-8be7-9edd416a59bb","local_time":"20210206184629","is_ascension_mode":true,"campfire_choices":[{"data":"bronze:Replicate","floor":1,"key":"SMITH"},{"data":"bronze:DelayedGuard","floor":10,"key":"SMITH"}],"circlet_count":0,"master_deck":["bronze:Strike","bronze:Strike","bronze:Defend","bronze:Defend","bronze:Defend","bronze:Defend","bronze:Replicate+1","bronze:Goto","bronze:Deprecate","bronze:BronzeArmor","bronze:DelayedGuard+1","bronze:Invalidate","bronze:FineTuning","bronze:GetLatest"],"relics":["bronze:BronzeCore","downfall:GremlinWheel","reliquary:PrincelyHelmet","Counterbalance","reliquary:BoilingFlask"],"acts_visited":["Exordium"],"potions_floor_usage":[6,9,11],"damage_taken":[{"damage":0,"enemies":"Cultist","floor":2,"turns":4},{"damage":0,"enemies":"downfall:FleeingMerchant","floor":3,"turns":4},{"damage":0,"enemies":"Small Slimes","floor":5,"turns":3},{"damage":47,"enemies":"Small Slimes","floor":6,"turns":6},{"damage":0,"enemies":"Lagavulin","floor":8,"turns":8},{"damage":0,"enemies":"Jaw Worm","floor":9,"turns":3},{"damage":9,"enemies":"3 Sentries","floor":11,"turns":4}],"seed_played":"5647448322446264930","potions_obtained":[{"floor":5,"key":"SkillPotion"},{"floor":8,"key":"Toxic Potion"},{"floor":9,"key":"Adrenaline Potion"}],"is_trial":false,"path_per_floor":["R","M","$","?","M","?","T","E","M","R","E"],"character_chosen":"THE_AUTOMATON","items_purchased":["bronze:DelayedGuard","bronze:Invalidate"],"campfire_rested":0,"item_purchase_floors":[3,3],"current_hp_per_floor":[49,49,49,54,54,7,7,7,7,7,0,0,0],"gold":233,"neow_bonus":"REMOVE_TWO","is_daily":false,"chose_seed":false,"campfire_upgraded":2,"win_rate":0.0,"timestamp":1612597589,"path_taken":["R","M","?","?","M","?","T","E","?","R","E"],"items_purchased_type":["Card","Card"],"build_version":"2020-12-22","purchased_purges":0,"victory":false,"max_hp_per_floor":[70,70,70,75,75,75,75,75,75,75,75,75,75],"card_choices":[{"not_picked":["bronze:NullPointer","bronze:Shield"],"picked":"bronze:Deprecate","floor":2},{"not_picked":["bronze:Repair","bronze:ForceShield"],"picked":"bronze:BronzeArmor","floor":3},{"not_picked":["bronze:Turbo","bronze:BuggyMess","bronze:Frontload"],"picked":"SKIP","floor":5},{"not_picked":["bronze:FollowUp","bronze:Iterate"],"picked":"bronze:FineTuning","floor":8},{"not_picked":["bronze:Deprecate","bronze:BronzeOrb"],"picked":"bronze:GetLatest","floor":9}],"player_experience":787114,"relics_obtained":[{"floor":6,"key":"downfall:GremlinWheel"},{"floor":7,"key":"reliquary:PrincelyHelmet"},{"floor":8,"key":"Counterbalance"},{"floor":10,"key":"reliquary:BoilingFlask"}],"event_choices":[{"damage_healed":0,"gold_gain":0,"player_choice":"Donut","damage_taken":0,"max_hp_gain":5,"max_hp_loss":0,"event_name":"Big Fish","floor":4,"gold_loss":0},{"damage_healed":0,"gold_gain":0,"player_choice":"Relic","damage_taken":0,"max_hp_gain":0,"max_hp_loss":0,"event_name":"Wheel of Change","floor":10,"gold_loss":0}],"is_beta":false,"boss_relics":[],"items_purged_floors":[],"is_endless":false,"potions_floor_spawned":[5,8,9],"killed_by":"3 Sentries","ascension_level":1}}