{"host":"njo8qgvy2a57fcny","time":1612594164,"event":{"mods":["Aspiration","BaseMod","BetterRewards","CCEM2","Colored Map","Colored Powertips","Conspire","Custom Start","Downfall","Energized Spire","GifTheSpireLib","Halation","Hermit","Hubris","Infinite Spire","Jedi Mod","Jorbs\u0027s Wanderer Trilogy","Mimic Mod","Minty Spire (QoL Compilation)","Quick Restart","Random Character Button","Random Character Mod","Rare Cards Sparkle","Relic Sorter","Reliquary","Replay The Spire","Shop Mod","StSLib","Stuff the Spire","The Animator","The Jungle","The Runesmith","The Servant 0.9.4","Unceasing Turn Reminder","thorton"],"gold_per_floor":[99,99,99,99,99,132,156,187,200,220,256,288,188,200,213,213,213,213],"floor_reached":16,"language":"ENG","playtime":1139,"items_purged":[],"score":150,"play_id":"ed477802-de3e-463a-823f-0dd0817ee269","local_time":"20210206174924","is_ascension_mode":true,"campfire_choices":[{"data":"bronze:Replicate","floor":1,"key":"SMITH"},{"data":"bronze:Shell","floor":13,"key":"SMITH"}],"circlet_count":0,"master_deck":["bronze:Strike","bronze:Strike","bronze:Strike","bronze:Strike","bronze:Defend","bronze:Defend","bronze:Defend","bronze:Defend","bronze:Replicate+1","bronze:Goto","bronze:DelayedGuard","bronze:SpaghettiCode","Injury","bronze:Assembly","bronze:Shell+1","bronze:DelayedGuard","bronze:Overload","bronze:Boost","bronze:FollowUp+1","bronze:FineTuning"],"relics":["bronze:BronzeCore","downfall:HeartsMalice","Molten Egg 2","CCEMRelics:PocketTank","Oddly Smooth Stone","conspire:Boomerang","Question Card","downfall:HeartBlessingBlue"],"acts_visited":["Exordium"],"potions_floor_usage":[8,11,14,16],"damage_taken":[{"damage":0,"enemies":"2 Louse","floor":2,"turns":1},{"damage":0,"enemies":"Cultist","floor":3,"turns":1},{"damage":0,"enemies":"Lagavulin","floor":6,"turns":1},{"damage":10,"enemies":"Gremlin Nob","floor":8,"turns":4},{"damage":0,"enemies":"Jaw Worm","floor":9,"turns":3},{"damage":19,"enemies":"3 Louse","floor":10,"turns":5},{"damage":3,"enemies":"Exordium Thugs","floor":11,"turns":9},{"damage":9,"enemies":"3 Sentries","floor":12,"turns":6},{"damage":3,"enemies":"Exordium Thugs","floor":14,"turns":6},{"damage":20,"enemies":"Exordium Wildlife","floor":15,"turns":6},{"damage":17,"enemies":"IC_STATUS_ARCHETYPE","floor":16,"turns":8}],"seed_played":"4098395338596533641","potions_obtained":[{"floor":6,"key":"Explosive Potion"},{"floor":8,"key":"LiquidBronze"},{"floor":12,"key":"Block Potion"},{"floor":15,"key":"SteroidPotion"}],"is_trial":false,"path_per_floor":["R","M","M","?","?","E","T","E","M","M","MIM","E","R","M","M","B"],"character_chosen":"THE_AUTOMATON","items_purchased":[],"campfire_rested":0,"item_purchase_floors":[],"current_hp_per_floor":[70,70,70,70,70,70,70,60,60,41,38,29,39,36,16,0,0,0],"gold":213,"neow_bonus":"THREE_ENEMY_KILL","is_daily":false,"chose_seed":false,"campfire_upgraded":2,"win_rate":0.0,"timestamp":1612594164,"path_taken":["R","M","M","?","?","E","T","E","?","M","?","E","R","?","M","BOSS"],"items_purchased_type":[],"build_version":"2020-12-22","purchased_purges":0,"victory":false,"max_hp_per_floor":[70,70,70,70,70,70,70,70,70,70,70,70,80,80,80,80,80,80],"card_choices":[{"not_picked":["bronze:GetLatest","bronze:Frontload"],"picked":"bronze:DelayedGuard","floor":2},{"not_picked":["bronze:OilSpill","bronze:Deprecate"],"picked":"bronze:SpaghettiCode","floor":3},{"not_picked":["bronze:NullPointer+1","bronze:BuggyMess"],"picked":"bronze:Assembly","floor":6},{"not_picked":["bronze:DarkDash+1","bronze:Overheat+1"],"picked":"bronze:Shell","floor":8},{"not_picked":["bronze:Invalidate","bronze:Deprecate"],"picked":"bronze:DelayedGuard","floor":9},{"not_picked":["bronze:Deprecate","bronze:BugBarrage+1"],"picked":"bronze:Overload","floor":10},{"not_picked":["bronze:Iterate+1","bronze:ClassDefault"],"picked":"bronze:Boost","floor":11},{"not_picked":["bronze:DigitalCarnage+1","bronze:FindAndReplace","bronze:DarkDash+1"],"picked":"SKIP","floor":12},{"not_picked":["bronze:BitShift","bronze:DigitalCarnage+1","bronze:WhirlingStrike+1"],"picked":"bronze:FollowUp+1","floor":14},{"not_picked":["bronze:OilSpill+1","bronze:DarkDash+1","bronze:Return"],"picked":"bronze:FineTuning","floor":15}],"player_experience":787114,"relics_obtained":[{"floor":6,"key":"CCEMRelics:PocketTank"},{"floor":7,"key":"Oddly Smooth Stone"},{"floor":8,"key":"conspire:Boomerang"},{"floor":12,"key":"Question Card"}],"event_choices":[],"is_beta":false,"boss_relics":[],"items_purged_floors":[],"is_endless":false,"potions_floor_spawned":[6,8,12,15],"killed_by":"IC_STATUS_ARCHETYPE","ascension_level":1}}