{"host":"36nosutyzulbwemu","time":1612618146,"event":{"mods":["BaseMod","Marisa£®ÏF”Í°°ƒß¿Ì…≥£©","Minty Spire (QoL Compilation)","Replay The Spire","Shop Mod","StSLib","The Servant 0.9.4"],"gold_per_floor":[115,170,345,377,408,455,481,446,446,92,118,118,167,194,194,329,329,378,425,73,98,98,98,98,130,155,155,155,203,203,280,280,391,391,437,659,659,659,702,702,776,1126,1126,317,317,317,317,317,0,59,59,59],"floor_reached":51,"language":"ZHS","playtime":6273,"items_purged":["Decay"],"score":722,"play_id":"15c4940f-d201-4f8a-8c4a-83923f11cd7a","local_time":"20210206212906","is_ascension_mode":false,"campfire_choices":[{"floor":12,"key":"REST"},{"data":"MillisecondPulsars","floor":15,"key":"SMITH"},{"floor":23,"key":"RECALL"},{"data":"CollectingQuirk","floor":27,"key":"SMITH"},{"floor":30,"key":"REST"},{"data":"DarkSpark","floor":32,"key":"SMITH"},{"data":"Crow Ritual","floor":40,"key":"SMITH"}],"circlet_count":0,"master_deck":["Strike_MRS","Strike_MRS","Strike_MRS","Strike_MRS","Defend_MRS","Defend_MRS","Defend_MRS","Defend_MRS","MasterSpark","UpSweep","WitchOfGreed","Acceleration","GravityBeat+1","PowerUp","MillisecondPulsars+1","GravityBeat+1","MilkyWay","WitchOfGreed","Orbital","BlazeAway","PropBag","NonDirectionalLaser","CollectingQuirk+1","DC","GravityBeat+1","MagicAbsorber+1","WitchOfGreed","LuminesStrike","DarkSpark+1","IllusionStar","UltimateShortwave","GravityBeat+1","Crow Ritual+1","ChargingUp","GalacticHalo+1","6A","Apotheosis+1","ReplayTheSpireMod:Private Reserves+1","PropBag+1","Acceleration+1"],"relics":["MiniHakkero","Potion Belt","Omamori","ReplayTheSpireMod:TigerMarble","Oddly Smooth Stone","MagicBroom","PreservedInsect","Vajra","ReplayTheSpireMod:DimensionalGlitch","Red Mask","ReplayTheSpireMod:CursedCoin","Quantum Egg","HornCleat","Nilry\u0027s Codex","Ring of Fangs","ReplayTheSpireMod:Ring of Addiction","Chameleon Ring","White Beast Statue","Ice Cream","Busted Crown","Replay:Bottled Steam","Lizard Tail","Old Coin","Golden Egg","Pen Nib","Toy Ornithopter","Cauldron","Replay:Bottled Eggs","Mirror","Sundial","Ornamental Fan"],"acts_visited":["Exordium","TheCity","TheBeyond","TheEnding"],"potions_floor_usage":[4,5,6,6,6,6,11,16,18,19,25,29,31,31,33,35,35,39,41,41,42,46,46,46,46,46,50,50,51,51,51],"damage_taken":[{"damage":3,"enemies":"Small Slimes","floor":1,"turns":3},{"damage":11,"enemies":"Jaw Worm","floor":4,"turns":3},{"damage":0,"enemies":"2 Louse","floor":5,"turns":3},{"damage":8,"enemies":"3 Sentries","floor":6,"turns":5},{"damage":0,"enemies":"Gremlin Nob","floor":11,"turns":1},{"damage":7,"enemies":"Blue Slaver","floor":13,"turns":4},{"damage":6,"enemies":"2 Fungi Beasts","floor":14,"turns":3},{"damage":23,"enemies":"Slime Boss","floor":16,"turns":5},{"damage":0,"enemies":"Chosen","floor":18,"turns":3},{"damage":0,"enemies":"Masked Bandits","floor":19,"turns":2},{"damage":7,"enemies":"Shell Parasite","floor":21,"turns":3},{"damage":0,"enemies":"Snecko","floor":25,"turns":4},{"damage":0,"enemies":"Chosen and Byrds","floor":29,"turns":3},{"damage":0,"enemies":"Book of Stabbing","floor":31,"turns":3},{"damage":5,"enemies":"Champ","floor":33,"turns":6},{"damage":12,"enemies":"Orb Walker","floor":35,"turns":4},{"damage":17,"enemies":"3 Shapes","floor":39,"turns":4},{"damage":16,"enemies":"Reptomancer","floor":41,"turns":4},{"damage":0,"enemies":"Mind Bloom Boss Battle","floor":42,"turns":3},{"damage":26,"enemies":"Replay:Hell Engine","floor":46,"turns":6},{"damage":37,"enemies":"Shield and Spear","floor":50,"turns":3},{"damage":63,"enemies":"The Heart","floor":51,"turns":3}],"seed_played":"11350857457","potions_obtained":[{"floor":2,"key":"SteroidPotion"},{"floor":2,"key":"EntropicBrew"},{"floor":4,"key":"Energy Potion"},{"floor":5,"key":"LifebloodPotion"},{"floor":6,"key":"SteroidPotion"},{"floor":13,"key":"SpeedPotion"},{"floor":14,"key":"Block Potion"},{"floor":14,"key":"CultistPotion"},{"floor":16,"key":"ShroomBrew"},{"floor":16,"key":"SmokeBomb"},{"floor":18,"key":"Block Potion"},{"floor":18,"key":"ColorlessPotion"},{"floor":19,"key":"BottledSpark"},{"floor":21,"key":"Doom Potion"},{"floor":24,"key":"Death Potion"},{"floor":24,"key":"AttackPotion"},{"floor":24,"key":"PowerPotion"},{"floor":25,"key":"Block Potion"},{"floor":29,"key":"PowerPotion"},{"floor":29,"key":"Fire Potion"},{"floor":31,"key":"Adrenaline Potion"},{"floor":31,"key":"ColorlessPotion"},{"floor":31,"key":"AttackPotion"},{"floor":33,"key":"PowerPotion"},{"floor":33,"key":"Adrenaline Potion"},{"floor":35,"key":"Explosive Potion"},{"floor":35,"key":"FearPotion"},{"floor":39,"key":"Swift Potion"},{"floor":39,"key":"Strength Potion"},{"floor":41,"key":"Elixir"},{"floor":41,"key":"LiquidBronze"},{"floor":42,"key":"PowerPotion"},{"floor":48,"key":"Milkshake"},{"floor":48,"key":"Death Potion"},{"floor":50,"key":"Block Potion"},{"floor":50,"key":"Reflective Coating"},{"floor":50,"key":"Weak Potion"}],"is_trial":false,"path_per_floor":["M","?","?","M","M","E","T","?","T","$","E","R","M","M","R","B",null,"M","?","$","M","?","R","?","M","T","R","?","M","R","E","R","B",null,"M","?","?","T","M","R","E","?","T","$","?","B",null,"R","$","E","B"],"character_chosen":"MARISA","items_purchased":["PreservedInsect","GravityBeat","MilkyWay","WitchOfGreed","Orbital","ReplayTheSpireMod:CursedCoin","Quantum Egg","HornCleat","Pen Nib","Toy Ornithopter","Cauldron","Apotheosis","ReplayTheSpireMod:Private Reserves","Replay:Bottled Eggs","PropBag"],"campfire_rested":2,"item_purchase_floors":[10,10,10,10,10,20,20,20,44,44,44,44,44,49,49],"current_hp_per_floor":[72,54,54,43,43,35,35,53,53,53,53,75,68,62,62,39,75,75,75,75,68,43,43,43,43,43,43,43,43,64,64,64,59,73,61,61,61,61,44,44,28,28,28,28,28,17,69,69,69,36,0,0],"gold":59,"neow_bonus":"RANDOM_COMMON_RELIC","is_daily":false,"chose_seed":true,"campfire_upgraded":4,"win_rate":0.0,"timestamp":1612618146,"path_taken":["M","?","?","M","M","E","?","?","T","$","E","R","?","M","R","BOSS","M","?","$","M","?","R","?","M","T","R","?","M","R","E","R","BOSS","M","?","?","?","M","R","E","?","T","?","?","BOSS","R","$","E","BOSS"],"items_purchased_type":["Relic","Card","Card","Card","Card","Relic","Relic","Relic","Relic","Relic","Relic","Card","Card","Relic","Card"],"build_version":"2020-12-22","purchased_purges":1,"victory":false,"max_hp_per_floor":[75,75,75,75,75,75,75,75,75,75,75,75,75,75,75,75,75,75,75,75,75,75,75,75,75,75,75,75,73,73,73,73,73,73,73,73,73,73,71,71,71,71,71,71,71,69,69,69,69,67,67,67],"card_choices":[{"not_picked":["GravityBeat","OrrerysSun"],"picked":"WitchOfGreed","floor":1},{"not_picked":["SporeBomb","FairyDestructionRay"],"picked":"Acceleration","floor":2},{"not_picked":["WitchLeyline","DoubleSpark"],"picked":"GravityBeat","floor":4},{"not_picked":["Acceleration","RefractionSpark"],"picked":"PowerUp","floor":5},{"not_picked":["DarkMatter","MysteriousBeam"],"picked":"MillisecondPulsars","floor":6},{"not_picked":["ShootingEcho","ManaRampage"],"picked":"BlazeAway","floor":11},{"not_picked":["Robbery","ChargeUpSpray"],"picked":"PropBag","floor":13},{"not_picked":["ShootTheMoon","SporeBomb"],"picked":"NonDirectionalLaser","floor":14},{"not_picked":["StarDustReverie","MillisecondPulsars"],"picked":"CollectingQuirk","floor":16},{"not_picked":["NonDirectionalLaser","DoubleSpark"],"picked":"DC","floor":18},{"not_picked":["IllusionStar","NonDirectionalLaser+1"],"picked":"GravityBeat","floor":19},{"not_picked":["OrrerysSun","GasGiant"],"picked":"MagicAbsorber+1","floor":21},{"not_picked":["BlazeAway+1","DeepEcoloBomb"],"picked":"WitchOfGreed","floor":25},{"not_picked":["AbsoluteMagnitude","GalacticHalo+1"],"picked":"DarkSpark","floor":29},{"not_picked":["ShootTheMoon","Acceleration+1"],"picked":"IllusionStar","floor":31},{"not_picked":["AbsoluteMagnitude","BinaryStars"],"picked":"UltimateShortwave","floor":33},{"not_picked":[],"picked":"GravityBeat+1","floor":35},{"not_picked":[],"picked":"Crow Ritual","floor":37},{"not_picked":[],"picked":"ChargingUp","floor":39},{"not_picked":[],"picked":"GalacticHalo+1","floor":41},{"not_picked":[],"picked":"6A","floor":42},{"not_picked":[],"picked":"Acceleration+1","floor":50}],"player_experience":515144,"relics_obtained":[{"floor":2,"key":"Omamori"},{"floor":6,"key":"ReplayTheSpireMod:TigerMarble"},{"floor":7,"key":"Oddly Smooth Stone"},{"floor":9,"key":"MagicBroom"},{"floor":11,"key":"Vajra"},{"floor":19,"key":"Red Mask"},{"floor":22,"key":"Nilry\u0027s Codex"},{"floor":24,"key":"Ring of Fangs"},{"floor":24,"key":"ReplayTheSpireMod:Ring of Addiction"},{"floor":24,"key":"Chameleon Ring"},{"floor":24,"key":"White Beast Statue"},{"floor":31,"key":"Ice Cream"},{"floor":38,"key":"Replay:Bottled Steam"},{"floor":41,"key":"Lizard Tail"},{"floor":42,"key":"Old Coin"},{"floor":43,"key":"Golden Egg"},{"floor":50,"key":"Mirror"}],"event_choices":[{"damage_healed":0,"gold_gain":175,"player_choice":"AGREE","damage_taken":0,"max_hp_gain":0,"max_hp_loss":0,"event_name":"Liars Game","floor":3,"gold_loss":0,"cards_obtained":["Doubt"]},{"damage_healed":18,"gold_gain":0,"player_choice":"Healed","damage_taken":0,"max_hp_gain":0,"max_hp_loss":0,"event_name":"The Cleric","floor":8,"gold_loss":35},{"damage_healed":0,"gold_gain":0,"player_choice":"Fought Bandits","damage_taken":0,"max_hp_gain":0,"max_hp_loss":0,"event_name":"Masked Bandits","floor":19,"gold_loss":0},{"damage_healed":0,"gold_gain":0,"player_choice":"Obtained Book","damage_taken":16,"max_hp_gain":0,"max_hp_loss":0,"event_name":"Cursed Tome","floor":22,"gold_loss":0},{"damage_healed":0,"gold_gain":0,"player_choice":"Read","damage_taken":0,"max_hp_gain":0,"max_hp_loss":0,"event_name":"The Library","floor":28,"gold_loss":0,"cards_obtained":["LuminesStrike"]},{"damage_healed":0,"gold_gain":222,"player_choice":"Wore Mask","damage_taken":0,"max_hp_gain":0,"max_hp_loss":0,"event_name":"Tomb of Lord Red Mask","floor":36,"gold_loss":0},{"damage_healed":0,"gold_gain":0,"player_choice":"Memory 1","damage_taken":0,"max_hp_gain":0,"max_hp_loss":0,"event_name":"SensoryStone","floor":37,"gold_loss":0},{"damage_healed":0,"gold_gain":0,"player_choice":"Fight","damage_taken":0,"max_hp_gain":0,"max_hp_loss":0,"event_name":"MindBloom","floor":42,"gold_loss":0},{"damage_healed":0,"gold_gain":0,"player_choice":"Took Portal","damage_taken":0,"max_hp_gain":0,"max_hp_loss":0,"event_name":"SecretPortal","floor":45,"gold_loss":0}],"is_beta":false,"boss_relics":[{"not_picked":["Ectoplasm","Ring of Chaos"],"picked":"ReplayTheSpireMod:DimensionalGlitch"},{"not_picked":["Sozu","Kintsugi"],"picked":"Busted Crown"}],"items_purged_floors":[44],"is_endless":false,"potions_floor_spawned":[5,14,19,25,29,31,33,35,39,41,42,50],"killed_by":"The Heart","ascension_level":0}}