{"host":"juowtv2vvb0b99ex","time":1612631300,"event":{"mods":["BaseMod","Colored Map","Downfall","Minty Spire (QoL Compilation)","Quick Restart","StSLib"],"gold_per_floor":[99,109,121,121,121,147,147,147,147,147,165,615,615,222,241,341,341,341,341,351,400,131,146,146,146,146,246,246,274,174,188,202,202,202,202],"floor_reached":33,"language":"ENG","playtime":2114,"items_purged":["downfall:Icky","downfall:Icky"],"score":286,"play_id":"3fc6b309-e739-4f99-ada7-902927da2bcc","local_time":"20210206100820","is_ascension_mode":false,"campfire_choices":[{"data":"champ:Taunt","floor":1,"key":"SMITH"},{"data":"champ:Backstep","floor":9,"key":"SMITH"},{"data":"champ:EndlessRage","floor":13,"key":"SMITH"},{"data":"champ:UltimateStance","floor":18,"key":"SMITH"},{"floor":26,"key":"REST"},{"data":"champ:ShieldSlam","floor":28,"key":"SMITH"},{"data":"champ:VampiricStrike","floor":30,"key":"SMITH"}],"circlet_count":0,"master_deck":["champ:Strike+1","champ:Strike+1","champ:Defend","champ:Defend","champ:Defend","champ:Execute","champ:Taunt+1","champ:ShieldWall+1","champ:EnGarde","downfall:Malfunctioning","champ:Backstep+1","champ:EndlessRage+1","downfall:Icky","champ:Duel","champ:PreciseThrust","champ:UltimateStance+1","champ:TornadoPunch","champ:Haymaker+1","champ:ShieldSlam+1","champ:VampiricStrike+1","champ:StanceDance"],"relics":["champ:ChampionCrown","Letter Opener","champ:FightingForDummies","champ:LiftRelic","Art of War","Blood Vial","Empty Cage","Anchor","champ:BerserkersGuideToSlaughter","Pear","Singing Bowl","downfall:HeartBlessingGreen"],"acts_visited":["Exordium","TheCity"],"potions_floor_usage":[22,29,29,31],"damage_taken":[{"damage":13,"enemies":"2 Louse","floor":2,"turns":3},{"damage":18,"enemies":"Small Slimes","floor":3,"turns":4},{"damage":28,"enemies":"Lagavulin","floor":6,"turns":6},{"damage":10,"enemies":"Cultist","floor":11,"turns":3},{"damage":20,"enemies":"downfall:FleeingMerchant","floor":14,"turns":4},{"damage":6,"enemies":"2 Fungi Beasts","floor":15,"turns":4},{"damage":16,"enemies":"SI_SHIV_ARCHETYPE","floor":16,"turns":9},{"damage":56,"enemies":"Chosen","floor":20,"turns":6},{"damage":20,"enemies":"downfall:FleeingMerchant","floor":22,"turns":4},{"damage":10,"enemies":"Shell Parasite","floor":23,"turns":6},{"damage":22,"enemies":"Slavers","floor":29,"turns":9},{"damage":7,"enemies":"3 Cultists","floor":31,"turns":6},{"damage":25,"enemies":"Snecko","floor":32,"turns":5},{"damage":75,"enemies":"DF_ARCHETYPE_CLAW","floor":33,"turns":6}],"seed_played":"-7910514868304824140","potions_obtained":[{"floor":6,"key":"Dexterity Potion"},{"floor":16,"key":"DistilledChaos"},{"floor":20,"key":"Dexterity Potion"},{"floor":23,"key":"Explosive Potion"},{"floor":31,"key":"champ:CounterPotion"}],"is_trial":false,"path_per_floor":["R","M","M","?","?","E","T","?","R","?","M","?","R","$","M","B",null,"R","?","M","T","$","M","T","?","R","?","R","E","R","M","M","B"],"character_chosen":"THE_CHAMP","items_purchased":["Art of War","Blood Vial","champ:BerserkersGuideToSlaughter"],"campfire_rested":1,"item_purchase_floors":[14,14,22],"current_hp_per_floor":[99,96,88,88,88,80,80,80,80,80,80,80,80,70,66,67,99,99,79,45,45,47,44,54,54,88,88,88,73,73,73,72,0,0,0],"gold":202,"neow_bonus":"TEN_PERCENT_HP_BONUS","is_daily":false,"chose_seed":false,"campfire_upgraded":6,"win_rate":0.0,"timestamp":1612631300,"path_taken":["R","M","M","?","?","E","T","?","R","?","?","?","R","$","M","BOSS","R","?","M","?","$","?","T","?","R","?","R","E","R","M","M","BOSS"],"items_purchased_type":["Relic","Relic","Relic"],"build_version":"2020-12-22","purchased_purges":2,"victory":false,"max_hp_per_floor":[99,99,99,99,99,99,99,99,99,99,99,99,99,99,99,99,99,99,104,104,104,104,104,114,114,114,114,114,114,114,114,116,116,116,116],"card_choices":[{"not_picked":["champ:Haymaker","champ:GutPunch"],"picked":"champ:ShieldWall","floor":2},{"not_picked":["champ:DefensiveShout","champ:FanOfKnives"],"picked":"champ:EnGarde","floor":3},{"not_picked":["champ:ShieldSlam","champ:PerfectedStrike"],"picked":"champ:Backstep","floor":6},{"not_picked":["champ:RisingSlash","champ:BladeFlurry"],"picked":"champ:EndlessRage","floor":11},{"not_picked":["champ:AdrenalArmor","champ:EndlessRage"],"picked":"champ:Duel","floor":14},{"not_picked":["champ:EndlessRage","champ:DeathBlow"],"picked":"champ:PreciseThrust","floor":15},{"not_picked":["champ:TripleStrike","champ:VampiricStrike"],"picked":"champ:UltimateStance","floor":16},{"not_picked":["champ:FlashCut","champ:StanceDance+1"],"picked":"champ:TornadoPunch","floor":20},{"not_picked":["champ:Duel+1","champ:FaceSlap"],"picked":"champ:Haymaker+1","floor":22},{"not_picked":["champ:RecklessLeap","champ:Backstep"],"picked":"champ:ShieldSlam","floor":23},{"not_picked":["champ:BringItOn","champ:Backstep"],"picked":"champ:VampiricStrike","floor":29},{"not_picked":["champ:HeartStrike+1","champ:AdrenalArmor"],"picked":"champ:StanceDance","floor":31},{"not_picked":["champ:PreemptiveStrike+1","champ:BerserkersShout","champ:FlashCut+1"],"picked":"Singing Bowl","floor":32}],"player_experience":1270356,"relics_obtained":[{"floor":6,"key":"Letter Opener"},{"floor":7,"key":"champ:FightingForDummies"},{"floor":21,"key":"Anchor"},{"floor":24,"key":"Pear"},{"floor":29,"key":"Singing Bowl"}],"event_choices":[{"cards_removed":["champ:Strike"],"damage_healed":0,"gold_gain":0,"player_choice":"Card Removal","damage_taken":0,"max_hp_gain":0,"max_hp_loss":0,"event_name":"The Cleric","floor":4,"gold_loss":0}],"is_beta":false,"boss_relics":[{"not_picked":["Snecko Eye","Coffee Dripper"],"picked":"Empty Cage"}],"items_purged_floors":[14,22],"is_endless":false,"potions_floor_spawned":[6,16,20,23,31],"killed_by":"DF_ARCHETYPE_CLAW","ascension_level":0}}