{"host":"z97ff20k375c5gvq","time":1612605794,"event":{"mods":["AchievementEnabler","BaseMod","Colored Map","DeckTracker","Keyboard Shortcuts","Minty Spire (QoL Compilation)","SuperFastMode"],"gold_per_floor":[113,132,132,142,142,165,165,184,184,184,224,224,248,281,281,401,401,415,433,449,462,487,527,550,568,615,649,649,668,668,681,681,802,802,827,846,229,189,202,222,245,245,245,257,287,68,88,109,109,109],"floor_reached":51,"language":"KOR","playtime":2968,"items_purged":["Strike_B"],"score":766,"play_id":"71e7d443-0ddb-4c6c-bc82-8d535596bccb","local_time":"20210206190314","is_ascension_mode":false,"campfire_choices":[{"floor":7.0,"key":"REST"},{"data":"Zap","floor":10.0,"key":"SMITH"},{"data":"Double Energy","floor":15.0,"key":"SMITH"},{"floor":28,"key":"REST"},{"floor":32,"key":"REST"},{"data":"Hello World","floor":42,"key":"SMITH"},{"data":"Force Field","floor":44,"key":"SMITH"},{"data":"Coolheaded","floor":49,"key":"SMITH"}],"circlet_count":0,"master_deck":["Strike_B","Strike_B","Strike_B+1","Defend_B","Defend_B+1","Defend_B","Defend_B","Zap+1","Dualcast","Buffer+1","Tempest+1","FTL","Cold Snap+1","Sunder+1","Ball Lightning","Double Energy+1","Genetic Algorithm","Capacitor","Creative AI","Stack","BootSequence+1","Undo","Turbo","Stack+1","Capacitor","Sweeping Beam+1","Leap+1","Sweeping Beam+1","Skim","Conserve Battery+1","Defragment+1","Reboot","Rebound","Chill","Capacitor","Force Field+1","Hello World+1","Cold Snap","Aggregate+1","Coolheaded+1","Loop","Echo Form","Leap+1"],"relics":["Cracked Core","Golden Idol","HornCleat","Dream Catcher","Ice Cream","Philosopher\u0027s Stone","Whetstone","Vajra","Red Mask","Centennial Puzzle","Nuclear Battery","ClockworkSouvenir","Happy Flower","MawBank","Lantern"],"acts_visited":["Exordium","TheCity","TheBeyond"],"potions_floor_usage":[27,29,33,33,40,50,50],"damage_taken":[{"damage":1.0,"enemies":"Jaw Worm","floor":1.0,"turns":3.0},{"damage":0.0,"enemies":"Small Slimes","floor":2.0,"turns":3.0},{"damage":5.0,"enemies":"2 Louse","floor":4.0,"turns":2.0},{"damage":34.0,"enemies":"Gremlin Gang","floor":6.0,"turns":4.0},{"damage":2.0,"enemies":"Blue Slaver","floor":8.0,"turns":4.0},{"damage":9.0,"enemies":"3 Sentries","floor":11.0,"turns":3.0},{"damage":0.0,"enemies":"Looter","floor":13.0,"turns":2.0},{"damage":0.0,"enemies":"Gremlin Nob","floor":14.0,"turns":2.0},{"damage":0.0,"enemies":"Hexaghost","floor":16.0,"turns":6.0},{"damage":1.0,"enemies":"3 Byrds","floor":18.0,"turns":3.0},{"damage":11.0,"enemies":"2 Thieves","floor":19.0,"turns":3.0},{"damage":0.0,"enemies":"Snecko","floor":20.0,"turns":5.0},{"damage":17.0,"enemies":"Chosen and Byrds","floor":21.0,"turns":6.0},{"damage":9.0,"enemies":"Cultist and Chosen","floor":22.0,"turns":6.0},{"damage":2.0,"enemies":"Slavers","floor":23.0,"turns":3.0},{"damage":0,"enemies":"Centurion and Healer","floor":24,"turns":23},{"damage":14,"enemies":"Chosen and Byrds","floor":25,"turns":6},{"damage":0,"enemies":"Masked Bandits","floor":27,"turns":5},{"damage":0,"enemies":"3 Cultists","floor":29,"turns":3},{"damage":16,"enemies":"Snake Plant","floor":31,"turns":5},{"damage":8,"enemies":"Collector","floor":33,"turns":10},{"damage":1,"enemies":"3 Shapes","floor":35,"turns":3},{"damage":0,"enemies":"3 Darklings","floor":36,"turns":4},{"damage":3,"enemies":"Sphere and 2 Shapes","floor":39,"turns":5},{"damage":0,"enemies":"Transient","floor":40,"turns":5},{"damage":3,"enemies":"4 Shapes","floor":41,"turns":3},{"damage":0,"enemies":"Maw","floor":45,"turns":6},{"damage":0,"enemies":"Jaw Worm Horde","floor":47,"turns":7},{"damage":0,"enemies":"Sphere and 2 Shapes","floor":48,"turns":3},{"damage":1,"enemies":"Awakened One","floor":50,"turns":14}],"seed_played":"1948727291685154337","potions_obtained":[{"floor":4.0,"key":"SteroidPotion"},{"floor":6.0,"key":"EntropicBrew"},{"floor":12.0,"key":"DistilledChaos"},{"floor":12.0,"key":"Ancient Potion"},{"floor":14.0,"key":"Explosive Potion"},{"floor":20.0,"key":"SkillPotion"},{"floor":21.0,"key":"LiquidBronze"},{"floor":22.0,"key":"Dexterity Potion"},{"floor":25,"key":"Swift Potion"},{"floor":27,"key":"GamblersBrew"},{"floor":29,"key":"EssenceOfSteel"},{"floor":36,"key":"SkillPotion"},{"floor":39,"key":"ColorlessPotion"},{"floor":45,"key":"FocusPotion"}],"is_trial":false,"path_per_floor":["M","M","?","M","?","M","R","M","T","R","E","?","M","E","R","B",null,"M","M","M","M","M","E","M","M","T","?","R","M","?","M","R","B",null,"M","M","$","?","M","M","M","R","T","R","M","$","M","M","R","B",null],"character_chosen":"DEFECT","items_purchased":["ClockworkSouvenir","Happy Flower","FairyPotion","Chill","Capacitor","Coolheaded","Loop","Lantern"],"campfire_rested":3,"item_purchase_floors":[37,37,37,37,37,46,46,46],"current_hp_per_floor":[74,74,59,54,54,20,40,38,38,38,29,29,29,29,29,29,69,68,57,57,40,31,29,29,15,15,15,35,35,35,19,39,31,69,68,68,68,68,65,65,62,62,62,62,62,62,62,62,62,61],"gold":109,"neow_bonus":"ONE_RANDOM_RARE_CARD","is_daily":false,"chose_seed":false,"campfire_upgraded":5,"win_rate":0.0,"timestamp":1612605794,"path_taken":["M","M","?","M","?","M","R","M","T","R","E","?","?","E","R","BOSS","M","M","M","M","M","E","M","M","T","?","R","M","?","M","R","BOSS","M","M","$","?","?","M","M","R","T","R","?","$","M","M","R","BOSS"],"items_purchased_type":["Relic","Relic","Potion","Card","Card","Card","Card","Relic"],"build_version":"2020-12-22","purchased_purges":1,"victory":true,"max_hp_per_floor":[75,75,75,75,69,69,69,69,69,69,69,69,69,69,69,69,69,69,69,69,69,69,69,69,69,69,69,69,69,69,69,69,69,69,69,69,69,69,69,69,69,69,69,69,69,69,69,69,69,69],"card_choices":[{"not_picked":["Hologram","Recycle"],"picked":"Tempest","floor":1.0},{"not_picked":["Doom and Gloom","Scrape"],"picked":"FTL","floor":2.0},{"not_picked":["Cold Snap","Capacitor","Ball Lightning"],"picked":"SKIP","floor":4.0},{"not_picked":["Capacitor","Ball Lightning"],"picked":"Cold Snap","floor":4.0},{"not_picked":["Stack","Reinforced Body"],"picked":"Sunder","floor":6.0},{"not_picked":["Chaos","Rebound"],"picked":"Ball Lightning","floor":8.0},{"not_picked":["Melter","Ball Lightning"],"picked":"Double Energy","floor":11.0},{"not_picked":["Hologram","Steam"],"picked":"Genetic Algorithm","floor":13.0},{"not_picked":["Redo","Steam Power"],"picked":"Capacitor","floor":14.0},{"not_picked":["Biased Cognition","Fission"],"picked":"Creative AI","floor":16.0},{"not_picked":["Barrage","Go for the Eyes"],"picked":"Stack","floor":18.0},{"not_picked":["Hello World","Conserve Battery+1"],"picked":"BootSequence+1","floor":19.0},{"not_picked":["Steam","Streamline"],"picked":"Undo","floor":20.0},{"not_picked":["Hologram+1","Barrage+1"],"picked":"Turbo","floor":21.0},{"not_picked":["Rebound","Ball Lightning"],"picked":"Stack+1","floor":22.0},{"not_picked":["Steam+1","Thunder Strike"],"picked":"Capacitor","floor":23.0},{"not_picked":["Darkness","Hologram"],"picked":"Sweeping Beam+1","floor":24},{"not_picked":["Darkness","Steam+1"],"picked":"Leap+1","floor":25},{"not_picked":["Gash","Leap"],"picked":"Sweeping Beam+1","floor":27},{"not_picked":["Melter","Gash+1"],"picked":"Skim","floor":28},{"not_picked":["Barrage","Rip and Tear"],"picked":"Conserve Battery+1","floor":29},{"not_picked":["Redo","Gash","Recycle"],"picked":"SKIP","floor":31},{"not_picked":["Barrage","Leap"],"picked":"Defragment+1","floor":32},{"not_picked":["All For One","Creative AI"],"picked":"Reboot","floor":33},{"not_picked":["Blizzard+1","Steam Power","Auto Shields"],"picked":"SKIP","floor":35},{"not_picked":["Steam+1","Gash+1"],"picked":"Rebound","floor":36},{"not_picked":["Rebound","Turbo"],"picked":"Force Field","floor":39},{"not_picked":["Conserve Battery+1","Ball Lightning+1"],"picked":"Hello World","floor":40},{"not_picked":["Rebound","Gash"],"picked":"Cold Snap","floor":41},{"not_picked":["Ball Lightning+1","Glacier"],"picked":"Aggregate+1","floor":45},{"not_picked":["Heatsinks","Recycle"],"picked":"Echo Form","floor":47},{"not_picked":["Steam","Storm"],"picked":"Leap+1","floor":48}],"player_experience":1014414,"relics_obtained":[{"floor":9.0,"key":"HornCleat"},{"floor":11.0,"key":"Dream Catcher"},{"floor":14.0,"key":"Ice Cream"},{"floor":23.0,"key":"Whetstone"},{"floor":26,"key":"Vajra"},{"floor":27,"key":"Red Mask"},{"floor":43,"key":"MawBank"}],"event_choices":[{"damage_healed":0.0,"max_hp_gain":0.0,"max_hp_loss":0.0,"gold_gain":0.0,"event_name":"Shining Light","player_choice":"Entered Light","floor":3.0,"gold_loss":0.0,"damage_taken":15.0,"cards_upgraded":["Strike_B","Tempest"]},{"damage_healed":0.0,"max_hp_gain":0.0,"max_hp_loss":6.0,"gold_gain":0.0,"event_name":"Golden Idol","player_choice":"Lose Max HP","floor":5.0,"gold_loss":0.0,"damage_taken":0.0,"relics_obtained":["Golden Idol"]},{"damage_healed":0.0,"max_hp_gain":0.0,"max_hp_loss":0.0,"gold_gain":0.0,"event_name":"Lab","player_choice":"Got Potions","floor":12.0,"gold_loss":0.0,"damage_taken":0.0},{"damage_healed":0,"gold_gain":0,"player_choice":"Fought Bandits","damage_taken":0,"max_hp_gain":0,"max_hp_loss":0,"event_name":"Masked Bandits","floor":27,"gold_loss":0},{"damage_healed":0,"gold_gain":0,"player_choice":"Opened","damage_taken":0,"relics_obtained":["Centennial Puzzle"],"max_hp_gain":0,"max_hp_loss":0,"event_name":"The Mausoleum","floor":30,"gold_loss":0},{"damage_healed":0,"gold_gain":0,"player_choice":"Upgraded Two","damage_taken":0,"max_hp_gain":0,"max_hp_loss":0,"event_name":"Designer","floor":38,"gold_loss":40,"cards_upgraded":["Buffer","Defend_B"]}],"is_beta":false,"boss_relics":[{"not_picked":["Ectoplasm","Runic Dome"],"picked":"Philosopher\u0027s Stone"},{"not_picked":["Astrolabe","Velvet Choker"],"picked":"Nuclear Battery"}],"items_purged_floors":[37],"is_endless":false,"potions_floor_spawned":[4,6,13,14,20,21,22,25,27,29,36,39,45],"ascension_level":0}}