{"host":"bx54wbx1b8s5cm4v","time":1612590002,"event":{"mods":["BaseMod","Beaked The Cultist","GifTheSpireLib","Hubris","Marisa????????","Minty Spire (QoL Compilation)","StSLib","The Blackbeard","The Bladedancer","The Cursed","The Disciple","The Druid","The Forsaken","The Necromancer","The Runesmith","The Servant 0.9.4","TheBandit"],"gold_per_floor":[116,129,141,141,156,156,167,192,216,216,216,227,253,265,265,367,367,381,391,391,62,73,73,107,124,150,78,78,78,90,165,165,262,262,282,282,302,302,312,342,342,342,342],"floor_reached":44,"language":"ENG","playtime":1522,"items_purged":["theForsaken:PlagueCurse"],"score":695,"play_id":"1a839d57-7f33-49f9-b147-1cb62ae7f602","local_time":"20210206024002","is_ascension_mode":false,"campfire_choices":[{"data":"Zap","floor":6,"key":"SMITH"},{"data":"Loop","floor":10,"key":"SMITH"},{"data":"hubris:PowerSurge","floor":15,"key":"SMITH"},{"data":"Redo","floor":23,"key":"SMITH"},{"floor":28,"key":"REST"},{"floor":32,"key":"REST"},{"floor":41,"key":"REST"}],"circlet_count":0,"master_deck":["Strike_B","Strike_B","Strike_B","Defend_B","Defend_B","Defend_B","Defend_B","Zap+1","Dualcast","hubris:Ukulele","Sweeping Beam","Steam","Hologram","Ball Lightning","Loop+1","Defragment+1","Go for the Eyes","hubris:PowerSurge+1","Electrodynamics","Redo+1","Leap","hubris:PowerSurge","Double Energy+1","Conserve Battery","Lockon","Stack","Self Repair","Scrape+1","Beam Cell+1"],"relics":["Cracked Core","Strawberry","Nunchaku","theForsaken:PlagueMask","Mercury Hourglass","Inserter","Pear","Happy Flower","hubris:SlimyHat","hubris:Icosahedron","beaked:MawFillet","Ginger"],"acts_visited":["Exordium","TheCity","TheBeyond"],"potions_floor_usage":[16,16,40,40,43],"damage_taken":[{"damage":2,"enemies":"2 Louse","floor":1,"turns":2},{"damage":1,"enemies":"Cultist","floor":2,"turns":3},{"damage":6,"enemies":"Jaw Worm","floor":3,"turns":2},{"damage":5,"enemies":"Looter","floor":5,"turns":3},{"damage":1,"enemies":"Exordium Wildlife","floor":7,"turns":3},{"damage":15,"enemies":"Lagavulin","floor":8,"turns":4},{"damage":12,"enemies":"2 Fungi Beasts","floor":12,"turns":3},{"damage":17,"enemies":"3 Sentries","floor":13,"turns":4},{"damage":10,"enemies":"Red Slaver","floor":14,"turns":2},{"damage":14,"enemies":"Hexaghost","floor":16,"turns":5},{"damage":2,"enemies":"Chosen","floor":18,"turns":2},{"damage":12,"enemies":"3 Byrds","floor":19,"turns":3},{"damage":26,"enemies":"Snake Plant","floor":22,"turns":3},{"damage":28,"enemies":"Slavers","floor":24,"turns":2},{"damage":0,"enemies":"Snecko","floor":25,"turns":2},{"damage":19,"enemies":"Centurion and Healer","floor":30,"turns":3},{"damage":17,"enemies":"Automaton","floor":33,"turns":6},{"damage":25,"enemies":"3 Darklings","floor":35,"turns":3},{"damage":4,"enemies":"Orb Walker","floor":37,"turns":2},{"damage":5,"enemies":"Jaw Worm Horde","floor":39,"turns":2},{"damage":29,"enemies":"Reptomancer","floor":40,"turns":3},{"damage":36,"enemies":"hubris:GrandSnecko","floor":43,"turns":6}],"seed_played":"5976215179677479080","potions_obtained":[{"floor":1,"key":"Energy Potion"},{"floor":2,"key":"ColorlessPotion"},{"floor":8,"key":"ColorlessPotion"},{"floor":16,"key":"GamblersBrew"},{"floor":24,"key":"Ancient Potion"},{"floor":25,"key":"PotionOfCapacity"}],"is_trial":false,"path_per_floor":["M","M","M","?","M","R","M","E","T","R","?","M","E","M","R","B",null,"M","M","?","$","M","R","E","M","T","$","R","?","M","?","R","B",null,"M","?","M","?","M","E","R","?","B",null],"character_chosen":"DEFECT","items_purchased":["Pear","Lockon"],"campfire_rested":3,"item_purchase_floors":[21,27],"current_hp_per_floor":[80,79,73,73,68,68,67,59,59,59,59,47,30,20,20,6,89,87,75,75,85,59,59,31,31,31,31,60,60,41,32,61,44,99,74,74,70,70,65,43,71,71,35],"gold":342,"neow_bonus":"TEN_PERCENT_HP_BONUS","is_daily":false,"chose_seed":false,"campfire_upgraded":4,"win_rate":0.0,"timestamp":1612590002,"path_taken":["M","M","M","?","M","R","?","E","T","R","?","M","E","M","R","BOSS","M","M","?","$","M","R","E","M","T","$","R","?","M","?","R","BOSS","M","?","?","?","M","E","R","?","BOSS"],"items_purchased_type":["Relic","Card"],"build_version":"2020-12-22","purchased_purges":1,"victory":true,"max_hp_per_floor":[82,82,82,82,82,82,82,89,89,89,89,89,89,89,89,89,89,89,89,89,99,99,99,99,99,99,99,99,99,99,99,99,99,99,99,99,99,94,94,94,94,94,94],"card_choices":[{"not_picked":["Beam Cell","Force Field"],"picked":"hubris:Ukulele","floor":1},{"not_picked":["Hologram","Go for the Eyes"],"picked":"Sweeping Beam","floor":2},{"not_picked":["Hologram","Cold Snap"],"picked":"Steam","floor":3},{"not_picked":["Cold Snap","Steam"],"picked":"Hologram","floor":5},{"not_picked":["Coolheaded","Steam"],"picked":"Ball Lightning","floor":7},{"not_picked":["Leap","Coolheaded"],"picked":"Loop","floor":8},{"not_picked":["Auto Shields","Darkness"],"picked":"Defragment","floor":12},{"not_picked":["Steam","Doom and Gloom"],"picked":"Go for the Eyes","floor":13},{"not_picked":["Steam","Chaos"],"picked":"hubris:PowerSurge","floor":14},{"not_picked":["Thunder Strike","Amplify"],"picked":"Electrodynamics","floor":16},{"not_picked":["Streamline","Compile Driver"],"picked":"Redo","floor":18},{"not_picked":["Gash+1","Compile Driver"],"picked":"Leap","floor":19},{"not_picked":["Aggregate","Sweeping Beam+1"],"picked":"hubris:PowerSurge","floor":22},{"not_picked":["Electrodynamics","hubris:PowerSurge"],"picked":"Double Energy+1","floor":24},{"not_picked":["Sweeping Beam","Steam Power"],"picked":"Conserve Battery","floor":25},{"not_picked":["Conserve Battery","Coolheaded"],"picked":"Stack","floor":30},{"not_picked":["Sweeping Beam","Doom and Gloom"],"picked":"Self Repair","floor":35},{"not_picked":["Coolheaded","Sweeping Beam+1","Streamline"],"picked":"SKIP","floor":37},{"not_picked":["Cold Snap+1","Steam"],"picked":"Scrape+1","floor":39},{"not_picked":["Cold Snap+1","Streamline"],"picked":"Beam Cell+1","floor":40}],"player_experience":20390,"relics_obtained":[{"floor":8,"key":"Strawberry"},{"floor":9,"key":"Nunchaku"},{"floor":13,"key":"Mercury Hourglass"},{"floor":24,"key":"Happy Flower"},{"floor":26,"key":"hubris:SlimyHat"},{"floor":40,"key":"Ginger"}],"event_choices":[{"cards_removed":["Strike_B"],"damage_healed":0,"gold_gain":0,"player_choice":"Offered Basic","damage_taken":0,"max_hp_gain":0,"max_hp_loss":0,"event_name":"Bonfire Elementals","floor":4,"gold_loss":0},{"damage_healed":0,"gold_gain":0,"player_choice":"Obtain Plague Curse","damage_taken":0,"max_hp_gain":0,"max_hp_loss":0,"event_name":"Plague Doctor","floor":11,"gold_loss":0,"cards_obtained":["theForsaken:PlagueCurse"]},{"damage_healed":0,"gold_gain":0,"player_choice":"Ignored","damage_taken":0,"max_hp_gain":0,"max_hp_loss":0,"event_name":"Ghosts","floor":20,"gold_loss":0},{"damage_healed":0,"gold_gain":75,"player_choice":"Touch","damage_taken":9,"max_hp_gain":0,"max_hp_loss":0,"event_name":"FaceTrader","floor":31,"gold_loss":0},{"damage_healed":0,"gold_gain":0,"player_choice":"Upgraded","damage_taken":0,"max_hp_gain":0,"max_hp_loss":0,"event_name":"Upgrade Shrine","floor":36,"gold_loss":0,"cards_upgraded":["Defragment"]},{"damage_healed":0,"gold_gain":0,"player_choice":"Max HP","damage_taken":0,"max_hp_gain":0,"max_hp_loss":5,"event_name":"Winding Halls","floor":38,"gold_loss":0},{"damage_healed":0,"gold_gain":0,"player_choice":"Took Portal","damage_taken":0,"max_hp_gain":0,"max_hp_loss":0,"event_name":"SecretPortal","floor":42,"gold_loss":0}],"is_beta":false,"boss_relics":[{"not_picked":["Nuclear Battery","Calling Bell"],"picked":"Inserter"},{"not_picked":["hubris:GrandSneckoEye","hubris:BlackHole"],"picked":"beaked:MawFillet"}],"items_purged_floors":[21],"is_endless":false,"potions_floor_spawned":[1,2,8,14,16,24,25,35],"ascension_level":0}}