{"host":"kh6fvhxn285ncg0o","time":1612578175,"event":{"mods":["Act Like it!","BaseMod","Colored Map","Friendly Minions","Keyboard Shortcuts","Minty Spire (QoL Compilation)","Quick Restart","Relic Stats","StSLib","SuperFastMode","UnlockEverythingMod"],"gold_per_floor":[117,135,154,170,170,200,220,246,246,260,288,288,306,306,306,383,383,401,417,16,36,51,85,85,102,102,131,150,150,178,198,198,270,270,285,285,301,318,331,359,359,389,389,389,389,406,437,437,437],"floor_reached":48,"language":"KOR","playtime":2000,"items_purged":["Hemokinesis+1"],"score":1441,"play_id":"18555401-2ad0-42c6-bb18-f843fe24236d","local_time":"20210206112255","is_ascension_mode":true,"campfire_choices":[{"data":"Armaments","floor":12.0,"key":"SMITH"},{"floor":15.0,"key":"REST"},{"data":"Juggernaut","floor":29.0,"key":"SMITH"},{"floor":32.0,"key":"REST"},{"floor":41.0,"key":"REST"}],"circlet_count":0,"master_deck":["AscendersBane","Bash","Clothesline","Sever Soul","Shrug It Off","Carnage","Armaments+1","Power Through","Carnage+1","Corruption","Uppercut+1","Dropkick+1","Limit Break","Second Wind","Bloodletting","Infernal Blade","Shrug It Off","Juggernaut+1","Entrench","Impervious","Feel No Pain","Fire Breathing","Shrug It Off","Burning Pact","Dual Wield","Feed+1","True Grit+1","Shrug It Off","Disarm","Bludgeon+1","Dark Shackles","Evolve+1"],"relics":["Snecko Eye","War Paint","Omamori","Molten Egg 2","Ornamental Fan","Pandora\u0027s Box","PreservedInsect","Self Forming Clay","Oddly Smooth Stone","Smiling Mask","Fusion Hammer","Bronze Scales","Frozen Egg 2","HornCleat"],"acts_visited":["Exordium","TheCity","TheBeyond"],"potions_floor_usage":[],"damage_taken":[{"damage":0.0,"enemies":"2 Louse","floor":1.0,"turns":2.0},{"damage":0.0,"enemies":"Cultist","floor":2.0,"turns":3.0},{"damage":0.0,"enemies":"Jaw Worm","floor":3.0,"turns":1.0},{"damage":4.0,"enemies":"Blue Slaver","floor":4.0,"turns":2.0},{"damage":8.0,"enemies":"Gremlin Nob","floor":6.0,"turns":3.0},{"damage":6.0,"enemies":"Lots of Slimes","floor":7.0,"turns":4.0},{"damage":19.0,"enemies":"Lagavulin","floor":8.0,"turns":7.0},{"damage":12.0,"enemies":"3 Louse","floor":10.0,"turns":3.0},{"damage":0.0,"enemies":"3 Sentries","floor":11.0,"turns":7.0},{"damage":0.0,"enemies":"Blue Slaver","floor":13.0,"turns":3.0},{"damage":4.0,"enemies":"Hexaghost","floor":16.0,"turns":6.0},{"damage":1.0,"enemies":"3 Byrds","floor":18.0,"turns":4.0},{"damage":0.0,"enemies":"Chosen","floor":19.0,"turns":2.0},{"damage":0.0,"enemies":"3 Cultists","floor":21.0,"turns":3.0},{"damage":14.0,"enemies":"Snecko","floor":22.0,"turns":3.0},{"damage":0.0,"enemies":"Book of Stabbing","floor":23.0,"turns":2.0},{"damage":2.0,"enemies":"Chosen and Byrds","floor":25.0,"turns":2.0},{"damage":3.0,"enemies":"Slavers","floor":27.0,"turns":3.0},{"damage":9.0,"enemies":"Shelled Parasite and Fungi","floor":28.0,"turns":3.0},{"damage":14.0,"enemies":"Gremlin Leader","floor":30.0,"turns":5.0},{"damage":2.0,"enemies":"Sentry and Sphere","floor":31.0,"turns":4.0},{"damage":29.0,"enemies":"Automaton","floor":33.0,"turns":10.0},{"damage":13.0,"enemies":"3 Darklings","floor":35.0,"turns":2.0},{"damage":23.0,"enemies":"3 Shapes","floor":37.0,"turns":10.0},{"damage":5.0,"enemies":"Writhing Mass","floor":38.0,"turns":7.0},{"damage":9.0,"enemies":"3 Darklings","floor":39.0,"turns":7.0},{"damage":0.0,"enemies":"Nemesis","floor":40.0,"turns":5.0},{"damage":2.0,"enemies":"Reptomancer","floor":42.0,"turns":4.0},{"damage":11.0,"enemies":"Jaw Worm Horde","floor":46.0,"turns":4.0},{"damage":0.0,"enemies":"Nemesis","floor":47.0,"turns":5.0},{"damage":0,"enemies":"Sphere and 2 Shapes","floor":48,"turns":1}],"seed_played":"1748613604860627957","potions_obtained":[{"floor":3.0,"key":"SteroidPotion"},{"floor":4.0,"key":"Block Potion"},{"floor":7.0,"key":"Ancient Potion"},{"floor":13.0,"key":"DistilledChaos"},{"floor":19.0,"key":"SneckoOil"},{"floor":21.0,"key":"Swift Potion"},{"floor":25.0,"key":"DuplicationPotion"},{"floor":33.0,"key":"HeartOfIron"},{"floor":35.0,"key":"Ancient Potion"},{"floor":38.0,"key":"Swift Potion"},{"floor":40.0,"key":"AttackPotion"},{"floor":47.0,"key":"EntropicBrew"}],"is_trial":false,"path_per_floor":["M","M","M","M","?","E","M","E","T","M","E","R","M","?","R","B",null,"M","M","$","M","M","E","?","M","T","E","M","R","E","M","R","B",null,"M","?","M","M","M","E","R","E","T","?","?","M","E","M"],"character_chosen":"IRONCLAD","items_purchased":["PreservedInsect","Juggernaut","Entrench"],"campfire_rested":3,"item_purchase_floors":[20,20,20],"current_hp_per_floor":[68,68,68,64,64,56,50,31,31,19,19,19,19,19,41,37,66,65,65,65,65,51,51,51,49,49,46,37,37,23,21,43,14,60,51,51,36,35,26,26,53,51,51,41,41,30,30,30,30],"gold":437,"neow_bonus":"BOSS_RELIC","is_daily":false,"chose_seed":false,"campfire_upgraded":2,"win_rate":0.0,"timestamp":1612578175,"path_taken":["M","M","M","M","?","E","M","E","T","M","E","R","M","?","R","BOSS","M","?","$","?","M","E","?","M","T","E","M","R","E","M","R","BOSS","M","?","?","?","M","E","R","E","T","?","?","M","E","M"],"items_purchased_type":["Relic","Card","Card"],"build_version":"2020-12-22","purchased_purges":1,"victory":false,"max_hp_per_floor":[75,75,75,75,75,75,75,75,75,75,75,75,75,75,75,75,75,75,75,75,75,75,75,75,75,75,75,75,75,75,75,75,75,75,79,79,87,91,91,91,91,91,91,91,91,91,91,91,91],"relic_stats":{"counters":[31,127],"Ornamental Fan":[116],"Self Forming Clay":[63],"Bronze Scales":[24],"Snecko Eye":[244,214,226,246],"Pandora\u0027s Box":["Hemokinesis","Thunderclap","Uppercut","Dropkick","Limit Break","Second Wind","Bloodletting","Heavy Blade","Infernal Blade"],"PreservedInsect":293,"War Paint":["Defend_R","Defend_R"],"Smiling Mask":0,"obtain_stats":[{"Self Forming Clay":23,"Oddly Smooth Stone":27,"PreservedInsect":20,"Omamori":8,"War Paint":6,"Frozen Egg 2":43,"Smiling Mask":30,"Burning Blood":0,"HornCleat":47,"Ornamental Fan":11,"Bronze Scales":42,"Snecko Eye":0,"Molten Egg 2":9,"Pandora\u0027s Box":17,"Fusion Hammer":34},{"Self Forming Clay":16,"Oddly Smooth Stone":18,"PreservedInsect":13,"Omamori":7,"War Paint":5,"Frozen Egg 2":28,"Smiling Mask":20,"Burning Blood":0,"HornCleat":30,"Ornamental Fan":9,"Bronze Scales":28,"Snecko Eye":0,"Molten Egg 2":7,"Pandora\u0027s Box":11,"Fusion Hammer":22},{"Self Forming Clay":55,"Oddly Smooth Stone":60,"PreservedInsect":47,"Omamori":22,"War Paint":11,"Frozen Egg 2":117,"Smiling Mask":68,"Burning Blood":0,"HornCleat":126,"Ornamental Fan":32,"Bronze Scales":117,"Snecko Eye":0,"Molten Egg 2":22,"Pandora\u0027s Box":41,"Fusion Hammer":82}]},"card_choices":[{"not_picked":["Iron Wave","Bloodletting"],"picked":"Clothesline","floor":1.0},{"not_picked":["Pommel Strike","Clash"],"picked":"Sever Soul","floor":2.0},{"not_picked":["Headbutt","Dark Embrace"],"picked":"Shrug It Off","floor":3.0},{"not_picked":["Anger","Iron Wave"],"picked":"Carnage","floor":4.0},{"not_picked":["Havoc","Blood for Blood","Offering"],"picked":"SKIP","floor":6.0},{"not_picked":["Combust","Clothesline"],"picked":"Armaments","floor":8.0},{"not_picked":["Anger+1","Clash+1","Iron Wave+1"],"picked":"SKIP","floor":10.0},{"not_picked":["Headbutt+1","Uppercut+1"],"picked":"Power Through","floor":11.0},{"not_picked":["Sword Boomerang+1","Ghostly Armor"],"picked":"Carnage+1","floor":13.0},{"not_picked":["Juggernaut","Demon Form"],"picked":"Corruption","floor":16.0},{"not_picked":["Heavy Blade+1","Warcry","Clothesline+1"],"picked":"SKIP","floor":18.0},{"not_picked":["Wild Strike+1","Warcry"],"picked":"Shrug It Off","floor":19.0},{"not_picked":["Armaments","True Grit","Reckless Charge+1"],"picked":"SKIP","floor":21.0},{"not_picked":["Searing Blow+1","Flex"],"picked":"Impervious","floor":22.0},{"not_picked":["Dropkick+1","Clothesline+1","Blood for Blood+1"],"picked":"SKIP","floor":23.0},{"not_picked":["Dropkick+1","Clothesline+1","Blood for Blood+1"],"picked":"SKIP","floor":23.0},{"not_picked":["Flex","Havoc"],"picked":"Fire Breathing","floor":25.0},{"not_picked":["Bloodletting","Infernal Blade"],"picked":"Shrug It Off","floor":27.0},{"not_picked":["Inflame","Clash+1"],"picked":"Burning Pact","floor":28.0},{"not_picked":["Spot Weakness","Armaments"],"picked":"Dual Wield","floor":30.0},{"not_picked":["Infernal Blade","Warcry","Cleave+1"],"picked":"SKIP","floor":31.0},{"not_picked":["Double Tap","Juggernaut"],"picked":"Feed+1","floor":33.0},{"not_picked":["Clash+1","Inflame"],"picked":"True Grit+1","floor":35.0},{"not_picked":["Cleave+1","Anger+1","Iron Wave+1"],"picked":"SKIP","floor":37.0},{"not_picked":["Combust+1","Twin Strike+1","Carnage+1"],"picked":"SKIP","floor":38.0},{"not_picked":["True Grit","Blood for Blood+1"],"picked":"Disarm","floor":39.0},{"not_picked":["Thunderclap+1","Perfected Strike+1"],"picked":"Bludgeon+1","floor":40.0},{"not_picked":["Havoc","Sword Boomerang+1","Rupture"],"picked":"SKIP","floor":42.0},{"not_picked":["Purity","Madness"],"picked":"Dark Shackles","floor":44.0},{"not_picked":["Armaments","Perfected Strike+1","Anger+1"],"picked":"SKIP","floor":46.0},{"not_picked":["Clash+1","Warcry"],"picked":"Evolve+1","floor":47.0}],"player_experience":1325913,"relics_obtained":[{"floor":6.0,"key":"War Paint"},{"floor":8.0,"key":"Omamori"},{"floor":9.0,"key":"Molten Egg 2"},{"floor":11.0,"key":"Ornamental Fan"},{"floor":23.0,"key":"Self Forming Clay"},{"floor":27.0,"key":"Oddly Smooth Stone"},{"floor":30.0,"key":"Smiling Mask"},{"floor":42.0,"key":"Bronze Scales"},{"floor":43.0,"key":"Frozen Egg 2"},{"floor":47.0,"key":"HornCleat"}],"event_choices":[{"damage_healed":0.0,"max_hp_gain":0.0,"max_hp_loss":0.0,"gold_gain":0.0,"event_name":"Liars Game","player_choice":"Ignored","floor":5.0,"gold_loss":0.0,"damage_taken":0.0},{"damage_healed":0.0,"max_hp_gain":0.0,"max_hp_loss":0.0,"gold_gain":0.0,"event_name":"Match and Keep!","player_choice":"0 cards matched","floor":14.0,"gold_loss":0.0,"damage_taken":0.0,"cards_obtained":[]},{"damage_healed":0.0,"max_hp_gain":0.0,"max_hp_loss":0.0,"gold_gain":0.0,"event_name":"The Library","player_choice":"Read","floor":24.0,"gold_loss":0.0,"damage_taken":0.0,"cards_obtained":["Feel No Pain"]},{"damage_healed":0.0,"max_hp_gain":0.0,"max_hp_loss":0.0,"gold_gain":0.0,"cards_transformed":["Heavy Blade"],"event_name":"Transmorgrifier","player_choice":"Transformed","floor":36.0,"gold_loss":0.0,"damage_taken":0.0,"cards_obtained":["Shrug It Off"]},{"damage_healed":0.0,"max_hp_gain":0.0,"max_hp_loss":0.0,"gold_gain":0.0,"event_name":"SensoryStone","player_choice":"Memory 3","floor":44.0,"gold_loss":0.0,"damage_taken":10.0},{"cards_removed":["Thunderclap"],"damage_healed":0.0,"max_hp_gain":0.0,"max_hp_loss":0.0,"gold_gain":0.0,"event_name":"Falling","player_choice":"Removed Attack","floor":45.0,"gold_loss":0.0,"damage_taken":0.0}],"is_beta":false,"boss_relics":[{"not_picked":["Busted Crown","Mark of Pain"],"picked":"Pandora\u0027s Box"},{"not_picked":["Calling Bell","Empty Cage"],"picked":"Fusion Hammer"}],"items_purged_floors":[20],"is_endless":false,"potions_floor_spawned":[3,4,7,13,19,21,25,27,33,35,38,40,47],"killed_by":"Sphere and 2 Shapes","ascension_level":20}}