{"host":"y76clbnovzmw9ubx","time":1612575175,"event":{"mods":["AchievementEnabler","BaseMod","Minty Spire (QoL Compilation)","Permanent Neow","Relic Stats"],"gold_per_floor":[114,128,128,128,147,178,178,228,255,290,309,329,38,63,63,136,136,156,168,186,186,204,204,233,301,301,301,313,347,447,6,6,79,79,89,154,229,246,266,301,351,351,351],"floor_reached":42,"language":"ENG","playtime":3664,"items_purged":["Strike_G","Clumsy"],"score":1130,"play_id":"6e49ce7c-bb4f-41eb-8f8e-77b1c28e8602","local_time":"20210205203255","is_ascension_mode":true,"campfire_choices":[{"floor":7,"key":"REST"},{"floor":15,"key":"REST"},{"floor":23,"key":"REST"},{"floor":27,"key":"REST"},{"floor":32,"key":"RECALL"}],"circlet_count":0,"master_deck":["AscendersBane","Strike_G","Strike_G","Strike_G","Defend_G","Defend_G","Defend_G+1","Defend_G","Defend_G","Survivor","Neutralize","Apotheosis+1","Caltrops","Slice","Dodge and Roll","PiercingWail+1","Cloak And Dagger+1","Noxious Fumes","Catalyst","Blur","Burst","Backflip","Well Laid Plans","Catalyst+1","Calculated Gamble","Catalyst","Skewer","PiercingWail","Night Terror","Blur+1","Acrobatics"],"relics":["Ring of the Snake","Dream Catcher","Lantern","Akabeko","Bag of Preparation","War Paint","Cursed Key","SsserpentHead","Bag of Marbles","Meat on the Bone","Eternal Feather","Chemical X","Toy Ornithopter","Busted Crown","TungstenRod","Anchor"],"acts_visited":["Exordium","TheCity","TheBeyond"],"potions_floor_usage":[6,24,33,40,42,42],"damage_taken":[{"damage":0,"enemies":"Small Slimes","floor":1,"turns":5},{"damage":1,"enemies":"2 Louse","floor":2,"turns":4},{"damage":0,"enemies":"Cultist","floor":5,"turns":4},{"damage":9,"enemies":"Gremlin Nob","floor":6,"turns":4},{"damage":31,"enemies":"3 Sentries","floor":10,"turns":11},{"damage":0,"enemies":"2 Fungi Beasts","floor":11,"turns":3},{"damage":0,"enemies":"Lots of Slimes","floor":12,"turns":3},{"damage":13,"enemies":"Gremlin Nob","floor":14,"turns":4},{"damage":0,"enemies":"Hexaghost","floor":16,"turns":9},{"damage":0,"enemies":"3 Byrds","floor":18,"turns":3},{"damage":2,"enemies":"Shell Parasite","floor":19,"turns":5},{"damage":6,"enemies":"Chosen and Byrds","floor":20,"turns":6},{"damage":0,"enemies":"Shelled Parasite and Fungi","floor":22,"turns":6},{"damage":36,"enemies":"Gremlin Leader","floor":24,"turns":4},{"damage":7,"enemies":"Sentry and Sphere","floor":25,"turns":5},{"damage":0,"enemies":"Snake Plant","floor":28,"turns":5},{"damage":17,"enemies":"Book of Stabbing","floor":29,"turns":6},{"damage":30,"enemies":"Collector","floor":33,"turns":7},{"damage":5,"enemies":"3 Darklings","floor":35,"turns":7},{"damage":0,"enemies":"Orb Walker","floor":36,"turns":1},{"damage":0,"enemies":"Mind Bloom Boss Battle","floor":37,"turns":5},{"damage":2,"enemies":"3 Darklings","floor":38,"turns":5},{"damage":15,"enemies":"Spire Growth","floor":39,"turns":5},{"damage":17,"enemies":"Giant Head","floor":40,"turns":6},{"damage":53,"enemies":"Reptomancer","floor":42,"turns":2}],"seed_played":"-9192463690118915656","potions_obtained":[{"floor":2,"key":"LiquidBronze"},{"floor":5,"key":"Swift Potion"},{"floor":16,"key":"Strength Potion"},{"floor":24,"key":"AttackPotion"},{"floor":28,"key":"GhostInAJar"},{"floor":36,"key":"Dexterity Potion"},{"floor":40,"key":"DuplicationPotion"}],"is_trial":false,"path_per_floor":["M","M","?","?","M","E","R","?","T","E","M","M","$","E","R","B",null,"M","M","M","?","M","R","E","M","T","R","M","E","?","$","R","B",null,"M","M","?","M","M","E","?","E"],"character_chosen":"THE_SILENT","items_purchased":["Bag of Preparation","Noxious Fumes","Chemical X","Toy Ornithopter"],"campfire_rested":4,"item_purchase_floors":[13,13,31,31],"current_hp_per_floor":[44,43,65,45,45,36,55,55,55,24,24,24,24,11,30,30,57,57,55,49,49,49,66,30,23,23,42,42,37,37,37,52,39,59,54,54,54,52,37,37,37,0,0],"gold":351,"neow_bonus":"RANDOM_COLORLESS_2","is_daily":false,"chose_seed":false,"campfire_upgraded":0,"win_rate":0.0,"timestamp":1612575175,"path_taken":["M","M","?","?","M","E","R","?","T","E","M","?","$","E","R","BOSS","M","M","M","?","M","R","E","?","T","R","M","E","?","$","R","BOSS","M","?","?","M","M","E","?","E"],"items_purchased_type":["Relic","Card","Relic","Relic"],"build_version":"2020-12-22","purchased_purges":2,"victory":false,"max_hp_per_floor":[66,66,66,66,66,66,66,66,66,66,66,66,66,66,66,66,66,66,66,66,66,66,66,66,66,66,66,66,66,66,66,66,66,66,66,66,66,66,66,66,66,66,66],"relic_stats":{"counters":[25,125],"Eternal Feather":15,"Bag of Preparation":[36],"War Paint":["Cloak And Dagger","PiercingWail"],"Cursed Key":1,"SsserpentHead":250,"Dream Catcher":4,"Busted Crown":12,"Chemical X":[9],"obtain_stats":[{"Lantern":9,"Eternal Feather":29,"Bag of Preparation":13,"War Paint":14,"Cursed Key":17,"Akabeko":10,"SsserpentHead":21,"Dream Catcher":6,"Anchor":40,"Busted Crown":34,"Bag of Marbles":24,"Chemical X":31,"Toy Ornithopter":31,"TungstenRod":37,"Ring of the Snake":0,"Meat on the Bone":26},{"Lantern":4,"Eternal Feather":17,"Bag of Preparation":7,"War Paint":8,"Cursed Key":9,"Akabeko":5,"SsserpentHead":12,"Dream Catcher":4,"Anchor":24,"Busted Crown":18,"Bag of Marbles":14,"Chemical X":17,"Toy Ornithopter":17,"TungstenRod":21,"Ring of the Snake":0,"Meat on the Bone":15},{"Lantern":17,"Eternal Feather":87,"Bag of Preparation":34,"War Paint":38,"Cursed Key":47,"Akabeko":28,"SsserpentHead":61,"Dream Catcher":17,"Anchor":123,"Busted Crown":94,"Bag of Marbles":71,"Chemical X":87,"Toy Ornithopter":87,"TungstenRod":107,"Ring of the Snake":0,"Meat on the Bone":76}],"Toy Ornithopter":20,"TungstenRod":8,"Ring of the Snake":[50],"Meat on the Bone":36},"card_choices":[{"not_picked":["Magnetism","Metamorphosis"],"picked":"Apotheosis","floor":0},{"not_picked":["Expertise","PiercingWail"],"picked":"Caltrops","floor":1},{"not_picked":["Blade Dance","Deadly Poison"],"picked":"Slice","floor":2},{"not_picked":["Dodge and Roll","Prepared","Bane"],"picked":"SKIP","floor":5},{"not_picked":["A Thousand Cuts","Setup"],"picked":"Dodge and Roll","floor":6},{"not_picked":["Dagger Throw","Escape Plan"],"picked":"PiercingWail","floor":7},{"not_picked":["Dagger Throw","Poisoned Stab"],"picked":"Cloak And Dagger","floor":10},{"not_picked":["Sucker Punch","Slice","Endless Agony"],"picked":"SKIP","floor":11},{"not_picked":["PiercingWail","Accuracy","Poisoned Stab"],"picked":"SKIP","floor":12},{"not_picked":["Escape Plan","Storm of Steel"],"picked":"Catalyst","floor":14},{"not_picked":["Backflip","Masterful Stab"],"picked":"Blur","floor":15},{"not_picked":["Venomology","Bullet Time"],"picked":"Burst","floor":16},{"not_picked":["Underhanded Strike","Deadly Poison+1","Slice"],"picked":"SKIP","floor":18},{"not_picked":["PiercingWail","Poisoned Stab"],"picked":"Backflip","floor":19},{"not_picked":["Prepared","Eviscerate"],"picked":"Well Laid Plans","floor":20},{"not_picked":["Adrenaline","Deflect"],"picked":"Catalyst+1","floor":22},{"not_picked":["Blade Dance","Slice"],"picked":"Calculated Gamble","floor":24},{"not_picked":["Leg Sweep","Cloak And Dagger"],"picked":"Catalyst","floor":25},{"not_picked":["Tactician","Terror"],"picked":"Skewer","floor":27},{"not_picked":["Dagger Throw","Deadly Poison"],"picked":"PiercingWail","floor":28},{"not_picked":["Bane+1","Calculated Gamble","Infinite Blades"],"picked":"SKIP","floor":29},{"not_picked":["Grand Finale","Envenom"],"picked":"Night Terror","floor":33},{"not_picked":[],"picked":"Blur+1","floor":35},{"not_picked":["Outmaneuver"],"picked":"SKIP","floor":36},{"not_picked":[],"picked":"Acrobatics","floor":37},{"not_picked":["Dagger Throw+1"],"picked":"SKIP","floor":38},{"not_picked":["Slice+1"],"picked":"SKIP","floor":39},{"not_picked":["Blur"],"picked":"SKIP","floor":40}],"player_experience":3189671,"relics_obtained":[{"floor":6,"key":"Dream Catcher"},{"floor":9,"key":"Lantern"},{"floor":10,"key":"Akabeko"},{"floor":14,"key":"War Paint"},{"floor":24,"key":"Bag of Marbles"},{"floor":26,"key":"Meat on the Bone"},{"floor":29,"key":"Eternal Feather"},{"floor":37,"key":"TungstenRod"},{"floor":40,"key":"Anchor"}],"event_choices":[{"damage_healed":22,"gold_gain":0,"player_choice":"Banana","damage_taken":0,"max_hp_gain":0,"max_hp_loss":0,"event_name":"Big Fish","floor":3,"gold_loss":0},{"damage_healed":0,"gold_gain":0,"player_choice":"Entered Light","damage_taken":20,"max_hp_gain":0,"max_hp_loss":0,"event_name":"Shining Light","floor":4,"gold_loss":0,"cards_upgraded":["Defend_G","Apotheosis"]},{"damage_healed":0,"gold_gain":50,"player_choice":"Pray","damage_taken":0,"max_hp_gain":0,"max_hp_loss":0,"event_name":"Golden Shrine","floor":8,"gold_loss":0},{"damage_healed":0,"gold_gain":0,"player_choice":"Trade","damage_taken":0,"relics_obtained":["SsserpentHead"],"max_hp_gain":0,"max_hp_loss":0,"event_name":"FaceTrader","floor":21,"gold_loss":0},{"damage_healed":0,"gold_gain":50,"player_choice":"Pray","damage_taken":0,"max_hp_gain":0,"max_hp_loss":0,"event_name":"Golden Shrine","floor":30,"gold_loss":0},{"damage_healed":0,"gold_gain":0,"player_choice":"Fight","damage_taken":0,"max_hp_gain":0,"max_hp_loss":0,"event_name":"MindBloom","floor":37,"gold_loss":0},{"cards_removed":["Strike_G"],"damage_healed":0,"gold_gain":0,"player_choice":"Removed Attack","damage_taken":0,"max_hp_gain":0,"max_hp_loss":0,"event_name":"Falling","floor":41,"gold_loss":0}],"is_beta":false,"boss_relics":[{"not_picked":["SlaversCollar","Runic Pyramid"],"picked":"Cursed Key"},{"not_picked":["Tiny House","Calling Bell"],"picked":"Busted Crown"}],"items_purged_floors":[13,31],"is_endless":false,"potions_floor_spawned":[2,5,16,24,28,36,37,39,40],"killed_by":"Reptomancer","ascension_level":20}}