{"host":"ucgrft0m53zzt06v","time":1612597644,"event":{"mods":["BaseMod","Colored Map","Colored Powertips","Conspire","HololiveMod","KinomotoSakuraMod(木之本樱)","Lobotomy","Minty Spire (QoL Compilation)","Quick Restart","Replay The Spire","Shop Mod","Spicy Shops","StSLib","Td1madao Mod","The Senshi","Waifu the Spire","WarShipGirlsR/战舰少女R mod","【遗物卡牌】REMEMod"],"gold_per_floor":[113,40,53,53,53,53,68,68,94,9,44,74,74,116,116,228,228,278,318,39,39,39,78,78,123,123,173,255,361,433,483,526,51,51,183,183,211,263,293,13,51,130,172,172,197,258,258,19,57,99,99,117],"floor_reached":53,"language":"ZHS","playtime":3542,"items_purged":["conspire:Blindness","rmod:strick","rmod:strick","rmod:defend","rmod:defend"],"score":1350,"play_id":"9f8ed26a-b8fc-4528-914c-927dd3d22b31","local_time":"20210206154724","is_ascension_mode":true,"campfire_choices":[{"data":"rmod:supportaircraftcarrier","floor":6.0,"key":"SMITH"},{"data":"rmod:basicallowance","floor":8.0,"key":"SMITH"},{"data":"rmod:chargemoney","floor":13.0,"key":"SMITH"},{"data":"rmod:fuelsupply","floor":15.0,"key":"SMITH"},{"data":"rmod:ridicule","floor":26.0,"key":"SMITH"},{"floor":34.0,"key":"DIG"},{"floor":44.0,"key":"DIG"},{"floor":47.0,"key":"DIG"},{"floor":51,"key":"DIG"}],"circlet_count":0,"master_deck":["rmod:strick+1","rmod:strick+1","rmod:defend+1","rmod:defend","rmod:basicallowance+1","rmod:maingunfire","Feed+1","rmod:openingtorpedo","rmod:supportaircraftcarrier+1","rmod:fuelsupply+1","rmod:chargemoney+1","rmod:ridicule+1","rmod:supriseattacks","rmod:seals+1","rmod:maintain","rmod:selfconfidence+1","rmod:acesubmarine+1","rmod:steelsupply+1","rmod:expedition","Discovery+1","rmod:diaomin+1","rmod:aviationdawn+1","rmod:intelligenceanalysis+1","rmod:expedition+1"],"relics":["rmod:firstchargereward","REME_ComplimentaryCards","ReplayTheSpireMod:CursedCoin","MerchantsRug","ReplayTheSpireMod:Ring of Collecting","Ring of Peace","Membership Card","Mercury Hourglass","Replay:Bandana","Counterbalance","Philosopher\u0027s Stone","ReplayTheSpireMod:TigerMarble","ClockworkSouvenir","Replay:Bottled Steam","ReplayTheSpireMod:Ring of Challenge","Kunai","Anchor","Shovel","conspire:TreasureMap","Toxic Egg 2","Strange Spoon","conspire:Boomerang","SlaversCollar","Busted Crown","White Beast Statue","Lantern","Guide Book","theSenshi:SuperSailorFukuRelic","REME_PuzzleBoxRelic","Replay:Wax Seal","Happy Flower","Molten Egg 2","TungstenRod","Blue Doll","Orrery","TheAbacus","Pocketwatch"],"acts_visited":["Exordium","TheCity","TheBeyond"],"potions_floor_usage":[50,52],"damage_taken":[{"damage":0.0,"enemies":"Small Slimes","floor":1.0,"turns":2.0},{"damage":0.0,"enemies":"2 Louse","floor":3.0,"turns":2.0},{"damage":0.0,"enemies":"Jaw Worm","floor":7.0,"turns":5.0},{"damage":11.0,"enemies":"Gremlin Nob","floor":11.0,"turns":4.0},{"damage":0.0,"enemies":"Lagavulin","floor":14.0,"turns":6.0},{"damage":0.0,"enemies":"Fading Forest","floor":16.0,"turns":13.0},{"damage":5.0,"enemies":"3 Byrds","floor":18.0,"turns":4.0},{"damage":7.0,"enemies":"Chosen","floor":19.0,"turns":4.0},{"damage":0.0,"enemies":"3 Cultists","floor":23.0,"turns":4.0},{"damage":0.0,"enemies":"REME_1_Revenger","floor":25.0,"turns":4.0},{"damage":0.0,"enemies":"Snake Plant","floor":27.0,"turns":4.0},{"damage":2.0,"enemies":"conspire:Head Lice","floor":29.0,"turns":3.0},{"damage":23.0,"enemies":"Snecko","floor":30.0,"turns":11.0},{"damage":0.0,"enemies":"Slavers","floor":31.0,"turns":1.0},{"damage":10.0,"enemies":"conspire:HollyBat","floor":32.0,"turns":7.0},{"damage":48.0,"enemies":"Pondfish","floor":35.0,"turns":5.0},{"damage":0.0,"enemies":"3 Shapes","floor":37.0,"turns":1.0},{"damage":0.0,"enemies":"Orb Walker","floor":39.0,"turns":1.0},{"damage":0.0,"enemies":"Transient","floor":41.0,"turns":7.0},{"damage":19.0,"enemies":"Reptomancer","floor":42.0,"turns":5.0},{"damage":0.0,"enemies":"3 Darklings","floor":43.0,"turns":2.0},{"damage":0.0,"enemies":"Nemesis","floor":46.0,"turns":5.0},{"damage":0,"enemies":"Writhing Mass","floor":49,"turns":3},{"damage":0,"enemies":"Spire Growth","floor":50,"turns":2},{"damage":0,"enemies":"Time Eater","floor":52,"turns":5}],"seed_played":"-1922427887491348061","potions_obtained":[{"floor":1.0,"key":"FairyPotion"},{"floor":7.0,"key":"LiquidMemories"},{"floor":16.0,"key":"Dexterity Potion"},{"floor":18.0,"key":"DuplicationPotion"},{"floor":29.0,"key":"SpeedPotion"},{"floor":30.0,"key":"BlessingOfTheForge"},{"floor":31.0,"key":"Strength Potion"},{"floor":35.0,"key":"LiquidBronze"},{"floor":37.0,"key":"SkillPotion"},{"floor":38.0,"key":"Flashbang"},{"floor":41.0,"key":"Energy Potion"},{"floor":43.0,"key":"Adrenaline Potion"},{"floor":50,"key":"Fruit Juice"}],"is_trial":false,"path_per_floor":["M","$","M","?","?","R","M","R","T","$","E","?","R","E","R","B",null,"M","M","$","PTL","PTL","M","?","E","R","M","T","E","M","E","M","$","R_BF","B",null,"M","?","M","$","M","E","M","R","T","E","R","$","M","M","R","B",null],"character_chosen":"PRAEFECT","items_purchased":["ReplayTheSpireMod:CursedCoin","MerchantsRug","Membership Card","rmod:fuelsupply","ReplayTheSpireMod:TigerMarble","Lee\u0027s Waffle","ClockworkSouvenir","conspire:TreasureMap","Pear","Toxic Egg 2","rmod:steelsupply+1","Strange Spoon","Lantern","rmod:expedition","Guide Book","theSenshi:SuperSailorFukuRelic","Discovery+1","Blue Doll","rmod:intelligenceanalysis+1","Orrery","TheAbacus"],"campfire_rested":0,"item_purchase_floors":[2,2,10,10,20,20,20,33,33,33,33,33,40,40,40,40,40,48,48,48,48],"current_hp_per_floor":[79,79,83,83,66,66,70,70,70,70,63,63,63,63,63,71,86,85,78,102,102,102,110,110,114,114,114,114,112,93,93,87,97,97,49,111,115,115,119,119,119,100,104,104,104,109,109,109,109,114,114,114],"gold":117,"neow_bonus":"UPGRADE_CARD","is_daily":false,"chose_seed":false,"campfire_upgraded":5,"win_rate":0.0,"timestamp":1612597644,"path_taken":["M","$","M","?","?","R","?","R","T","$","E","?","R","E","R","BOSS","M","M","$","PTL","PTL","M","?","E","R","M","T","E","M","E","M","$","R_BF","BOSS","M","?","M","$","?","E","M","R","T","E","R","$","M","M","R","BOSS"],"items_purchased_type":["Relic","Relic","Relic","Card","Relic","Relic","Relic","Relic","Relic","Relic","Card","Relic","Card","Card","Relic","Relic","Card","Relic","Card","Relic","Relic"],"build_version":"2020-12-22","purchased_purges":5,"victory":true,"max_hp_per_floor":[79,79,83,83,83,83,87,87,87,87,91,91,91,91,91,91,91,95,95,102,102,102,110,110,114,114,114,114,114,118,118,122,132,132,132,132,136,136,140,140,140,140,144,144,144,144,144,144,144,149,149,149],"card_choices":[{"not_picked":["rmod:tearstotiara","rmod:fuelsupply"],"picked":"rmod:openingtorpedo","floor":1.0},{"not_picked":["rmod:aviationdawn","rmod:victimresponsibility"],"picked":"rmod:supportaircraftcarrier","floor":3.0},{"not_picked":["rmod:salvage","rmod:luckystar","rmod:spoils"],"picked":"SKIP","floor":7.0},{"not_picked":["rmod:fuelsupply","rmod:rockthrower"],"picked":"rmod:chargemoney","floor":11.0},{"not_picked":["rmod:wife","rmod:victimresponsibility"],"picked":"rmod:ridicule","floor":14.0},{"not_picked":["rmod:ridicule","rmod:stealaluminum"],"picked":"rmod:supriseattacks","floor":16.0},{"not_picked":["rmod:tearstotiara","rmod:supportaircraftcarrier+1","rmod:victimresponsibility"],"picked":"SKIP","floor":18.0},{"not_picked":["rmod:fuelsupply","rmod:fletcherpendant","rmod:supportescort"],"picked":"SKIP","floor":19.0},{"not_picked":["rmod:concentratefire","rmod:smokecover"],"picked":"rmod:seals","floor":23.0},{"not_picked":["rmod:firesupport","rmod:luckystar"],"picked":"rmod:maintain","floor":25.0},{"not_picked":["rmod:fletcherpendant","rmod:wife+1"],"picked":"rmod:selfconfidence+1","floor":27.0},{"not_picked":["rmod:aluminumsupply","rmod:luckystar","rmod:fuelsupply"],"picked":"SKIP","floor":29.0},{"not_picked":["rmod:openingtorpedo","rmod:ring","rmod:goodfighter"],"picked":"SKIP","floor":30.0},{"not_picked":["rmod:ammunitionsupply","rmod:unsinkable+1"],"picked":"rmod:acesubmarine","floor":31.0},{"not_picked":["rmod:fletcherpendant","rmod:diamondstrike","rmod:highspeedshooting"],"picked":"SKIP","floor":32.0},{"not_picked":["rmod:highspeedshooting"],"picked":"SKIP","floor":37.0},{"not_picked":["rmod:aluminumsupply+1"],"picked":"SKIP","floor":39.0},{"not_picked":["rmod:goodsister"],"picked":"SKIP","floor":41.0},{"not_picked":[],"picked":"rmod:diaomin+1","floor":42.0},{"not_picked":["rmod:fletcherpendant+1"],"picked":"SKIP","floor":43.0},{"not_picked":[],"picked":"rmod:aviationdawn+1","floor":46.0},{"not_picked":[],"picked":"rmod:expedition+1","floor":48},{"not_picked":["rmod:aluminumsupply+1"],"picked":"SKIP","floor":49},{"not_picked":["rmod:generalist+1"],"picked":"SKIP","floor":50}],"player_experience":202783,"relics_obtained":[{"floor":4.0,"key":"ReplayTheSpireMod:Ring of Collecting"},{"floor":4.0,"key":"Ring of Peace"},{"floor":9.0,"key":"Simple Rune"},{"floor":11.0,"key":"Mercury Hourglass"},{"floor":14.0,"key":"Counterbalance"},{"floor":25.0,"key":"Replay:Bottled Steam"},{"floor":28.0,"key":"ReplayTheSpireMod:Ring of Challenge"},{"floor":28.0,"key":"Kunai"},{"floor":29.0,"key":"Anchor"},{"floor":31.0,"key":"Shovel"},{"floor":34.0,"key":"conspire:Boomerang"},{"floor":38.0,"key":"White Beast Statue"},{"floor":42.0,"key":"REME_PuzzleBoxRelic"},{"floor":44.0,"key":"Replay:Wax Seal"},{"floor":45.0,"key":"Happy Flower"},{"floor":46.0,"key":"Molten Egg 2"},{"floor":47.0,"key":"TungstenRod"},{"floor":51,"key":"Pocketwatch"}],"event_choices":[{"damage_healed":0.0,"max_hp_gain":0.0,"max_hp_loss":0.0,"gold_gain":0.0,"event_name":"Shining Light","player_choice":"Entered Light","floor":5.0,"gold_loss":0.0,"damage_taken":17.0,"cards_upgraded":["rmod:defend","rmod:strick"]},{"damage_healed":0.0,"max_hp_gain":0.0,"max_hp_loss":0.0,"gold_gain":30.0,"event_name":"Dead Adventurer","player_choice":"Searched \u00273\u0027 times","floor":12.0,"gold_loss":0.0,"damage_taken":0.0,"relics_obtained":["Replay:Bandana"]}],"is_beta":false,"boss_relics":[{"not_picked":["Hololive_ChaosS","Tiny House"],"picked":"Philosopher\u0027s Stone"},{"not_picked":["ReplayTheSpireMod:DimensionalGlitch","Astrolabe"],"picked":"Replay:Grab Bag"},{"not_picked":["Runic Dome","Sozu"],"picked":"SlaversCollar"},{"not_picked":["Fusion Hammer","ChewingGum"],"picked":"Busted Crown"},{"not_picked":["Runic Pyramid","Kintsugi"],"picked":"Ring of Chaos"}],"items_purged_floors":[2,20,33,40,40],"is_endless":false,"potions_floor_spawned":[1,7,16,18,29,30,31,35,37,39,41,42,43,46,49,50],"ascension_level":5}}