{"host":"z9x5nldzhmx4jdfi","time":1612646493,"event":{"mods":["2.2 Compatiblity","BaseMod","Better Altar","Better Match","Better Note","Better Sensory Stone","Better Skull","Better Third Choice","BetterRewards","Block Reminder","Card Filter","Colored Powertips","Infinite Spire","Minty Spire (QoL Compilation)","Relic Filter","StSLib","Td1madao Mod","The Animator","The Servant 0.9.4","Wandering Minibosses"],"gold_per_floor":[118,128,128,145,168,168,203,203,203,203,64,90,40,40,40,40,40],"floor_reached":16,"language":"ENG","playtime":789,"items_purged":[],"score":162,"play_id":"5b85e7f0-d498-45b0-bfda-e3db76014a64","local_time":"20210206152133","is_ascension_mode":true,"campfire_choices":[{"data":"animator:EmiyaShirou","floor":6.0,"key":"SMITH"},{"floor":8.0,"key":"REST"},{"data":"animator:RinTohsaka","floor":10.0,"key":"SMITH"},{"data":"animator:NarberalGamma","floor":15,"key":"SMITH"}],"circlet_count":0,"master_deck":["AscendersBane","animator:Strike_Fate","animator:Defend_Fate","animator:Strike","animator:Strike","animator:Defend","animator:Defend","animator:Defend","animator:Alexander","animator:Rider","animator:Gillette","animator:Tyuule+1","animator:EmiyaShirou+1","animator:RinTohsaka+1","animator:NarberalGamma+1","animator:SakuraMatou","animator:ShinjiMatou"],"relics":["animator:LivingPicture","animator:TheMissingPiece","Ginger","animator:Hoodie","Orrery","CloakClasp"],"acts_visited":["Exordium"],"potions_floor_usage":[16],"damage_taken":[{"damage":5.0,"enemies":"Jaw Worm","floor":1.0,"turns":7.0},{"damage":2.0,"enemies":"Small Slimes","floor":2.0,"turns":5.0},{"damage":0.0,"enemies":"2 Louse","floor":4.0,"turns":3.0},{"damage":28.0,"enemies":"Large Slime","floor":5.0,"turns":7.0},{"damage":21.0,"enemies":"3 Sentries","floor":7.0,"turns":8.0},{"damage":15.0,"enemies":"Gremlin Nob","floor":12.0,"turns":5.0},{"damage":20,"enemies":"Slime Boss","floor":16,"turns":3}],"seed_played":"3853387885044713642","potions_obtained":[{"floor":1.0,"key":"Block Potion"},{"floor":7.0,"key":"Dexterity Potion"},{"floor":12.0,"key":"SkillPotion"}],"is_trial":false,"path_per_floor":["M","M","?","M","M","R","E","R","T","R","$","E","?","?","R","B"],"character_chosen":"THE_ANIMATOR","items_purchased":["Orrery"],"campfire_rested":1,"item_purchase_floors":[11],"current_hp_per_floor":[60,58,58,58,30,30,10,31,31,31,31,17,17,17,17,0,0],"gold":40,"neow_bonus":"TEN_PERCENT_HP_BONUS","is_daily":false,"chose_seed":false,"campfire_upgraded":3,"win_rate":0.0,"timestamp":1612646493,"path_taken":["M","M","?","M","M","R","E","R","T","R","$","E","?","?","R","BOSS"],"items_purchased_type":["Relic"],"build_version":"2020-12-22","purchased_purges":0,"victory":false,"max_hp_per_floor":[72,72,72,72,72,72,73,73,73,73,73,74,74,74,74,74,74],"card_choices":[{"not_picked":["animator:YachiyoNanami","animator:Shalltear"],"picked":"animator:Gillette","floor":1.0},{"not_picked":["animator:Demiurge","animator:AcuraAkari"],"picked":"animator:Tyuule","floor":2.0},{"not_picked":["animator:IrohaTamaki","animator:TukaLunaMarceau","animator:LizardPriest"],"picked":"SKIP","floor":4.0},{"not_picked":["animator:Assassin","animator:Rider"],"picked":"animator:EmiyaShirou","floor":5.0},{"not_picked":["animator:SakuraMatou","animator:Sebas"],"picked":"animator:RinTohsaka","floor":7.0},{"not_picked":["animator:Shalltear","animator:NagisaMomoe"],"picked":"animator:NarberalGamma","floor":11.0},{"not_picked":["animator:ShinjiMatou","animator:Assassin"],"picked":"animator:SakuraMatou","floor":11.0},{"not_picked":["animator:Alexander","animator:RoryMercury"],"picked":"animator:ShinjiMatou","floor":12.0}],"player_experience":1516252,"relics_obtained":[{"floor":7.0,"key":"Ginger"},{"floor":9.0,"key":"animator:Hoodie"},{"floor":12.0,"key":"CloakClasp"}],"event_choices":[{"cards_removed":["animator:Strike"],"damage_healed":0.0,"max_hp_gain":0.0,"max_hp_loss":0.0,"gold_gain":0.0,"event_name":"The Cleric","player_choice":"Card Removal","floor":13.0,"gold_loss":50.0,"damage_taken":0.0},{"damage_healed":17,"gold_gain":0,"player_choice":"Leave","damage_taken":0,"max_hp_gain":0,"max_hp_loss":74,"event_name":"betterThird:BetterShining","floor":14,"gold_loss":0}],"is_beta":false,"boss_relics":[],"items_purged_floors":[],"is_endless":false,"potions_floor_spawned":[1,7,12],"killed_by":"Slime Boss","ascension_level":10}}