{"host":"zksvs3x2ysy9npnz","time":1612574962,"event":{"mods":["Aspiration","BaseMod","Beaked The Cultist","BetterRewards","Clockwork Mod","Colored Map","Conspire","Downfall","Duelist Mod","Halation","Highlight Path","Hubris","Infinite Spire","Jedi Mod","Magitek Elite","Minty Spire (QoL Compilation)","Permanent Neow","Quick Restart","Relic Stats","Shop Mod","StSLib","The Runesmith","The Witch"],"gold_per_floor":[37,37,77,77,77,129,129,129,129,129,168,168,260,305,305,410,410,410,410,410,474,474,474,474,474,474,76,115,154,191,245,245,370,370,381,65,101,113,0,28,28,67,67,67,106,164,164,180,180,180],"floor_reached":51,"language":"FRA","playtime":3833,"items_purged":["Strike_P","FlyingSleeves"],"score":852,"play_id":"f12312f9-2563-4337-b383-bc8c8aafa38a","local_time":"20210206022922","is_ascension_mode":true,"campfire_choices":[{"data":"HandOfGreed","floor":7,"key":"SMITH"},{"floor":12,"key":"REST"},{"data":"Perseverance","floor":15,"key":"SMITH"},{"data":"DeusExMachina","floor":23,"key":"SMITH"},{"data":"Vigilance","floor":25,"key":"SMITH"},{"data":"DeusExMachina","floor":32,"key":"SMITH"},{"data":"Alpha","floor":41,"key":"SMITH"},{"data":"DeceiveReality","floor":47,"key":"SMITH"},{"floor":49,"key":"REST"}],"circlet_count":0,"master_deck":["Defend_P+1","Defend_P+1","Defend_P+1","Defend_P+1","Eruption+1","Vigilance+1","HandOfGreed+1","Perseverance+1","Evaluate","DeceiveReality+1","DeusExMachina+1","EmptyMind+1","SashWhip+1","Ragnarok+1","FollowUp","Prostrate","DeusExMachina+1","Protect+1","Alpha+1","ThirdEye","Protect+1"],"relics":["PureWater","Runesmith:AutoHammer","halation:EternalFortune","Ornamental Fan","Guardian:PocketSentry","Meat on the Bone","SlaversCollar","Vajra","Astrolabe","Nilry\u0027s Codex","hubris:BottledRain","infinitespire:FocusingShard","Boot","aspiration:DSix","Busted Crown","halation:BottledLove","Red Mask","Pen Nib","Blue Candle","Molten Egg 2"],"acts_visited":["Exordium","TheCity","TheBeyond"],"potions_floor_usage":[18,31,35,35,38,40,48,48,50],"damage_taken":[{"damage":0.0,"enemies":"Small Slimes","floor":1.0,"turns":3.0},{"damage":1.0,"enemies":"2 Louse","floor":3.0,"turns":2.0},{"damage":14,"enemies":"Gremlin Nob","floor":6,"turns":3},{"damage":0,"enemies":"Cultist","floor":11,"turns":4},{"damage":3,"enemies":"Lots of Slimes","floor":13,"turns":7},{"damage":1,"enemies":"Exordium Thugs","floor":14,"turns":4},{"damage":5,"enemies":"The Guardian","floor":16,"turns":14},{"damage":0,"enemies":"3 Byrds","floor":18,"turns":1},{"damage":0,"enemies":"conspire:FuzzyDice","floor":21,"turns":11},{"damage":0,"enemies":"Snecko","floor":28,"turns":4},{"damage":0,"enemies":"conspire:HollyBat","floor":29,"turns":6},{"damage":0,"enemies":"Snake Plant","floor":30,"turns":3},{"damage":0,"enemies":"theDuelist:KaibaA2","floor":31,"turns":3},{"damage":4,"enemies":"Champ","floor":33,"turns":15},{"damage":19,"enemies":"3 Darklings","floor":35,"turns":8},{"damage":1,"enemies":"3 Shapes","floor":37,"turns":10},{"damage":13,"enemies":"Writhing Mass","floor":38,"turns":4},{"damage":0,"enemies":"Reptomancer","floor":40,"turns":5},{"damage":12,"enemies":"Sphere and 2 Shapes","floor":42,"turns":5},{"damage":0,"enemies":"Maw","floor":45,"turns":11},{"damage":5,"enemies":"Nemesis","floor":46,"turns":7},{"damage":0,"enemies":"Transient","floor":48,"turns":5},{"damage":15,"enemies":"Awakened One","floor":50,"turns":13}],"seed_played":"3952264679635170325","potions_obtained":[{"floor":1.0,"key":"GamblersBrew"},{"floor":6,"key":"sneckomod:MuddlingPotion"},{"floor":14,"key":"AttackPotion"},{"floor":16,"key":"SmokeBomb"},{"floor":28,"key":"jedi:StrikingPotion"},{"floor":31,"key":"SteroidPotion"},{"floor":38,"key":"Dexterity Potion"},{"floor":40,"key":"Dexterity Potion"},{"floor":45,"key":"LiquidMemories"},{"floor":46,"key":"SpeedPotion"}],"is_trial":false,"path_per_floor":["M","?","M","?","?","E","R","?","T","$","M","R","M","M","R","B",null,"M","AVR","?","M","?","R","?","R","T","$","M","M","M","E","R","B",null,"M","$","M","M","?","E","R","M","T","?","M","E","R","M","R","B",null],"character_chosen":"WATCHER","items_purchased":["Meat on the Bone","infinitespire:FocusingShard","Boot","halation:BottledLove"],"campfire_rested":2,"item_purchase_floors":[10,27,27,36],"current_hp_per_floor":[72,47,46,49,49,35,35,35,35,18,30,52,49,48,48,43,75,75,75,75,75,59,59,59,59,59,59,59,59,59,59,59,55,75,59,59,58,45,45,45,45,45,45,40,40,47,47,47,70,55],"gold":180,"neow_bonus":"RANDOM_COLORLESS_2","is_daily":false,"chose_seed":false,"campfire_upgraded":7,"win_rate":0.0,"timestamp":1612574962,"path_taken":["M","?","M","?","?","E","R","?","T","?","M","R","M","?","R","BOSS","M","AVR","?","M","?","R","?","R","T","$","M","M","?","E","R","BOSS","M","$","M","M","?","E","R","M","T","?","M","E","R","M","R","BOSS"],"items_purchased_type":["Relic","Relic","Relic","Relic"],"build_version":"2020-12-22","purchased_purges":2,"victory":true,"max_hp_per_floor":[72,72,72,75,75,75,75,75,75,75,75,75,75,75,75,75,75,75,75,75,75,75,75,75,75,75,75,75,75,75,75,75,75,75,78,78,78,78,78,78,78,78,78,78,78,78,78,78,78,78],"relic_stats":{"Busted Crown":18,"counters":[23,146],"Ornamental Fan":[48],"Astrolabe":["EmptyMind","SashWhip","Ragnarok"],"Blue Candle":[0],"Pen Nib":[4],"Boot":[5],"obtain_stats":[{"Nilry\u0027s Codex":22,"halation:BottledLove":36,"Astrolabe":19,"Blue Candle":44,"Vajra":19,"infinitespire:FocusingShard":27,"Pen Nib":40,"Guardian:PocketSentry":9,"Boot":27,"SlaversCollar":17,"Busted Crown":34,"Ornamental Fan":6,"halation:EternalFortune":4,"Molten Egg 2":46,"Red Mask":39,"Runesmith:AutoHammer":2,"PureWater":0,"aspiration:DSix":31,"Meat on the Bone":10,"hubris:BottledRain":26},{"Nilry\u0027s Codex":9,"halation:BottledLove":15,"Astrolabe":8,"Blue Candle":19,"Vajra":8,"infinitespire:FocusingShard":9,"Pen Nib":18,"Guardian:PocketSentry":3,"Boot":9,"SlaversCollar":7,"Busted Crown":14,"Ornamental Fan":3,"halation:EternalFortune":2,"Molten Egg 2":21,"Red Mask":17,"Runesmith:AutoHammer":1,"PureWater":0,"aspiration:DSix":13,"Meat on the Bone":3,"hubris:BottledRain":9},{"Nilry\u0027s Codex":49,"halation:BottledLove":88,"Astrolabe":38,"Blue Candle":110,"Vajra":38,"infinitespire:FocusingShard":49,"Pen Nib":106,"Guardian:PocketSentry":8,"Boot":49,"SlaversCollar":37,"Busted Crown":80,"Ornamental Fan":8,"halation:EternalFortune":5,"Molten Egg 2":128,"Red Mask":101,"Runesmith:AutoHammer":3,"PureWater":0,"aspiration:DSix":65,"Meat on the Bone":8,"hubris:BottledRain":49}],"Meat on the Bone":36},"card_choices":[{"not_picked":["Metamorphosis","jedi:RedIncense"],"picked":"HandOfGreed","floor":0.0},{"not_picked":["Adaptation","CrushJoints","InnerPeace"],"picked":"SKIP","floor":1.0},{"not_picked":["Nirvana","Fasting2"],"picked":"Perseverance","floor":3.0},{"not_picked":["CrushJoints","Consecrate","InnerPeace"],"picked":"SKIP","floor":6},{"not_picked":["ClearTheMind","Collect"],"picked":"FlyingSleeves","floor":11},{"not_picked":["Fasting2","FlyingSleeves"],"picked":"Evaluate","floor":13},{"not_picked":["Halt","Nirvana"],"picked":"DeceiveReality","floor":14},{"not_picked":["ConjureBlade","Judgement"],"picked":"DeusExMachina","floor":16},{"not_picked":["PathToVictory","EmptyFist+1"],"picked":"FollowUp","floor":21},{"not_picked":["WheelKick","Vengeance","WaveOfTheHand"],"picked":"SKIP","floor":28},{"not_picked":["DeceiveReality","PathToVictory"],"picked":"Prostrate","floor":29},{"not_picked":["FollowUp","Consecrate+1"],"picked":"DeusExMachina","floor":30},{"not_picked":["BowlingBash","SignatureMove"],"picked":"Protect+1","floor":31},{"not_picked":["Brilliance","Vault"],"picked":"Alpha","floor":33},{"not_picked":["FlyingSleeves"],"picked":"SKIP","floor":35},{"not_picked":["BowlingBash"],"picked":"SKIP","floor":37},{"not_picked":["Collect+1"],"picked":"SKIP","floor":38},{"not_picked":[],"picked":"ThirdEye","floor":40},{"not_picked":[],"picked":"Protect+1","floor":42},{"not_picked":["DeceiveReality"],"picked":"SKIP","floor":45},{"not_picked":["CutThroughFate+1"],"picked":"SKIP","floor":46},{"not_picked":["CrushJoints+1"],"picked":"SKIP","floor":48}],"player_experience":2120040,"relics_obtained":[{"floor":6,"key":"Ornamental Fan"},{"floor":9,"key":"Guardian:PocketSentry"},{"floor":22,"key":"Nilry\u0027s Codex"},{"floor":26,"key":"hubris:BottledRain"},{"floor":31,"key":"aspiration:DSix"},{"floor":35,"key":"halation:EternalFortune"},{"floor":40,"key":"Pen Nib"},{"floor":46,"key":"Molten Egg 2"}],"event_choices":[{"damage_healed":0.0,"max_hp_gain":0.0,"max_hp_loss":0.0,"gold_gain":0.0,"event_name":"Scrap Ooze","player_choice":"Success","floor":2.0,"gold_loss":0.0,"damage_taken":25.0,"relics_obtained":["Runesmith:AutoHammer"]},{"damage_healed":0,"gold_gain":0,"player_choice":"Simplicity","damage_taken":0,"max_hp_gain":0,"max_hp_loss":0,"event_name":"Back to Basics","floor":20,"gold_loss":0,"cards_upgraded":["Defend_P","Defend_P","Defend_P","Defend_P"]},{"damage_healed":0,"gold_gain":0,"player_choice":"Obtained Book","damage_taken":16,"max_hp_gain":0,"max_hp_loss":0,"event_name":"Cursed Tome","floor":22,"gold_loss":0},{"damage_healed":0,"gold_gain":0,"player_choice":"Leave","damage_taken":0,"max_hp_gain":0,"max_hp_loss":0,"event_name":"FaceTrader","floor":24,"gold_loss":0},{"damage_healed":0,"gold_gain":0,"player_choice":"Paid","damage_taken":0,"relics_obtained":["Red Mask"],"max_hp_gain":0,"max_hp_loss":0,"event_name":"Tomb of Lord Red Mask","floor":39,"gold_loss":113}],"is_beta":false,"boss_relics":[{"not_picked":["halation:PinkAlligatorPlush","aspiration:RitualDagger"],"picked":"SlaversCollar"},{"not_picked":["conspire:SlowCooker","aspiration:RunicSpoon"],"picked":"Busted Crown"}],"items_purged_floors":[19,36],"is_endless":false,"potions_floor_spawned":[1,6,14,16,18,28,31,38,40,45,46],"ascension_level":2}}