{"host":"9ndbo4kgsfoemf7y","time":1612600126,"event":{"mods":["AchievementEnabler","BaseMod","Colored Map","DeckTracker","Keyboard Shortcuts","Minty Spire (QoL Compilation)","Permanent Neow","Quick Restart","Relic Stats","StSLib","SuperFastMode"],"gold_per_floor":[109,125,125,138,154,154,179,179,179,202,226,249,273,302,314,426,438,460,111,111,32,46,81,81,106,106,63,63,72,72,181,181,291,291,303,321,341,8,17,61,61,80,80,105,132,132,132],"floor_reached":46,"language":"KOR","playtime":2204,"items_purged":["Defend_B","Defend_B"],"score":836,"play_id":"2cbcc715-963f-4ac8-a568-f2519c987eb5","local_time":"20210206172846","is_ascension_mode":true,"campfire_choices":[{"data":"Hologram","floor":6.0,"key":"SMITH"},{"floor":8.0,"key":"REST"},{"data":"BootSequence","floor":15.0,"key":"SMITH"},{"floor":24.0,"key":"REST"},{"floor":28.0,"key":"REST"},{"data":"RitualDagger","floor":32.0,"key":"SMITH"},{"floor":41.0,"key":"REST"}],"circlet_count":0,"master_deck":["Defend_B","Zap","Dualcast","Apotheosis+1","Hologram+1","Conserve Battery","Go for the Eyes","BootSequence+1","Capacitor","Cold Snap","Biased Cognition","Defragment","Beam Cell","Thunder Strike","Bite","Bite","Bite","Bite","Bite","Loop","Ball Lightning","Lockon","Coolheaded","RitualDagger+1","Force Field","Core Surge","Madness","Madness","Self Repair","Redo","Defragment","Seek","Barrage","Redo+1","Leap+1"],"relics":["Cracked Core","MawBank","Nuclear Battery","Emotion Chip","Cables","CeramicFish","Ornamental Fan","Pocketwatch","Mercury Hourglass","Fusion Hammer","Runic Capacitor","Incense Burner","Bag of Marbles"],"acts_visited":["Exordium","TheCity","TheBeyond"],"potions_floor_usage":[44],"damage_taken":[{"damage":8.0,"enemies":"Small Slimes","floor":1.0,"turns":3.0},{"damage":1.0,"enemies":"Cultist","floor":2.0,"turns":3.0},{"damage":0.0,"enemies":"2 Louse","floor":4.0,"turns":1.0},{"damage":5.0,"enemies":"Exordium Thugs","floor":5.0,"turns":5.0},{"damage":22.0,"enemies":"3 Sentries","floor":7.0,"turns":7.0},{"damage":0.0,"enemies":"3 Louse","floor":10.0,"turns":3.0},{"damage":1.0,"enemies":"Large Slime","floor":11.0,"turns":7.0},{"damage":4.0,"enemies":"Looter","floor":12.0,"turns":3.0},{"damage":0.0,"enemies":"Gremlin Gang","floor":13.0,"turns":5.0},{"damage":9.0,"enemies":"Lots of Slimes","floor":14.0,"turns":4.0},{"damage":0.0,"enemies":"Hexaghost","floor":16.0,"turns":10.0},{"damage":26.0,"enemies":"3 Byrds","floor":18.0,"turns":4.0},{"damage":20.0,"enemies":"Spheric Guardian","floor":22.0,"turns":5.0},{"damage":14.0,"enemies":"Book of Stabbing","floor":23.0,"turns":5.0},{"damage":32.0,"enemies":"Slavers","floor":25.0,"turns":3.0},{"damage":0.0,"enemies":"Colosseum Slavers","floor":31.0,"turns":3.0},{"damage":6.0,"enemies":"Colosseum Nobs","floor":31.0,"turns":6.0},{"damage":40.0,"enemies":"Collector","floor":33.0,"turns":9.0},{"damage":18.0,"enemies":"3 Darklings","floor":35.0,"turns":5.0},{"damage":17.0,"enemies":"3 Shapes","floor":37.0,"turns":5.0},{"damage":57.0,"enemies":"Nemesis","floor":40.0,"turns":7.0},{"damage":30.0,"enemies":"Jaw Worm Horde","floor":42.0,"turns":4.0},{"damage":20,"enemies":"Spire Growth","floor":44,"turns":4},{"damage":13,"enemies":"3 Darklings","floor":45,"turns":3},{"damage":33,"enemies":"Giant Head","floor":46,"turns":6}],"seed_played":"3809421497600648218","potions_obtained":[{"floor":2.0,"key":"EssenceOfDarkness"},{"floor":4.0,"key":"BlessingOfTheForge"},{"floor":5.0,"key":"LiquidBronze"},{"floor":12.0,"key":"LiquidBronze"},{"floor":13.0,"key":"Explosive Potion"},{"floor":22.0,"key":"Strength Potion"},{"floor":31.0,"key":"Strength Potion"},{"floor":33.0,"key":"Energy Potion"},{"floor":35.0,"key":"DuplicationPotion"},{"floor":40.0,"key":"EssenceOfDarkness"}],"is_trial":false,"path_per_floor":["M","M","?","M","M","R","E","R","T","M","M","M","M","M","R","B",null,"M","$","?","$","M","E","R","E","T","$","R","?","?","?","R","B",null,"M","?","M","$","?","E","R","M","T","M","M","E"],"character_chosen":"DEFECT","items_purchased":["Emotion Chip","Loop","Coolheaded","Redo","Runic Capacitor","Defragment"],"campfire_rested":4,"item_purchase_floors":[19,21,27,38,38,38],"current_hp_per_floor":[60,59,59,59,54,54,32,52,52,54,55,53,55,48,48,50,64,40,40,40,40,34,39,59,36,36,36,56,50,38,56,56,55,69,66,57,46,46,46,28,49,28,28,29,19,0,0],"gold":132,"neow_bonus":"RANDOM_COLORLESS_2","is_daily":false,"chose_seed":false,"campfire_upgraded":3,"win_rate":0.0,"timestamp":1612600126,"path_taken":["M","M","?","M","M","R","E","R","T","M","M","M","?","M","R","BOSS","M","$","?","?","M","E","R","E","T","$","R","?","?","?","R","BOSS","M","?","M","$","?","E","R","?","T","M","M","E"],"items_purchased_type":["Relic","Card","Card","Card","Relic","Card"],"build_version":"2020-12-22","purchased_purges":2,"victory":false,"max_hp_per_floor":[68,68,68,68,68,68,68,68,68,68,68,68,68,68,68,68,68,68,68,68,68,68,68,68,68,68,68,68,68,73,73,73,73,73,73,73,73,73,73,73,73,73,73,73,73,73,73],"relic_stats":{"Emotion Chip":[94,49,19,7,19],"counters":[25,120],"Ornamental Fan":[88],"CeramicFish":117,"MawBank":120,"obtain_stats":[{"CeramicFish":25,"Runic Capacitor":38,"Incense Burner":40,"MawBank":9,"Nuclear Battery":17,"Cables":23,"Mercury Hourglass":31,"Blood Vial":7,"Emotion Chip":19,"Ornamental Fan":26,"Fusion Hammer":34,"Bag of Marbles":43,"Cracked Core":0,"Pocketwatch":31},{"CeramicFish":15,"Runic Capacitor":20,"Incense Burner":21,"MawBank":5,"Nuclear Battery":11,"Cables":14,"Mercury Hourglass":17,"Blood Vial":5,"Emotion Chip":12,"Ornamental Fan":15,"Fusion Hammer":18,"Bag of Marbles":22,"Cracked Core":0,"Pocketwatch":17},{"CeramicFish":68,"Runic Capacitor":96,"Incense Burner":103,"MawBank":19,"Nuclear Battery":51,"Cables":65,"Mercury Hourglass":77,"Blood Vial":19,"Emotion Chip":55,"Ornamental Fan":68,"Fusion Hammer":86,"Bag of Marbles":107,"Cracked Core":0,"Pocketwatch":77}],"Cables":[66,28,10,3,25],"Pocketwatch":[21],"Mercury Hourglass":[187]},"card_choices":[{"not_picked":["Secret Technique","Panache"],"picked":"Apotheosis","floor":0.0},{"not_picked":["Barrage","Steam"],"picked":"Hologram","floor":1.0},{"not_picked":["Ball Lightning","Steam"],"picked":"Conserve Battery","floor":2.0},{"not_picked":["Stack","Conserve Battery"],"picked":"Go for the Eyes","floor":4.0},{"not_picked":["Ball Lightning","Go for the Eyes"],"picked":"BootSequence","floor":5.0},{"not_picked":["Sweeping Beam","Steam Power"],"picked":"Capacitor","floor":7.0},{"not_picked":["Leap","Streamline"],"picked":"Cold Snap","floor":10.0},{"not_picked":["Hologram","Storm"],"picked":"Biased Cognition","floor":11.0},{"not_picked":["Chill","Scrape"],"picked":"Defragment","floor":12.0},{"not_picked":["Leap","Ball Lightning","Turbo"],"picked":"SKIP","floor":13.0},{"not_picked":["Conserve Battery","Ball Lightning"],"picked":"Beam Cell","floor":14.0},{"not_picked":["Fission","Meteor Strike"],"picked":"Thunder Strike","floor":16.0},{"not_picked":["Rip and Tear","Auto Shields","BootSequence"],"picked":"SKIP","floor":18.0},{"not_picked":["Stack","Compile Driver"],"picked":"Ball Lightning","floor":22.0},{"not_picked":["Darkness","Doom and Gloom"],"picked":"Lockon","floor":23.0},{"not_picked":["Heatsinks","Streamline","Sunder"],"picked":"SKIP","floor":25.0},{"not_picked":["Rebound","Ball Lightning+1"],"picked":"Force Field","floor":31.0},{"not_picked":["Fission","Biased Cognition"],"picked":"Core Surge","floor":33.0},{"not_picked":["Go for the Eyes","Steam Power","Compile Driver+1"],"picked":"SKIP","floor":35.0},{"not_picked":["Heatsinks","Storm"],"picked":"Self Repair","floor":37.0},{"not_picked":["Ball Lightning+1","Skim"],"picked":"Barrage","floor":40.0},{"not_picked":["Darkness+1","Conserve Battery","Steam+1"],"picked":"SKIP","floor":42.0},{"not_picked":["Barrage+1","Amplify"],"picked":"Redo+1","floor":44},{"not_picked":["Scrape","Streamline+1"],"picked":"Leap+1","floor":45}],"player_experience":861680,"relics_obtained":[{"floor":7.0,"key":"Blood Vial"},{"floor":9.0,"key":"MawBank"},{"floor":23.0,"key":"Cables"},{"floor":25.0,"key":"CeramicFish"},{"floor":26.0,"key":"Ornamental Fan"},{"floor":31.0,"key":"Pocketwatch"},{"floor":31.0,"key":"Mercury Hourglass"},{"floor":40.0,"key":"Incense Burner"},{"floor":43.0,"key":"Bag of Marbles"}],"event_choices":[{"damage_healed":0.0,"max_hp_gain":0.0,"max_hp_loss":0.0,"gold_gain":0.0,"event_name":"Upgrade Shrine","player_choice":"Upgraded","floor":3.0,"gold_loss":0.0,"damage_taken":0.0,"cards_upgraded":["Apotheosis"]},{"damage_healed":0.0,"max_hp_gain":0.0,"max_hp_loss":0.0,"gold_gain":0.0,"event_name":"Vampires","player_choice":"Became a vampire (Vial)","floor":20.0,"relics_lost":["Blood Vial"],"gold_loss":0.0,"damage_taken":0.0,"cards_obtained":["Bite","Bite","Bite","Bite","Bite"]},{"damage_healed":0.0,"max_hp_gain":0.0,"max_hp_loss":0.0,"gold_gain":0.0,"event_name":"Nest","player_choice":"Joined the Cult","floor":29.0,"gold_loss":0.0,"damage_taken":6.0,"cards_obtained":["RitualDagger"]},{"damage_healed":0.0,"max_hp_gain":5.0,"max_hp_loss":0.0,"gold_gain":0.0,"event_name":"Forgotten Altar","player_choice":"Shed Blood","floor":30.0,"gold_loss":0.0,"damage_taken":17.0},{"damage_healed":0.0,"max_hp_gain":0.0,"max_hp_loss":0.0,"gold_gain":0.0,"event_name":"Colosseum","player_choice":"Fight","floor":31.0,"gold_loss":0.0,"damage_taken":0.0},{"damage_healed":0.0,"max_hp_gain":0.0,"max_hp_loss":0.0,"gold_gain":0.0,"event_name":"Colosseum","player_choice":"Fought Nobs","floor":31.0,"gold_loss":0.0,"damage_taken":0.0},{"damage_healed":0.0,"max_hp_gain":0.0,"max_hp_loss":0.0,"gold_gain":0.0,"event_name":"Winding Halls","player_choice":"Embrace Madness","floor":36.0,"gold_loss":0.0,"damage_taken":9.0,"cards_obtained":["Madness","Madness"]},{"damage_healed":0.0,"max_hp_gain":0.0,"max_hp_loss":0.0,"gold_gain":0.0,"cards_transformed":["Defend_B"],"event_name":"Transmorgrifier","player_choice":"Transformed","floor":39.0,"gold_loss":0.0,"damage_taken":0.0,"cards_obtained":["Seek"]}],"is_beta":false,"boss_relics":[{"not_picked":["Astrolabe","Philosopher\u0027s Stone"],"picked":"Nuclear Battery"},{"not_picked":["Runic Pyramid","SacredBark"],"picked":"Fusion Hammer"}],"items_purged_floors":[19,38],"is_endless":false,"potions_floor_spawned":[2,4,5,12,13,22,31,31,33,35,40],"killed_by":"Giant Head","ascension_level":9}}