{"host":"3yfps9gsgnjbsemf","time":1612606171,"event":{"mods":["AchievementEnabler","BaseMod","Colored Map","DeckTracker","Keyboard Shortcuts","Minty Spire (QoL Compilation)","SuperFastMode"],"gold_per_floor":[110,26,94,110,285,316,334,334,334,349,359,0,0,20,20,119,119,119],"floor_reached":17,"language":"KOR","playtime":292,"items_purged":[],"score":182,"play_id":"92db75d6-cc70-4c33-b22d-c997ec5512b4","local_time":"20210206190931","is_ascension_mode":false,"campfire_choices":[{"data":"Fusion","floor":8,"key":"SMITH"},{"data":"Hello World","floor":15,"key":"SMITH"}],"circlet_count":0,"master_deck":["Strike_B","Strike_B","Strike_B","Strike_B","Defend_B","Defend_B","Defend_B","Defend_B","Zap","Dualcast","Fusion+1","FTL","Streamline","Genetic Algorithm","Hello World+1","White Noise","Stack","Sweeping Beam","Ball Lightning","Hologram","Heatsinks","Barrage","Biased Cognition"],"relics":["Cracked Core","NeowsBlessing","Pear","HornCleat","Lantern","Runic Dome"],"acts_visited":["Exordium","TheCity"],"potions_floor_usage":[11,16,16],"damage_taken":[{"damage":0,"enemies":"Jaw Worm","floor":1,"turns":1},{"damage":0,"enemies":"2 Louse","floor":4,"turns":1},{"damage":0,"enemies":"Gremlin Nob","floor":6,"turns":1},{"damage":0,"enemies":"Cultist","floor":7,"turns":4},{"damage":5,"enemies":"Looter","floor":10,"turns":4},{"damage":0,"enemies":"3 Louse","floor":11,"turns":1},{"damage":6,"enemies":"2 Fungi Beasts","floor":14,"turns":3},{"damage":32,"enemies":"Hexaghost","floor":16,"turns":8}],"seed_played":"2030738632074867844","potions_obtained":[{"floor":1,"key":"Explosive Potion"},{"floor":7,"key":"FocusPotion"},{"floor":16,"key":"DistilledChaos"}],"is_trial":false,"path_per_floor":["M","$","?","M","?","E","M","R","T","M","M","$","?","M","R","B",null],"character_chosen":"DEFECT","items_purchased":["FTL","Streamline","Ball Lightning","Hologram","Heatsinks","Lantern","DuplicationPotion"],"campfire_rested":0,"item_purchase_floors":[2,2,12,12,12,12,12],"current_hp_per_floor":[75,75,75,75,75,85,85,85,85,80,80,80,80,74,74,42,85,85],"gold":119,"neow_bonus":"THREE_ENEMY_KILL","is_daily":false,"chose_seed":false,"campfire_upgraded":2,"win_rate":0.0,"timestamp":1612606171,"path_taken":["M","$","?","M","?","E","M","R","T","?","M","$","?","M","R","BOSS"],"items_purchased_type":["Card","Card","Card","Card","Card","Relic","Potion"],"build_version":"2020-12-22","purchased_purges":0,"victory":false,"max_hp_per_floor":[75,75,75,75,75,85,85,85,85,85,85,85,85,85,85,85,85,85],"card_choices":[{"not_picked":["Compile Driver","Beam Cell"],"picked":"Fusion","floor":1},{"not_picked":["Ball Lightning","Go for the Eyes"],"picked":"Genetic Algorithm","floor":4},{"not_picked":["Go for the Eyes","Coolheaded"],"picked":"Hello World","floor":6},{"not_picked":["Gash","Steam Power"],"picked":"White Noise","floor":7},{"not_picked":["Chaos","Steam"],"picked":"Stack","floor":10},{"not_picked":["Streamline","Leap"],"picked":"Sweeping Beam","floor":11},{"not_picked":["Leap","Amplify"],"picked":"Barrage","floor":14},{"not_picked":["Reboot","Multi-Cast"],"picked":"Biased Cognition","floor":16}],"player_experience":4466,"relics_obtained":[{"floor":6,"key":"Pear"},{"floor":9,"key":"HornCleat"}],"event_choices":[{"damage_healed":0,"gold_gain":68,"player_choice":"Gained Gold","damage_taken":0,"max_hp_gain":0,"max_hp_loss":0,"event_name":"Golden Wing","floor":3,"gold_loss":0},{"damage_healed":0,"gold_gain":175,"player_choice":"AGREE","damage_taken":0,"max_hp_gain":0,"max_hp_loss":0,"event_name":"Liars Game","floor":5,"gold_loss":0,"cards_obtained":["Doubt"]},{"cards_removed":["Doubt"],"damage_healed":0,"gold_gain":0,"player_choice":"Forget","damage_taken":0,"max_hp_gain":0,"max_hp_loss":0,"event_name":"Living Wall","floor":13,"gold_loss":0}],"is_beta":false,"boss_relics":[{"not_picked":["Empty Cage","Calling Bell"],"picked":"Runic Dome"}],"items_purged_floors":[],"is_endless":false,"potions_floor_spawned":[1,7,16],"ascension_level":0}}