{"host":"nsc6ozq3atyrdr3m","time":1612645200,"event":{"mods":["BaseMod","Colored Map","Minty Spire (QoL Compilation)"],"gold_per_floor":[109,119,194,194,194,221,235,254,254,254,254,254,264,275,275,275,275],"floor_reached":16,"language":"FRA","playtime":279,"items_purged":[],"score":204,"play_id":"d6dca04f-626f-4c4a-9f28-678ddfaa6c9c","local_time":"20210206220000","is_ascension_mode":true,"campfire_choices":[{"floor":10,"key":"REST"},{"floor":12,"key":"REST"},{"floor":15,"key":"REST"}],"circlet_count":0,"master_deck":["AscendersBane","Strike_R","Strike_R","Strike_R","Strike_R","Strike_R","Defend_R","Defend_R","Defend_R","Defend_R","Bash","Sword Boomerang","Heavy Blade","Thunderclap","Sword Boomerang+1","Regret","Hemokinesis"],"relics":["Cursed Key","HornCleat","Ginger"],"acts_visited":["Exordium"],"potions_floor_usage":[16],"damage_taken":[{"damage":1,"enemies":"Cultist","floor":1,"turns":4},{"damage":7,"enemies":"Small Slimes","floor":2,"turns":4},{"damage":50,"enemies":"Lagavulin","floor":6,"turns":8},{"damage":12,"enemies":"Jaw Worm","floor":7,"turns":2},{"damage":0,"enemies":"Blue Slaver","floor":8,"turns":3},{"damage":12,"enemies":"Exordium Wildlife","floor":13,"turns":2},{"damage":9,"enemies":"Lots of Slimes","floor":14,"turns":3},{"damage":44,"enemies":"The Guardian","floor":16,"turns":9}],"seed_played":"-7632076679870610672","potions_obtained":[{"floor":2,"key":"Dexterity Potion"},{"floor":13,"key":"GamblersBrew"},{"floor":14,"key":"Explosive Potion"}],"is_trial":false,"path_per_floor":["M","M","?","?","$","E","M","M","T","R","?","R","M","M","R","B"],"character_chosen":"IRONCLAD","items_purchased":[],"campfire_rested":3,"item_purchase_floors":[],"current_hp_per_floor":[67,60,49,74,74,24,12,12,12,34,34,56,44,35,57,13,13],"gold":275,"neow_bonus":"BOSS_RELIC","is_daily":false,"chose_seed":false,"campfire_upgraded":0,"win_rate":0.0,"timestamp":1612645200,"path_taken":["M","M","?","?","$","E","?","M","T","R","?","R","M","M","R","BOSS"],"items_purchased_type":[],"build_version":"2020-12-22","purchased_purges":0,"victory":false,"max_hp_per_floor":[75,75,75,75,75,75,75,75,75,75,75,75,75,75,75,75,75],"card_choices":[{"not_picked":["Warcry","Iron Wave"],"picked":"Sword Boomerang","floor":1},{"not_picked":["Sword Boomerang","Searing Blow"],"picked":"Heavy Blade","floor":2},{"not_picked":["Exhume","Searing Blow"],"picked":"Thunderclap","floor":6},{"not_picked":["Shrug It Off","Perfected Strike"],"picked":"Sword Boomerang","floor":7},{"not_picked":["Infernal Blade","Thunderclap","Shrug It Off"],"picked":"SKIP","floor":8},{"not_picked":["Fire Breathing","Iron Wave","Body Slam"],"picked":"SKIP","floor":13},{"not_picked":["Sword Boomerang","Warcry"],"picked":"Hemokinesis","floor":14}],"player_experience":379635,"relics_obtained":[{"floor":6,"key":"HornCleat"},{"floor":9,"key":"Ginger"}],"event_choices":[{"damage_healed":0,"gold_gain":75,"player_choice":"Gather Gold","damage_taken":11,"max_hp_gain":0,"max_hp_loss":0,"event_name":"World of Goop","floor":3,"gold_loss":0},{"damage_healed":25,"gold_gain":0,"player_choice":"Banana","damage_taken":0,"max_hp_gain":0,"max_hp_loss":0,"event_name":"Big Fish","floor":4,"gold_loss":0},{"damage_healed":0,"gold_gain":0,"player_choice":"Grow","damage_taken":0,"max_hp_gain":0,"max_hp_loss":0,"event_name":"Living Wall","floor":11,"gold_loss":0,"cards_upgraded":["Sword Boomerang"]}],"is_beta":false,"boss_relics":[],"items_purged_floors":[],"is_endless":false,"potions_floor_spawned":[2,13,14],"killed_by":"The Guardian","ascension_level":20}}