{"host":"121m0oxswv9tg9hk","time":1612641129,"event":{"mods":["AchievementEnabler","BaseMod","Better Third Choice","Downfall","Minty Spire (QoL Compilation)","StSLib"],"gold_per_floor":[99,110,128,147,147,160,208,208,222,122,149,149,10,10,27,124,124,124,144,164,49,68,68,91,126,142,155,180,180,20,40,51,151,201,101,118,168,188,182,182,206,239,439,452,452,253,253,264,274,274,274,300,87,87,87,87],"floor_reached":57,"language":"ENG","playtime":6332,"items_purged":["bronze:Strike","bronze:Defend","bronze:Strike","bronze:NullPointer","bronze:WhirlingStrike"],"score":1591,"play_id":"d7bbb09b-9596-4c4b-baf8-d2a5f9d0183b","local_time":"20210206205209","is_ascension_mode":true,"campfire_choices":[{"data":"bronze:Replicate","floor":1,"key":"SMITH"},{"floor":8,"key":"RECALL"},{"floor":10,"key":"REST"},{"data":"bronze:ForceShield","floor":12,"key":"SMITH"},{"data":"bronze:InfiniteBeams","floor":18,"key":"SMITH"},{"data":"bronze:ClassDefault","floor":23,"key":"SMITH"},{"data":"bronze:Mutator","floor":35,"key":"SMITH"},{"floor":40,"key":"DIG"},{"floor":43,"key":"DIG"},{"floor":45,"key":"DIG"},{"floor":47,"key":"DIG"},{"data":"bronze:Constructor","floor":54,"key":"SMITH"}],"circlet_count":0,"master_deck":["bronze:Defend","bronze:Defend","bronze:Defend","bronze:Replicate+1","bronze:Goto+1","bronze:ClassDefault+1","bronze:Optimize+1","bronze:Constructor+1","bronze:InfiniteBeams+1","bronze:ForceShield+1","bronze:ClassDefault","bronze:InfiniteLoop","bronze:Deprecate","bronze:DelayedGuard+1","bronze:ClassDefault","bronze:ForceShield","bronze:Constructor","bronze:Mutator+1","bronze:Shield","bronze:Terminator+1","bronze:ClassDefault","bronze:MaxOutput+1","bronze:MaxOutput"],"relics":["bronze:BronzeCore","hexamod:BolsterEngine","downfall:HeartBlessingRed","Centennial Puzzle","HornCleat","Busted Crown","Omamori","InkBottle","Kunai","HandDrill","Tiny House","downfall:HeartBlessingGreen","Shovel","TheAbacus","Shuriken","Art of War","downfall:HeartBlessingBlue","Old Coin","Guardian:PocketSentry","hexamod:CandleOfCauterizing","PreservedInsect"],"acts_visited":["Exordium","TheCity","TheBeyond","TheEnding"],"potions_floor_usage":[9,9,16,22,25,25,30,33,38,42,44,56,56,56,56,56,56],"damage_taken":[{"damage":7,"enemies":"Jaw Worm","floor":2,"turns":3},{"damage":1,"enemies":"Cultist","floor":3,"turns":4},{"damage":7,"enemies":"Small Slimes","floor":4,"turns":2},{"damage":8,"enemies":"Blue Slaver","floor":6,"turns":3},{"damage":0,"enemies":"3 Louse","floor":9,"turns":2},{"damage":0,"enemies":"Lagavulin","floor":11,"turns":5},{"damage":5,"enemies":"downfall:FleeingMerchant","floor":13,"turns":4},{"damage":17,"enemies":"Exordium Thugs","floor":15,"turns":3},{"damage":13,"enemies":"SI_SHIV_ARCHETYPE","floor":16,"turns":8},{"damage":6,"enemies":"Chosen","floor":19,"turns":3},{"damage":4,"enemies":"3 Byrds","floor":20,"turns":4},{"damage":0,"enemies":"downfall:FleeingMerchant","floor":21,"turns":4},{"damage":1,"enemies":"Centurion and Healer","floor":22,"turns":3},{"damage":6,"enemies":"Slavers","floor":25,"turns":6},{"damage":0,"enemies":"Snecko","floor":26,"turns":6},{"damage":2,"enemies":"Cultist and Chosen","floor":27,"turns":6},{"damage":0,"enemies":"Book of Stabbing","floor":28,"turns":6},{"damage":0,"enemies":"downfall:FleeingMerchant","floor":30,"turns":4},{"damage":0,"enemies":"Shelled Parasite and Fungi","floor":31,"turns":4},{"damage":4,"enemies":"Snecko","floor":32,"turns":7},{"damage":0,"enemies":"IC_MUSHROOM_ARCHETYPE","floor":33,"turns":6},{"damage":0,"enemies":"Orb Walker","floor":36,"turns":6},{"damage":0,"enemies":"Orb Walker","floor":37,"turns":5},{"damage":0,"enemies":"3 Shapes","floor":38,"turns":7},{"damage":0,"enemies":"downfall:FleeingMerchant","floor":39,"turns":1},{"damage":0,"enemies":"Nemesis","floor":42,"turns":9},{"damage":0,"enemies":"Spire Growth","floor":44,"turns":5},{"damage":0,"enemies":"Transient","floor":48,"turns":5},{"damage":0,"enemies":"3 Darklings","floor":49,"turns":6},{"damage":2,"enemies":"DF_ARCHETYPE_ORBS","floor":50,"turns":10},{"damage":0,"enemies":"downfall:CharBossMerchant","floor":52,"turns":9},{"damage":0,"enemies":"downfall:NeowBoss","floor":55,"turns":12},{"damage":0,"enemies":"downfall:NeowBossFinal","floor":56,"turns":10}],"seed_played":"-1711336694203874344","potions_obtained":[{"floor":2,"key":"FearPotion"},{"floor":4,"key":"PowerPotion"},{"floor":9,"key":"LiquidBronze"},{"floor":15,"key":"EntropicBrew"},{"floor":16,"key":"sneckomod:MuddlingPotion"},{"floor":22,"key":"ColorlessPotion"},{"floor":27,"key":"GamblersBrew"},{"floor":31,"key":"Guardian:BlockOnCardUsePotion"},{"floor":32,"key":"DuplicationPotion"},{"floor":33,"key":"SmokeBomb"},{"floor":42,"key":"AttackPotion"},{"floor":49,"key":"PowerPotion"},{"floor":52,"key":"Strength Potion"}],"is_trial":false,"path_per_floor":["R","M","M","M","?","M","T","R","M","R","E","R","$","T","M","B",null,"R","M","M","$","M","R","T","E","M","M","E","?","$","M","M","B",null,"R","M","?","M","$","R","T","E","R","M","R","$","R","M","M","B",null,"E","$","R","B","B",null],"character_chosen":"THE_AUTOMATON","items_purchased":["Explosive Potion","HandDrill","TheAbacus","Guardian:BlockOnCardUsePotion","hexamod:SoulburnPotion","bronze:MaxOutput"],"campfire_rested":1,"item_purchase_floors":[13,30,39,39,46,53],"current_hp_per_floor":[70,63,62,55,55,47,47,47,47,68,68,68,63,63,46,33,70,70,64,60,60,59,59,59,53,53,51,51,51,51,51,47,47,75,75,75,75,75,75,75,75,75,85,85,85,85,85,85,85,83,85,85,85,85,85,85],"gold":87,"neow_bonus":"UPGRADE_CARD","is_daily":false,"chose_seed":false,"campfire_upgraded":6,"win_rate":0.0,"timestamp":1612641129,"path_taken":["R","M","M","M","?","M","T","R","?","R","E","R","$","?","M","BOSS","R","M","M","$","M","R","T","E","M","M","E","?","$","M","M","BOSS","R","M","?","M","$","R","T","E","R","M","R","$","R","M","M","BOSS","E","$","R","BOSS","BOSS"],"items_purchased_type":["Potion","Relic","Relic","Potion","Potion","Card"],"build_version":"2020-12-22","purchased_purges":5,"victory":true,"max_hp_per_floor":[70,70,70,70,70,70,70,70,70,70,70,70,70,70,70,70,70,70,70,70,70,70,70,70,70,70,70,70,70,70,70,70,70,75,75,75,75,75,75,75,75,75,85,85,85,85,85,85,85,85,85,85,85,85,85,85],"card_choices":[{"not_picked":["bronze:WildBeam","bronze:Invalidate"],"picked":"bronze:ClassDefault","floor":2},{"not_picked":["bronze:Repulsor","bronze:Optimize"],"picked":"bronze:WhirlingStrike","floor":3},{"not_picked":["bronze:FineTuning","bronze:BugBarrage"],"picked":"bronze:Optimize","floor":4},{"not_picked":["bronze:Repulsor","bronze:Iterate"],"picked":"bronze:Constructor","floor":6},{"not_picked":["bronze:Repulsor","bronze:ClassDefault"],"picked":"bronze:InfiniteBeams","floor":9},{"not_picked":["bronze:WhirlingStrike","bronze:Boost"],"picked":"bronze:ForceShield","floor":11},{"not_picked":["bronze:Iterate","bronze:BronzeOrb","bronze:ChildClass"],"picked":"SKIP","floor":13},{"not_picked":["bronze:Philosophize","bronze:OilSpill"],"picked":"bronze:ClassDefault","floor":15},{"not_picked":["bronze:BurnOut","bronze:FindAndReplace"],"picked":"bronze:InfiniteLoop","floor":16},{"not_picked":["bronze:OilSpill"],"picked":"SKIP","floor":19},{"not_picked":[],"picked":"bronze:Deprecate","floor":20},{"not_picked":["bronze:Flail"],"picked":"SKIP","floor":21},{"not_picked":["bronze:WildBeam"],"picked":"SKIP","floor":22},{"not_picked":[],"picked":"bronze:DelayedGuard+1","floor":25},{"not_picked":["bronze:Backtrace"],"picked":"SKIP","floor":26},{"not_picked":["bronze:Boost"],"picked":"SKIP","floor":27},{"not_picked":[],"picked":"bronze:ClassDefault","floor":28},{"not_picked":["bronze:BugBarrage"],"picked":"SKIP","floor":30},{"not_picked":[],"picked":"bronze:ForceShield","floor":31},{"not_picked":[],"picked":"bronze:Constructor","floor":32},{"not_picked":[],"picked":"bronze:Mutator","floor":33},{"not_picked":[],"picked":"bronze:Shield","floor":36},{"not_picked":["bronze:Iterate"],"picked":"SKIP","floor":38},{"not_picked":["bronze:Frontload+1"],"picked":"SKIP","floor":39},{"not_picked":["bronze:Frontload"],"picked":"SKIP","floor":42},{"not_picked":[],"picked":"bronze:Terminator+1","floor":44},{"not_picked":[],"picked":"bronze:ClassDefault","floor":48},{"not_picked":[],"picked":"bronze:MaxOutput+1","floor":49},{"not_picked":["bronze:FineTuning"],"picked":"SKIP","floor":52}],"player_experience":2619696,"relics_obtained":[{"floor":7,"key":"hexamod:BolsterEngine"},{"floor":11,"key":"Centennial Puzzle"},{"floor":14,"key":"HornCleat"},{"floor":24,"key":"Omamori"},{"floor":25,"key":"InkBottle"},{"floor":28,"key":"Kunai"},{"floor":37,"key":"Shovel"},{"floor":40,"key":"Shuriken"},{"floor":42,"key":"Art of War"},{"floor":43,"key":"Old Coin"},{"floor":45,"key":"Guardian:PocketSentry"},{"floor":47,"key":"hexamod:CandleOfCauterizing"},{"floor":52,"key":"PreservedInsect"}],"event_choices":[],"is_beta":false,"boss_relics":[{"not_picked":["Snecko Eye","Pandora\u0027s Box"],"picked":"Busted Crown"},{"not_picked":["SacredBark","Black Star"],"picked":"Tiny House"}],"items_purged_floors":[13,21,39,46,53],"is_endless":false,"potions_floor_spawned":[2,4,9,15,16,22,27,31,32,33,37,42,49,52],"ascension_level":3}}