{"host":"szp1d6dso4pv7ddl","time":1612589016,"event":{"mods":["AchievementEnabler","Alarm Clock","BaseMod","Bestiary","Block Reminder","Colored Map","Colored Powertips","Curses Come First","Dark Map","Displayed Cursed Tome","Highlight Path","Minty Spire (QoL Compilation)","Permanent Neow","Quick Restart","Relic Sorter","Relic Stats","StSLib","Synergy Search"],"gold_per_floor":[119,119,119,119,139,139,152,177,177,212,212,248,320,320,320,320,320],"floor_reached":16,"language":"ENG","playtime":654,"items_purged":[],"score":205,"play_id":"6453a6b2-47d4-4099-bacd-ff05b3c4271a","local_time":"20210205212336","is_ascension_mode":true,"campfire_choices":[{"data":"Barricade","floor":6.0,"key":"SMITH"},{"data":"Carnage","floor":11.0,"key":"SMITH"},{"floor":15.0,"key":"REST"}],"circlet_count":0,"master_deck":["AscendersBane","Strike_R","Strike_R","Strike_R","Strike_R","Strike_R","Defend_R","Defend_R","Defend_R","Defend_R","Bash","Injury","Barricade+1","Ghostly Armor","Shrug It Off","Carnage+1","Iron Wave","Power Through+1","Pommel Strike"],"relics":["Burning Blood","Golden Idol","Tiny Chest","Toxic Egg 2","Smiling Mask","Kunai"],"acts_visited":["Exordium"],"potions_floor_usage":[],"damage_taken":[{"damage":0.0,"enemies":"2 Louse","floor":1.0,"turns":6.0},{"damage":7.0,"enemies":"Small Slimes","floor":5.0,"turns":4.0},{"damage":3.0,"enemies":"Cultist","floor":7.0,"turns":6.0},{"damage":11.0,"enemies":"Exordium Wildlife","floor":8.0,"turns":6.0},{"damage":24.0,"enemies":"Lagavulin","floor":10.0,"turns":7.0},{"damage":25.0,"enemies":"3 Sentries","floor":12.0,"turns":13.0},{"damage":66,"enemies":"Slime Boss","floor":16,"turns":13}],"seed_played":"2847161310488653903","potions_obtained":[{"floor":4.0,"key":"Fruit Juice"},{"floor":4.0,"key":"FearPotion"},{"floor":5.0,"key":"Swift Potion"}],"is_trial":false,"path_per_floor":["M","?","?","?","M","R","M","M","T","E","R","E","T","?","R","B"],"character_chosen":"IRONCLAD","items_purchased":[],"campfire_rested":1,"item_purchase_floors":[],"current_hp_per_floor":[74,74,74,79,78,78,80,75,75,57,57,38,38,38,62,0,0],"gold":320,"neow_bonus":"THREE_RARE_CARDS","is_daily":false,"chose_seed":false,"campfire_upgraded":2,"win_rate":0.0,"timestamp":1612589016,"path_taken":["M","?","?","?","M","R","?","M","T","E","R","E","?","?","R","BOSS"],"items_purchased_type":[],"build_version":"2020-12-22","purchased_purges":0,"victory":false,"max_hp_per_floor":[75,75,75,80,80,80,80,80,80,80,80,80,80,80,80,80,80],"relic_stats":{"counters":[7,55],"Golden Idol":26,"Tiny Chest":0,"Kunai":[0],"Smiling Mask":0,"obtain_stats":[{"Golden Idol":3,"Tiny Chest":9,"Kunai":13,"Toxic Egg 2":10,"Smiling Mask":12,"Burning Blood":0},{"Golden Idol":1,"Tiny Chest":4,"Kunai":6,"Toxic Egg 2":5,"Smiling Mask":6,"Burning Blood":0},{"Golden Idol":6,"Tiny Chest":22,"Kunai":42,"Toxic Egg 2":29,"Smiling Mask":42,"Burning Blood":0}],"Burning Blood":35},"card_choices":[{"not_picked":["Feed","Brutality"],"picked":"Barricade","floor":0.0},{"not_picked":["Rampage","Anger"],"picked":"Ghostly Armor","floor":1.0},{"not_picked":["Reckless Charge","Wild Strike"],"picked":"Shrug It Off","floor":5.0},{"not_picked":["Havoc","Hemokinesis"],"picked":"Carnage","floor":7.0},{"not_picked":["Ghostly Armor","Flex"],"picked":"Iron Wave","floor":8.0},{"not_picked":["Bludgeon","Twin Strike"],"picked":"Power Through+1","floor":10.0},{"not_picked":["Spot Weakness+1","Rampage"],"picked":"Pommel Strike","floor":12.0}],"player_experience":1374392,"relics_obtained":[{"floor":9.0,"key":"Tiny Chest"},{"floor":10.0,"key":"Toxic Egg 2"},{"floor":12.0,"key":"Smiling Mask"},{"floor":13.0,"key":"Kunai"}],"event_choices":[{"damage_healed":0.0,"max_hp_gain":0.0,"max_hp_loss":0.0,"gold_gain":0.0,"event_name":"Liars Game","player_choice":"Ignored","floor":2.0,"gold_loss":0.0,"damage_taken":0.0},{"damage_healed":0.0,"max_hp_gain":0.0,"max_hp_loss":0.0,"gold_gain":0.0,"event_name":"Golden Idol","player_choice":"Take Wound","floor":3.0,"gold_loss":0.0,"damage_taken":0.0,"relics_obtained":["Golden Idol"],"cards_obtained":["Injury"]},{"damage_healed":0.0,"max_hp_gain":0.0,"max_hp_loss":0.0,"gold_gain":0.0,"event_name":"Lab","player_choice":"Got Potions","floor":4.0,"gold_loss":0.0,"damage_taken":0.0},{"cards_removed":["Injury"],"damage_healed":0.0,"max_hp_gain":0.0,"max_hp_loss":0.0,"gold_gain":0.0,"event_name":"Living Wall","player_choice":"Forget","floor":14.0,"gold_loss":0.0,"damage_taken":0.0}],"is_beta":false,"boss_relics":[],"items_purged_floors":[],"is_endless":false,"potions_floor_spawned":[5,7,8],"killed_by":"Slime Boss","ascension_level":18}}