{"host":"c2p2isezsqpgoqg6","time":1612619656,"event":{"mods":["BaseMod","BetterRewards","Colored Map","DeckTracker","Minty Spire (QoL Compilation)","Quick Restart","StSLib","SuperFastMode"],"gold_per_floor":[115,6,24,44,44,44,79,79,91,143,170,183,194,212,212,245,260,260,260,364,364,379,389,389,407,407],"floor_reached":25,"language":"ENG","playtime":754,"items_purged":["Strike_R"],"score":217,"play_id":"3bcc608f-8cf4-400b-abd0-8593b0d3794e","local_time":"20210206145416","is_ascension_mode":false,"campfire_choices":[{"data":"Sword Boomerang","floor":6,"key":"SMITH"},{"data":"Pummel","floor":8,"key":"SMITH"},{"data":"Cleave","floor":15,"key":"SMITH"},{"floor":18,"key":"REST"},{"floor":19,"key":"REST"}],"circlet_count":0,"master_deck":["Strike_R","Strike_R+1","Strike_R+1","Strike_R","Defend_R","Defend_R","Defend_R","Defend_R","Bash","Pummel+1","Dropkick","Sword Boomerang+1","Twin Strike","Twin Strike","Cleave+1","Flex","Disarm","Demon Form","Armaments","Dual Wield","Writhe","Cleave","Wild Strike"],"relics":["Runic Pyramid","Darkstone Periapt","Whetstone","Boot","Nunchaku","Prayer Wheel","Fusion Hammer","Bronze Scales"],"acts_visited":["Exordium","TheCity"],"potions_floor_usage":[],"damage_taken":[{"damage":1,"enemies":"Cultist","floor":1,"turns":3},{"damage":2,"enemies":"Small Slimes","floor":3,"turns":4},{"damage":11,"enemies":"Jaw Worm","floor":4,"turns":2},{"damage":6,"enemies":"Gremlin Nob","floor":7,"turns":3},{"damage":14,"enemies":"Exordium Thugs","floor":9,"turns":3},{"damage":0,"enemies":"Large Slime","floor":12,"turns":2},{"damage":0,"enemies":"2 Fungi Beasts","floor":13,"turns":2},{"damage":0,"enemies":"Lots of Slimes","floor":14,"turns":2},{"damage":18,"enemies":"Lagavulin","floor":16,"turns":5},{"damage":6,"enemies":"Large Slime","floor":17,"turns":4},{"damage":54,"enemies":"Hexaghost","floor":20,"turns":8},{"damage":25,"enemies":"Spheric Guardian","floor":22,"turns":4},{"damage":10,"enemies":"Chosen","floor":23,"turns":2},{"damage":39,"enemies":"Shelled Parasite and Fungi","floor":25,"turns":4}],"seed_played":"-5607088786502197257","potions_obtained":[{"floor":1,"key":"Weak Potion"},{"floor":7,"key":"Energy Potion"},{"floor":13,"key":"SkillPotion"},{"floor":17,"key":"Strength Potion"}],"is_trial":false,"path_per_floor":["M","$","M","M","?","R","E","R","M","T","T","M","M","M","R","E","M","R","R","B",null,"M","M","?","M"],"character_chosen":"IRONCLAD","items_purchased":["Dropkick"],"campfire_rested":2,"item_purchase_floors":[2],"current_hp_per_floor":[79,79,77,66,66,66,60,60,46,46,46,46,46,46,46,28,22,46,70,16,80,55,45,51,12,12],"gold":407,"neow_bonus":"BOSS_RELIC","is_daily":false,"chose_seed":false,"campfire_upgraded":3,"win_rate":0.0,"timestamp":1612619656,"path_taken":["M","$","?","M","?","R","E","R","M","T","T","M","M","?","R","E","?","R","R","BOSS","M","M","?","M"],"items_purchased_type":["Card"],"build_version":"2020-12-22","purchased_purges":1,"victory":false,"max_hp_per_floor":[80,80,80,80,80,80,80,80,80,80,80,80,80,80,80,80,80,80,80,80,80,80,80,86,86,86],"card_choices":[{"not_picked":["Infernal Blade","Shrug It Off"],"picked":"Pummel","floor":1},{"not_picked":["Body Slam","Clash"],"picked":"Sword Boomerang","floor":3},{"not_picked":["Armaments","Warcry"],"picked":"Twin Strike","floor":4},{"not_picked":["Brutality","Heavy Blade"],"picked":"Twin Strike","floor":7},{"not_picked":["Intimidate","Iron Wave"],"picked":"Cleave","floor":9},{"not_picked":["Iron Wave","Uppercut","Havoc"],"picked":"SKIP","floor":12},{"not_picked":["Havoc","Clothesline","Headbutt"],"picked":"SKIP","floor":13},{"not_picked":["Reckless Charge","Armaments"],"picked":"Flex","floor":14},{"not_picked":["Anger","Battle Trance","Feel No Pain"],"picked":"SKIP","floor":16},{"not_picked":["Clothesline","Shrug It Off"],"picked":"Disarm","floor":17},{"not_picked":["Burning Pact","Wild Strike","Sentinel"],"picked":"SKIP","floor":17},{"not_picked":["Exhume","Juggernaut"],"picked":"Demon Form","floor":20},{"not_picked":["Clash","Blood for Blood","Perfected Strike+1"],"picked":"SKIP","floor":22},{"not_picked":["Shrug It Off","Blood for Blood","Perfected Strike"],"picked":"SKIP","floor":22},{"not_picked":["Clothesline","Warcry"],"picked":"Armaments","floor":23},{"not_picked":["Clash","Brutality"],"picked":"Dual Wield","floor":23},{"not_picked":["Wild Strike","Warcry+1"],"picked":"Cleave","floor":25},{"not_picked":["Dropkick","Warcry"],"picked":"Wild Strike","floor":25}],"player_experience":468184,"relics_obtained":[{"floor":7,"key":"Whetstone"},{"floor":10,"key":"Boot"},{"floor":11,"key":"Nunchaku"},{"floor":16,"key":"Prayer Wheel"}],"event_choices":[{"damage_healed":0,"gold_gain":0,"player_choice":"Gave Potion","damage_taken":0,"relics_obtained":["Darkstone Periapt"],"max_hp_gain":0,"max_hp_loss":0,"event_name":"WeMeetAgain","floor":5,"gold_loss":0},{"damage_healed":0,"gold_gain":0,"player_choice":"Opened","damage_taken":0,"relics_obtained":["Bronze Scales"],"max_hp_gain":0,"max_hp_loss":0,"event_name":"The Mausoleum","floor":24,"gold_loss":0,"cards_obtained":["Writhe"]}],"is_beta":false,"boss_relics":[{"not_picked":["Coffee Dripper","Philosopher\u0027s Stone"],"picked":"Fusion Hammer"}],"items_purged_floors":[2],"is_endless":false,"potions_floor_spawned":[1,7,13,17,20,22,23],"killed_by":"Shelled Parasite and Fungi","ascension_level":0}}