{"host":"815dqs41i1y8uxms","time":1612642333,"event":{"mods":["A Penny For Your Troubles","Act Like it!","BaseMod","GungeonMod","Minty Spire (QoL Compilation)","Rare Cards Sparkle","Shop Mod","Spire Arcade","StSLib"],"gold_per_floor":[47,47,59,75,75,149,168,212,212,233,258,258,258],"floor_reached":12,"language":"ENG","playtime":668,"items_purged":[],"score":84,"play_id":"36b4ecf0-7eeb-4549-bc9b-15e9b61d2835","local_time":"20210206211213","is_ascension_mode":false,"campfire_choices":[],"circlet_count":0,"master_deck":["DemoMod:Strike_Huntress","DemoMod:Strike_Huntress","DemoMod:Strike_Huntress","DemoMod:Defend_Huntress","DemoMod:Defend_Huntress","DemoMod:Defend_Huntress","DemoMod:Defend_Huntress","DemoMod:Roll","DemoMod:ManualReload","DemoMod:RustySidearm","DemoMod:CrossBow","DemoMod:Deposit","DemoMod:Unmoved","DemoMod:TeaPot","DemoMod:ProbeStrike","DemoMod:DirectionalPad","DemoMod:PotionOfGunFriendShip","DemoMod:Casey","DemoMod:HuntsMan","DemoMod:MachoBrace"],"relics":["DemoMod:Dog","Question Card","Golden Idol","Matryoshka","Juzu Bracelet","Bottled Flame"],"acts_visited":["Exordium"],"potions_floor_usage":[1,12],"damage_taken":[{"damage":1,"enemies":"Jaw Worm","floor":1,"turns":5},{"damage":0,"enemies":"Small Slimes","floor":3,"turns":4},{"damage":3,"enemies":"2 Louse","floor":4,"turns":2},{"damage":34,"enemies":"Lagavulin","floor":6,"turns":7},{"damage":5,"enemies":"Looter","floor":7,"turns":3},{"damage":2,"enemies":"Blue Slaver","floor":8,"turns":8},{"damage":0,"enemies":"Exordium Thugs","floor":10,"turns":3},{"damage":0,"enemies":"Large Slime","floor":11,"turns":3},{"damage":15,"enemies":"3 Sentries","floor":12,"turns":2}],"seed_played":"-380254269653072784","potions_obtained":[{"floor":1,"key":"Fruit Juice"},{"floor":6,"key":"Ancient Potion"},{"floor":8,"key":"SteroidPotion"}],"is_trial":false,"path_per_floor":["M","?","M","M","?","E","M","M","T","M","M","E"],"character_chosen":"HUNTRESS","items_purchased":[],"campfire_rested":0,"item_purchase_floors":[],"current_hp_per_floor":[74,56,56,53,53,19,14,12,12,12,12,0,0],"gold":258,"neow_bonus":"RANDOM_COLORLESS_2","is_daily":false,"chose_seed":false,"campfire_upgraded":0,"win_rate":0.0,"timestamp":1612642333,"path_taken":["M","?","M","M","?","E","M","M","T","M","M","E"],"items_purchased_type":[],"build_version":"2020-12-22","purchased_purges":0,"victory":false,"max_hp_per_floor":[75,75,75,75,69,69,69,69,69,69,69,69,69],"card_choices":[{"not_picked":["Sadistic Nature","HandOfGreed"],"picked":"DemoMod:Deposit","floor":0},{"not_picked":["DemoMod:Replace","DemoMod:HardPowerCard"],"picked":"DemoMod:Unmoved","floor":1},{"not_picked":["DemoMod:SAA","DemoMod:Behold!","DemoMod:HuntsMan"],"picked":"DemoMod:TeaPot","floor":3},{"not_picked":["DemoMod:FastSwitch","DemoMod:EasyReloadBullets","DemoMod:TeaPot"],"picked":"DemoMod:ProbeStrike","floor":4},{"not_picked":["DemoMod:HardPowerCard","DemoMod:ZorGun","DemoMod:DoubleSwitch"],"picked":"DemoMod:DirectionalPad","floor":6},{"not_picked":["DemoMod:Ejector","DemoMod:ZorGun","DemoMod:SpreadAmmo"],"picked":"DemoMod:PotionOfGunFriendShip","floor":7},{"not_picked":["DemoMod:TableSutra","DemoMod:DirectionalPad","DemoMod:BoxingGlove"],"picked":"DemoMod:Casey","floor":8},{"not_picked":["DemoMod:MegaHand","DemoMod:GunShield","DemoMod:ChanceBullets"],"picked":"DemoMod:HuntsMan","floor":10},{"not_picked":["DemoMod:JK47","DemoMod:Eureka","DemoMod:SAA"],"picked":"DemoMod:MachoBrace","floor":11}],"player_experience":3747628,"relics_obtained":[{"floor":6,"key":"Matryoshka"},{"floor":9,"key":"Juzu Bracelet"},{"floor":9,"key":"Bottled Flame"}],"event_choices":[{"damage_healed":0,"gold_gain":0,"player_choice":"Success","damage_taken":18,"relics_obtained":["Question Card"],"max_hp_gain":0,"max_hp_loss":0,"event_name":"Scrap Ooze","floor":2,"gold_loss":0},{"damage_healed":0,"gold_gain":0,"player_choice":"Lose Max HP","damage_taken":0,"relics_obtained":["Golden Idol"],"max_hp_gain":0,"max_hp_loss":6,"event_name":"Golden Idol","floor":5,"gold_loss":0}],"is_beta":false,"boss_relics":[],"items_purged_floors":[],"is_endless":false,"potions_floor_spawned":[1,6,8],"killed_by":"3 Sentries","ascension_level":0}}