{"host":"vpaavrwbmey593fx","time":1612585972,"event":{"mods":["AchievementEnabler","BaseMod","Bestiary","Colored Map","Colored Powertips","DeckTracker","Minty Spire (QoL Compilation)","Relic Sorter"],"gold_per_floor":[117,136,149,165,165,165,165,165,190,210,240,252,282,282,282,413,413,436,436,436,448,467,493,493,528,551,551,583,583,600,254,254,349,349,361,373,373,387,397,422,422,145,169,200,200,200,200],"floor_reached":46,"language":"ENG","playtime":3291,"items_purged":[],"score":748,"play_id":"e27d8ca3-5de1-4bca-abdc-5ff68b181564","local_time":"20210205203252","is_ascension_mode":true,"campfire_choices":[{"data":"Sweeping Beam","floor":6.0,"key":"SMITH"},{"data":"Conserve Battery","floor":8.0,"key":"SMITH"},{"floor":15.0,"key":"REST"},{"floor":24.0,"key":"RECALL"},{"floor":27.0,"key":"REST"},{"floor":32.0,"key":"DIG"},{"floor":41.0,"key":"DIG"}],"circlet_count":0,"master_deck":["Strike_B+1","Strike_B+1","Strike_B+1","Strike_B+1","Defend_B+1","Defend_B+1","Defend_B+1","Defend_B+1","Zap+1","Dualcast+1","Conserve Battery+1","Leap","Sweeping Beam+1","Cold Snap","Beam Cell","Sunder+1","Machine Learning","Hyperbeam","Turbo","Capacitor","Go for the Eyes","Hologram","Barrage+1","Redo+1","Apotheosis"],"relics":["Cracked Core","Art of War","Centennial Puzzle","Bronze Scales","Strawberry","Bloody Idol","Fusion Hammer","Ancient Tea Set","StoneCalendar","Pen Nib","Shovel","DataDisk","Runic Capacitor","Bag of Marbles","Snecko Eye","Pear","Regal Pillow","Smiling Mask"],"acts_visited":["Exordium","TheCity","TheBeyond"],"potions_floor_usage":[],"damage_taken":[{"damage":2.0,"enemies":"Jaw Worm","floor":1.0,"turns":4.0},{"damage":0.0,"enemies":"Small Slimes","floor":2.0,"turns":3.0},{"damage":7.0,"enemies":"2 Louse","floor":3.0,"turns":2.0},{"damage":12.0,"enemies":"Large Slime","floor":4.0,"turns":6.0},{"damage":3.0,"enemies":"Blue Slaver","floor":10.0,"turns":4.0},{"damage":15.0,"enemies":"Lagavulin","floor":11.0,"turns":7.0},{"damage":17.0,"enemies":"Exordium Wildlife","floor":12.0,"turns":3.0},{"damage":0.0,"enemies":"Gremlin Nob","floor":13.0,"turns":3.0},{"damage":9.0,"enemies":"Hexaghost","floor":16.0,"turns":9.0},{"damage":2.0,"enemies":"3 Byrds","floor":18.0,"turns":2.0},{"damage":0.0,"enemies":"Spheric Guardian","floor":21.0,"turns":3.0},{"damage":18.0,"enemies":"Snake Plant","floor":22.0,"turns":3.0},{"damage":12.0,"enemies":"Gremlin Leader","floor":23.0,"turns":6.0},{"damage":15.0,"enemies":"Slavers","floor":25.0,"turns":3.0},{"damage":22.0,"enemies":"Book of Stabbing","floor":28.0,"turns":6.0},{"damage":0.0,"enemies":"Snecko","floor":30.0,"turns":5.0},{"damage":29.0,"enemies":"Champ","floor":33.0,"turns":10.0},{"damage":4.0,"enemies":"3 Shapes","floor":35.0,"turns":2.0},{"damage":1.0,"enemies":"3 Darklings","floor":36.0,"turns":4.0},{"damage":9.0,"enemies":"Maw","floor":38.0,"turns":7.0},{"damage":4.0,"enemies":"Jaw Worm Horde","floor":39.0,"turns":2.0},{"damage":0.0,"enemies":"Reptomancer","floor":40.0,"turns":2.0},{"damage":67.0,"enemies":"Giant Head","floor":44.0,"turns":9.0},{"damage":25,"enemies":"Reptomancer","floor":46,"turns":2}],"seed_played":"-1788545105589867780","potions_obtained":[{"floor":1.0,"key":"Block Potion"},{"floor":3.0,"key":"Dexterity Potion"},{"floor":4.0,"key":"SkillPotion"},{"floor":13.0,"key":"Weak Potion"},{"floor":21.0,"key":"Dexterity Potion"},{"floor":23.0,"key":"Energy Potion"},{"floor":25.0,"key":"EssenceOfSteel"},{"floor":28.0,"key":"Swift Potion"},{"floor":36.0,"key":"Fire Potion"},{"floor":38.0,"key":"SneckoOil"},{"floor":44.0,"key":"BlessingOfTheForge"}],"is_trial":false,"path_per_floor":["M","M","M","M","?","R","?","R","T","M","E","M","E","?","R","B",null,"M","?","?","M","M","E","R","E","T","R","E","?","M","$","R","B",null,"M","M","?","M","M","E","R","$","T","E","$","E"],"character_chosen":"DEFECT","items_purchased":["DataDisk","Runic Capacitor","PowerPotion","CultistPotion","Apotheosis"],"campfire_rested":2,"item_purchase_floors":[31,31,31,42,42],"current_hp_per_floor":[73,73,66,54,54,54,47,47,47,44,29,12,19,19,41,32,65,63,63,63,68,55,48,48,38,43,65,48,48,53,53,53,29,64,65,69,69,65,66,81,81,81,86,24,24,0,0],"gold":200,"neow_bonus":"UPGRADE_CARD","is_daily":false,"chose_seed":false,"campfire_upgraded":2,"win_rate":0.0,"timestamp":1612585972,"path_taken":["M","M","M","M","?","R","?","R","T","M","E","M","E","?","R","BOSS","M","?","?","M","M","E","R","E","T","R","E","?","M","?","R","BOSS","M","M","?","M","M","E","R","$","T","E","$","E"],"items_purchased_type":["Relic","Relic","Potion","Potion","Card"],"build_version":"2020-12-22","purchased_purges":0,"victory":false,"max_hp_per_floor":[75,75,75,75,75,75,75,75,75,75,75,75,82,76,76,76,76,76,76,76,76,76,76,76,76,76,76,76,76,76,76,76,76,76,76,76,76,76,76,86,86,86,86,86,86,86,86],"card_choices":[{"not_picked":["Blizzard","Loop"],"picked":"Conserve Battery","floor":1.0},{"not_picked":["Barrage","Reprogram"],"picked":"Leap","floor":2.0},{"not_picked":["Tempest","Fusion","Skim"],"picked":"SKIP","floor":3.0},{"not_picked":["Undo","Cold Snap"],"picked":"Sweeping Beam","floor":4.0},{"not_picked":["Blizzard","Conserve Battery"],"picked":"Cold Snap","floor":10.0},{"not_picked":["Ball Lightning","Chill"],"picked":"Beam Cell","floor":11.0},{"not_picked":["Undo","Static Discharge"],"picked":"Sunder","floor":12.0},{"not_picked":["Hologram","Coolheaded"],"picked":"Machine Learning","floor":13.0},{"not_picked":["Multi-Cast","Core Surge"],"picked":"Hyperbeam","floor":16.0},{"not_picked":["Barrage","Auto Shields"],"picked":"Turbo","floor":18.0},{"not_picked":["Streamline","Leap+1"],"picked":"Capacitor","floor":21.0},{"not_picked":["Gash","Ball Lightning","Storm"],"picked":"SKIP","floor":22.0},{"not_picked":["Rebound","Turbo","Biased Cognition"],"picked":"SKIP","floor":23.0},{"not_picked":["Ball Lightning","Stack"],"picked":"Go for the Eyes","floor":25.0},{"not_picked":["Barrage","Recycle","Rebound"],"picked":"SKIP","floor":28.0},{"not_picked":["Auto Shields","Genetic Algorithm+1"],"picked":"Hologram","floor":30.0},{"not_picked":["Compile Driver","Turbo+1","Reprogram"],"picked":"SKIP","floor":35.0},{"not_picked":["Hologram+1","Stack+1","Go for the Eyes"],"picked":"SKIP","floor":36.0},{"not_picked":["Capacitor+1","Hologram+1"],"picked":"Barrage+1","floor":38.0},{"not_picked":["Compile Driver+1","Steam Power+1","Scrape"],"picked":"SKIP","floor":39.0},{"not_picked":["Undo","Cold Snap"],"picked":"Redo+1","floor":40.0},{"not_picked":["Beam Cell+1","White Noise","Turbo"],"picked":"SKIP","floor":44.0}],"player_experience":322424,"relics_obtained":[{"floor":9.0,"key":"Centennial Puzzle"},{"floor":11.0,"key":"Bronze Scales"},{"floor":13.0,"key":"Strawberry"},{"floor":23.0,"key":"Ancient Tea Set"},{"floor":25.0,"key":"StoneCalendar"},{"floor":26.0,"key":"Pen Nib"},{"floor":28.0,"key":"Shovel"},{"floor":32.0,"key":"Bag of Marbles"},{"floor":40.0,"key":"Pear"},{"floor":41.0,"key":"Regal Pillow"},{"floor":44.0,"key":"Smiling Mask"}],"event_choices":[{"damage_healed":0.0,"max_hp_gain":0.0,"max_hp_loss":0.0,"gold_gain":0.0,"event_name":"Living Wall","player_choice":"Grow","floor":5.0,"gold_loss":0.0,"damage_taken":0.0,"cards_upgraded":["Dualcast"]},{"damage_healed":0.0,"max_hp_gain":0.0,"max_hp_loss":0.0,"gold_gain":0.0,"event_name":"Scrap Ooze","player_choice":"Success","floor":7.0,"gold_loss":0.0,"damage_taken":7.0,"relics_obtained":["Art of War"]},{"damage_healed":0.0,"max_hp_gain":0.0,"max_hp_loss":6.0,"gold_gain":0.0,"event_name":"Golden Idol","player_choice":"Lose Max HP","floor":14.0,"gold_loss":0.0,"damage_taken":0.0,"relics_obtained":["Golden Idol"]},{"damage_healed":0.0,"max_hp_gain":0.0,"max_hp_loss":0.0,"gold_gain":0.0,"event_name":"Back to Basics","player_choice":"Simplicity","floor":19.0,"gold_loss":0.0,"damage_taken":0.0,"cards_upgraded":["Strike_B","Strike_B","Strike_B","Strike_B","Defend_B","Defend_B","Defend_B","Defend_B"]},{"damage_healed":0.0,"max_hp_gain":0.0,"max_hp_loss":0.0,"gold_gain":0.0,"event_name":"Forgotten Altar","player_choice":"Gave Idol","floor":20.0,"relics_lost":["Golden Idol"],"gold_loss":0.0,"damage_taken":0.0,"relics_obtained":["Bloody Idol"]},{"damage_healed":0.0,"max_hp_gain":0.0,"max_hp_loss":0.0,"gold_gain":0.0,"event_name":"Vampires","player_choice":"Ignored","floor":29.0,"gold_loss":0.0,"damage_taken":0.0},{"damage_healed":0.0,"max_hp_gain":0.0,"max_hp_loss":0.0,"gold_gain":0.0,"event_name":"Accursed Blacksmith","player_choice":"Forge","floor":37.0,"gold_loss":0.0,"damage_taken":0.0,"cards_upgraded":["Sunder"]}],"is_beta":false,"boss_relics":[{"not_picked":["Philosopher\u0027s Stone","Velvet Choker"],"picked":"Fusion Hammer"},{"not_picked":["Runic Pyramid","FrozenCore"],"picked":"Snecko Eye"}],"items_purged_floors":[],"is_endless":false,"potions_floor_spawned":[1,3,4,13,16,21,23,25,28,36,38,44],"killed_by":"Reptomancer","ascension_level":5}}