{"host":"93i08ytspyv2sxp5","time":1612641006,"event":{"mods":["Act Like it!","Arknights","Aspiration","BaseMod","Better Match","Better Note","Better Third Choice","BetterRewards","Block Reminder","ChefMod","Colored Map","Colored Powertips","Downfall-Rebalance","Energized Spire","GungeonMod","Hermit","Hero for Fun","Highlight Path","Hubris","Jedi Mod","Minty Spire (QoL Compilation)","Quick Restart","Random Character Button","Rare Cards Sparkle","Replay The Spire","Robot Space Explorer","Shop Mod","Spicy Shops","Spire Arcade","StSLib","The IronCluck","TheHero","Transform Curses","Waifu the Spire","Wandering Minibosses","slay the spire mod where everything is the same but ironclad has a cowboy hat"],"gold_per_floor":[112,112,155,170,94,94,128,183,183,183,201,201,212,231,231,231,231],"floor_reached":16,"language":"ENG","playtime":570,"items_purged":[],"score":125,"play_id":"dabc0822-e2cb-498b-bdda-97e450b5181d","local_time":"20210206145006","is_ascension_mode":false,"campfire_choices":[{"data":"RobotSpaceExplorer:PowerGlove","floor":6.0,"key":"SMITH"},{"data":"RobotSpaceExplorer:PowerGlove","floor":15.0,"key":"SMITH"}],"circlet_count":0,"master_deck":["RobotSpaceExplorer:Strike","RobotSpaceExplorer:Strike","RobotSpaceExplorer:Strike","RobotSpaceExplorer:Strike","RobotSpaceExplorer:Defend","RobotSpaceExplorer:Defend","RobotSpaceExplorer:Defend","RobotSpaceExplorer:Defend+1","RobotSpaceExplorer:Scan","RobotSpaceExplorer:MiniLasers","RobotSpaceExplorer:TurboDodge","RobotSpaceExplorer:PowerGlove+1","RobotSpaceExplorer:SlimeMissile","RobotSpaceExplorer:StarLightning","RobotSpaceExplorer:ToxicBomb","Injury","RobotSpaceExplorer:FranticSearch","RobotSpaceExplorer:PowerGlove+1","RobotSpaceExplorer:Multitool"],"relics":["RobotSpaceExplorer:RoboCore","NeowsBlessing","Medical Kit","DemoMod:Antibody","Pen Nib","Molten Egg 2","hubris:Icosahedron"],"acts_visited":["Exordium"],"potions_floor_usage":[],"damage_taken":[{"damage":0.0,"enemies":"Jaw Worm","floor":1.0,"turns":1.0},{"damage":0.0,"enemies":"Small Slimes","floor":4.0,"turns":1.0},{"damage":0.0,"enemies":"Gremlin Nob","floor":7.0,"turns":1.0},{"damage":3.0,"enemies":"3 Sentries","floor":8.0,"turns":8.0},{"damage":0.0,"enemies":"Cultist","floor":11.0,"turns":2.0},{"damage":1.0,"enemies":"Looter","floor":13.0,"turns":3.0},{"damage":3.0,"enemies":"3 Louse","floor":14.0,"turns":3.0},{"damage":45,"enemies":"Fading Forest","floor":16,"turns":8}],"seed_played":"-5211833489595771754","potions_obtained":[{"floor":1.0,"key":"Energy Potion"},{"floor":3.0,"key":"Languid Potion"},{"floor":3.0,"key":"jedi:tentaclejuice"},{"floor":3.0,"key":"SmokeBomb"},{"floor":8.0,"key":"Block Potion"},{"floor":11.0,"key":"jedi:StrikingPotion"}],"is_trial":false,"path_per_floor":["M","?","?","M","$","R","E","?","T","?","M","?","M","M","R","B"],"character_chosen":"RobotSpaceExplorer","items_purchased":["Medical Kit"],"campfire_rested":0,"item_purchase_floors":[5],"current_hp_per_floor":[75,75,75,75,75,75,75,72,72,72,72,72,71,68,68,33,33],"gold":231,"neow_bonus":"THREE_ENEMY_KILL","is_daily":false,"chose_seed":false,"campfire_upgraded":2,"win_rate":0.0,"timestamp":1612641006,"path_taken":["M","?","?","?","$","R","E","?","T","?","?","?","M","M","R","BOSS"],"items_purchased_type":["Relic"],"build_version":"2020-12-22","purchased_purges":0,"victory":false,"max_hp_per_floor":[75,75,75,75,75,75,75,75,75,75,75,75,75,75,75,75,75],"card_choices":[{"not_picked":["RobotSpaceExplorer:ScrapShield","RobotSpaceExplorer:StunGrenade"],"picked":"RobotSpaceExplorer:TurboDodge","floor":1.0},{"not_picked":["RobotSpaceExplorer:MetalStrike","RobotSpaceExplorer:JunkDive"],"picked":"RobotSpaceExplorer:PowerGlove","floor":3.0},{"not_picked":["RobotSpaceExplorer:StarLightning","RobotSpaceExplorer:Reload"],"picked":"RobotSpaceExplorer:SlimeMissile","floor":4.0},{"not_picked":["RobotSpaceExplorer:SurgingShield","RobotSpaceExplorer:DualCore"],"picked":"RobotSpaceExplorer:StarLightning","floor":7.0},{"not_picked":["RobotSpaceExplorer:Ammunition","RobotSpaceExplorer:ImprovisedAttack"],"picked":"RobotSpaceExplorer:ToxicBomb","floor":8.0},{"not_picked":["RobotSpaceExplorer:StarLightning+1","RobotSpaceExplorer:Reload"],"picked":"RobotSpaceExplorer:FranticSearch","floor":11.0},{"not_picked":["RobotSpaceExplorer:GearShield","RobotSpaceExplorer:ImprovisedAttack+1"],"picked":"RobotSpaceExplorer:PowerGlove","floor":13.0},{"not_picked":["RobotSpaceExplorer:Pulsar","RobotSpaceExplorer:RigExplosive"],"picked":"RobotSpaceExplorer:Multitool","floor":14.0}],"player_experience":304526,"relics_obtained":[{"floor":7.0,"key":"DemoMod:Antibody"}],"event_choices":[{"damage_healed":0.0,"max_hp_gain":0.0,"max_hp_loss":0.0,"gold_gain":0.0,"event_name":"Dead Adventurer","player_choice":"Searched \u00272\u0027 times","floor":8.0,"gold_loss":0.0,"damage_taken":0.0,"relics_obtained":["Pen Nib"]}],"is_beta":false,"boss_relics":[],"items_purged_floors":[],"is_endless":false,"potions_floor_spawned":[1,8,11,13],"killed_by":"Fading Forest","ascension_level":0}}