{"host":"jfbo3eu2ui08ej1u","time":1612599449,"event":{"mods":["2.2 Compatiblity","AchievementEnabler","Act Like it!","Aspiration","BaseMod","Better Altar","Better Match","Better Note","Better Sensory Stone","Better Skull","Better Third Choice","Block Reminder","Colored Map","Colored Powertips","Conspire","DeckTracker","Displayed Cursed Tome","Energized Spire","Fox Events","GifTheSpireLib","Hermit","Hubris","Infinite Spire","Marked Mod","Minty Spire (QoL Compilation)","Monster B Gone","Pale of the Ancients","Poor People Problems","Quick Restart","Relic Filter","Reliquary","Reorder Act Four","Replay The Spire","Shop Mod","Spicy Shops","Spire Arcade","StSLib","Stuff the Spire","The Blue Laboratory","The Disciple","The Forsaken","The Hierophant","The Marked","Uncapped","Unceasing Turn Reminder","Wandering Minibosses"],"gold_per_floor":[110,127,127,127,23,23,51,51,51,65,65,85,99,127,127,199,199,215,7,7,7,7,7,32,55,79,95,536,536,565,588,588,681,681,701,701,701,701,725,759,759,777,802,802,802,825,847,180,180,200,309,321,344,375,45,45,45,45],"floor_reached":57,"language":"ENG","playtime":3574,"items_purged":["Looming Evil","Strike_G","Strike_G","Strike_G","Strike_G"],"score":1968,"play_id":"864bebf9-fc90-4e63-980a-00c641f07550","local_time":"20210206031729","is_ascension_mode":true,"campfire_choices":[{"data":"Sucker Punch","floor":6.0,"key":"SMITH"},{"floor":11.0,"key":"REST"},{"floor":15.0,"key":"REST"},{"floor":23.0,"key":"REST"},{"data":"StuffTheSpire:Incantation","floor":29.0,"key":"SMITH"},{"data":"StuffTheSpire:MirrorStance","floor":32.0,"key":"SMITH"},{"floor":41.0,"key":"REST"},{"floor":44.0,"key":"REST"},{"data":"Thinking Ahead","floor":49.0,"key":"SMITH"},{"data":"After Image","floor":56.0,"key":"SMITH"}],"circlet_count":0,"master_deck":["AscendersBane","Strike_G","Defend_G","Defend_G","Defend_G","Defend_G","Defend_G","Survivor","Neutralize","ReplayTheSpireMod:Tripwire","Cloak And Dagger","Backflip","Sucker Punch+1","Finisher","StuffTheSpire:Shiver","Dash","After Image+1","Secret Technique+1","Flash of Steel","Thinking Ahead+1","Prepared","Footwork+1","StuffTheSpire:FreeRealEstate","Dagger Spray","StuffTheSpire:Incantation+1","PiercingWail","StuffTheSpire:MirrorStance+1","Corpse Explosion","Madness","Madness","Backflip","Riddle With Holes","Blur","PiercingWail","Dagger Throw+1","Flash of Steel","Footwork","Acrobatics+1","ReplayTheSpireMod:From All Sides","Acrobatics+1","Noxious Fumes"],"relics":["Ring of the Snake","ReplayTheSpireMod:Shallot","ReplayTheSpireMod:Ring of Collecting","ReplayTheSpireMod:Ring of Exchange","CaptainsWheel","Ring of Fury","infinitespire:EmpoweringShard","conspire:InfiniteJournal","ReplayTheSpireMod:ShopPack","Onion Ring","hubris:VirtuousBlindfold","Bloody Idol","Ring of Peace","StuffTheSpire:WitherSkull","Membership Card","hubris:Icosahedron","Boot","infinitespire:Satchel","reliquary:FerryPass","theForsaken:HumbleEgg","Pet Ghost","TwistedFunnel","Dream Catcher","paleoftheancients:Timepiece","paleoftheancients:KeyRelic","Gremlin Horn","CultistMask","HornCleat"],"acts_visited":["Exordium","TheCity","TheBeyond","paleoftheancients:PaleOfTheAncients"],"potions_floor_usage":[],"damage_taken":[{"damage":2.0,"enemies":"conspire:RoseBush","floor":1.0,"turns":5.0},{"damage":5.0,"enemies":"Jaw Worm","floor":2.0,"turns":6.0},{"damage":47.0,"enemies":"3 Sentries","floor":7.0,"turns":18.0},{"damage":0.0,"enemies":"2 Louse","floor":10.0,"turns":2.0},{"damage":0.0,"enemies":"Red Slaver","floor":12.0,"turns":3.0},{"damage":0.0,"enemies":"2 Fungi Beasts","floor":13.0,"turns":1.0},{"damage":6.0,"enemies":"Lagavulin","floor":14.0,"turns":7.0},{"damage":38.0,"enemies":"Hexaghost","floor":16.0,"turns":12.0},{"damage":0.0,"enemies":"Chosen","floor":18.0,"turns":5.0},{"damage":5.0,"enemies":"conspire:FuzzyDice","floor":24.0,"turns":6.0},{"damage":1.0,"enemies":"Shelled Parasite and Fungi","floor":25.0,"turns":6.0},{"damage":0.0,"enemies":"Snake Plant","floor":27.0,"turns":5.0},{"damage":0.0,"enemies":"Cultist and Chosen","floor":30.0,"turns":9.0},{"damage":0.0,"enemies":"conspire:HollyBat","floor":31.0,"turns":9.0},{"damage":58.0,"enemies":"Collector","floor":33.0,"turns":14.0},{"damage":0.0,"enemies":"3 Darklings","floor":35.0,"turns":3.0},{"damage":0.0,"enemies":"Orb Walker","floor":39.0,"turns":5.0},{"damage":57.0,"enemies":"Giant Head","floor":40.0,"turns":11.0},{"damage":33.0,"enemies":"Transient","floor":42.0,"turns":6.0},{"damage":0.0,"enemies":"Maw","floor":46.0,"turns":8.0},{"damage":1.0,"enemies":"Writhing Mass","floor":47.0,"turns":7.0},{"damage":48.0,"enemies":"infinitespire:MassOfShapes","floor":50.0,"turns":20.0},{"damage":37.0,"enemies":"Donu and Deca","floor":51.0,"turns":9.0},{"damage":105.0,"enemies":"Donu and Deca","floor":52.0,"turns":9.0},{"damage":42.0,"enemies":"Donu and Deca","floor":53.0,"turns":10.0},{"damage":0.0,"enemies":"conspire:MimicChest","floor":54.0,"turns":3.0},{"damage":0,"enemies":"conspire:MimicChest","floor":57,"turns":1}],"seed_played":"2768978039578863348","potions_obtained":[{"floor":7.0,"key":"Energy Potion"},{"floor":12.0,"key":"blueLaboratory:BottleOfRum"},{"floor":14.0,"key":"Fruit Juice"},{"floor":16.0,"key":"blueLaboratory:FruitPunch"},{"floor":18.0,"key":"blueLaboratory:ForbiddenFruitJuice"},{"floor":27.0,"key":"Energy Potion"},{"floor":46.0,"key":"AttackPotion"},{"floor":47.0,"key":"blueLaboratory:Virophage"},{"floor":54.0,"key":"blueLaboratory:BottledHope"}],"is_trial":false,"path_per_floor":["M","M","?","?","$","R","E","$","T","M","R","M","M","E","R","B",null,"M","$","?","AVR","?","R","M","M","T","M","?","R","M","M","R","B",null,"M","?","?","?","M","E","R","M","T","R","?","M","M","$","R","B","B","M","M","?","$","R","M"],"character_chosen":"THE_SILENT","items_purchased":["Sucker Punch","Footwork+1","StuffTheSpire:FreeRealEstate","reliquary:FerryPass","theForsaken:HumbleEgg","Dagger Throw+1","Flash of Steel","Pet Ghost","Footwork","TwistedFunnel","Dream Catcher","ReplayTheSpireMod:From All Sides","Acrobatics+1","Noxious Fumes"],"campfire_rested":5,"item_purchase_floors":[5,19,19,48,48,48,48,48,48,48,48,55,55,55],"current_hp_per_floor":[57,52,52,52,52,52,5,5,5,5,24,24,24,23,44,6,55,55,55,55,55,16,37,42,56,61,71,48,48,63,71,71,25,61,71,71,71,58,68,26,47,24,29,50,50,70,73,73,73,45,61,73,41,51,51,51,51,51],"gold":45,"neow_bonus":"THREE_CARDS","is_daily":false,"chose_seed":false,"campfire_upgraded":5,"win_rate":0.0,"timestamp":1612599449,"path_taken":["M","M","?","?","$","R","E","?","T","M","R","M","?","E","R","BOSS","M","$","?","AVR","?","R","M","M","T","M","?","R","M","M","R","BOSS","M","?","?","?","?","E","R","M","T","R","?","?","M","$","R","BOSS","BOSS","M","M","?","$","R","M"],"items_purchased_type":["Card","Card","Card","Relic","Relic","Card","Card","Relic","Card","Relic","Relic","Card","Card","Card"],"build_version":"2020-12-22","purchased_purges":5,"victory":false,"max_hp_per_floor":[66,66,66,66,66,66,66,66,66,66,66,66,66,71,71,71,71,71,71,71,71,71,71,71,71,71,71,71,71,71,71,71,73,73,73,73,73,73,73,73,73,73,73,73,73,73,73,73,73,73,73,73,73,73,73,73,73,73],"card_choices":[{"not_picked":["Outmaneuver","StuffTheSpire:ClusterCrunch"],"picked":"ReplayTheSpireMod:Tripwire","floor":0.0},{"not_picked":["Acrobatics","Outmaneuver"],"picked":"Cloak And Dagger","floor":1.0},{"not_picked":["StuffTheSpire:ReptileScales","Reflex"],"picked":"Backflip","floor":2.0},{"not_picked":["Escape Plan","Catalyst"],"picked":"Finisher","floor":7.0},{"not_picked":["StuffTheSpire:BumpUp","Flying Knee"],"picked":"StuffTheSpire:Shiver","floor":10.0},{"not_picked":["StuffTheSpire:BumpUp","Deflect","Outmaneuver"],"picked":"SKIP","floor":12.0},{"not_picked":["Replay:Bag of Tricks","Sneak Up","Acrobatics"],"picked":"SKIP","floor":13.0},{"not_picked":["Backflip","hubris:SlightOfHand"],"picked":"Dash","floor":14.0},{"not_picked":["Venomology","StuffTheSpire:FinalStruggle"],"picked":"After Image","floor":16.0},{"not_picked":["HandOfGreed","Transmutation"],"picked":"Secret Technique","floor":17.0},{"not_picked":["Deep Breath","Mayhem"],"picked":"Flash of Steel","floor":17.0},{"not_picked":["Impatience","Replay:Sssssssssshield"],"picked":"Thinking Ahead","floor":17.0},{"not_picked":["Underhanded Strike","StuffTheSpire:BumpUp+1"],"picked":"Prepared","floor":18.0},{"not_picked":["Replay:Bag of Tricks","Outmaneuver"],"picked":"Dagger Spray","floor":24.0},{"not_picked":["Noxious Fumes","StuffTheSpire:Injection","conspire:PoisonWeapons"],"picked":"SKIP","floor":25.0},{"not_picked":["Slice","Deflect"],"picked":"StuffTheSpire:Incantation","floor":27.0},{"not_picked":["Crippling Poison","Deadly Poison"],"picked":"PiercingWail","floor":30.0},{"not_picked":["Slice","Setup"],"picked":"StuffTheSpire:MirrorStance","floor":31.0},{"not_picked":["Unload","Doppelganger"],"picked":"Corpse Explosion","floor":33.0},{"not_picked":["ReplayTheSpireMod:Exploit Weakness","Bane","StuffTheSpire:Incursion"],"picked":"SKIP","floor":35.0},{"not_picked":["hubris:SlightOfHand+1","Flying Knee"],"picked":"Backflip","floor":39.0},{"not_picked":["Reflex+1","Phantasmal Killer"],"picked":"Riddle With Holes","floor":40.0},{"not_picked":["Dodge and Roll+1","Dash","Sucker Punch"],"picked":"SKIP","floor":42.0},{"not_picked":["Terror","Poisoned Stab+1"],"picked":"Blur","floor":46.0},{"not_picked":["Dagger Spray","Toxin Wave"],"picked":"PiercingWail","floor":47.0},{"not_picked":["hubris:SlightOfHand+1","StuffTheSpire:BumpUp+1","Dodge and Roll+1"],"picked":"SKIP","floor":53.0},{"not_picked":["Blur+1","Outmaneuver+1"],"picked":"Acrobatics+1","floor":54.0}],"player_experience":1301687,"relics_obtained":[{"floor":4.0,"key":"ReplayTheSpireMod:Ring of Collecting"},{"floor":4.0,"key":"ReplayTheSpireMod:Ring of Exchange"},{"floor":7.0,"key":"CaptainsWheel"},{"floor":9.0,"key":"Ring of Fury"},{"floor":9.0,"key":"infinitespire:EmpoweringShard"},{"floor":14.0,"key":"conspire:InfiniteJournal"},{"floor":26.0,"key":"Ring of Peace"},{"floor":26.0,"key":"StuffTheSpire:WitherSkull"},{"floor":40.0,"key":"Boot"},{"floor":43.0,"key":"infinitespire:Satchel"},{"floor":54.0,"key":"HornCleat"}],"event_choices":[{"cards_removed":["StuffTheSpire:CuriosityCurse"],"damage_healed":0.0,"max_hp_gain":0.0,"max_hp_loss":0.0,"gold_gain":0.0,"event_name":"betterThird:BetterWriting","player_choice":"Elegance","floor":20.0,"gold_loss":0.0,"damage_taken":0.0},{"damage_healed":0.0,"max_hp_gain":55.0,"max_hp_loss":16.0,"gold_gain":0.0,"event_name":"betterAltar:BetterAltar","player_choice":" Idol ","floor":22.0,"potions_obtained":[],"relics_lost":[],"gold_loss":0.0,"damage_taken":39.0,"relics_obtained":["Bloody Idol"]},{"damage_healed":0.0,"max_hp_gain":0.0,"max_hp_loss":0.0,"gold_gain":441.0,"event_name":"betterSkull:BetterSkull","player_choice":"GO GO GO GO GO ","floor":28.0,"gold_loss":0.0,"damage_taken":53.0,"cards_upgraded":[],"relics_obtained":[]},{"damage_healed":0.0,"max_hp_gain":0.0,"max_hp_loss":0.0,"gold_gain":0.0,"event_name":"Winding Halls","player_choice":"Embrace Madness","floor":38.0,"gold_loss":0.0,"damage_taken":13.0,"cards_obtained":["Madness","Madness"]},{"damage_healed":0.0,"max_hp_gain":0.0,"max_hp_loss":0.0,"gold_gain":0.0,"event_name":"Upgrade Shrine","player_choice":"Upgraded","floor":45.0,"gold_loss":0.0,"damage_taken":0.0,"cards_upgraded":["Secret Technique"]}],"is_beta":false,"boss_relics":[{"not_picked":["reliquary:Bookmark","StuffTheSpire:HistoryBook"],"picked":"ReplayTheSpireMod:ShopPack"},{"not_picked":["Philosopher\u0027s Stone","hubris:HerbalPaste"],"picked":"Membership Card"}],"items_purged_floors":[5,21,48,55,55],"is_endless":false,"potions_floor_spawned":[7,12,14,16,18,27,31,46,47,54],"killed_by":"conspire:MimicChest","ascension_level":20}}