{"host":"684z1xpuwaoqmmh1","time":1612623612,"event":{"mods":["A Magickal Journey","Astrologer","BaseMod","Downfall","Hermit","Jorbs\u0027s Wanderer Trilogy","Marisa????????","Minty Spire (QoL Compilation)","Robot Space Explorer","Shade Mod","StSLib","The Bug Knight","The Dragon Tamer","The Elementalist","The Hayseed","The Hierophant","The Marked","The Mystic","The Runesmith","The Saiyan","The Senshi","The Spell Scribe","The Vixen","TheBandit","TheFirefly"],"gold_per_floor":[111,111,111,186,0,0,30,30,82,7,27,53,76,93,93,169,169,182,182,201,201,214,257,257,292,292,306,341,359,372,387,387,387,387],"floor_reached":33,"language":"ENG","playtime":3271,"items_purged":["stsjorbsmod:Defend_Wanderer"],"score":657,"play_id":"f1bc2f08-c2e9-4fe3-b39c-c51c1ea812be","local_time":"20210206170012","is_ascension_mode":true,"campfire_choices":[{"data":"stsjorbsmod:Prestidigitation","floor":6.0,"key":"SMITH"},{"data":"stsjorbsmod:FracturedMind","floor":15.0,"key":"SMITH"},{"data":"stsjorbsmod:Fireball","floor":24.0,"key":"SMITH"},{"data":"stsjorbsmod:ChatteringStrike","floor":32,"key":"SMITH"}],"circlet_count":0,"master_deck":["AscendersBane","stsjorbsmod:ForbiddenGrimoire+1","stsjorbsmod:Strike_Wanderer","stsjorbsmod:Strike_Wanderer","stsjorbsmod:Defend_Wanderer","stsjorbsmod:Defend_Wanderer+1","stsjorbsmod:Defend_Wanderer","stsjorbsmod:FreshAdventure","stsjorbsmod:EyeOfTheStorm","stsjorbsmod:FracturedMind+1","stsjorbsmod:Prestidigitation+1","stsjorbsmod:FranticSearch","stsjorbsmod:MageArmor+1","stsjorbsmod:LoseGrip","stsjorbsmod:FranticSearch","stsjorbsmod:Fireball+1","stsjorbsmod:ChatteringStrike+1","stsjorbsmod:Inferno+1","stsjorbsmod:Mindworm+1","stsjorbsmod:Counterspell","stsjorbsmod:FlameWard","stsjorbsmod:Message"],"relics":["stsjorbsmod:GrimoireRelic","NeowsBlessing","Blue Candle","Medical Kit","Runesmith:Nanobots","Blood Vial","theSenshi:SailorFukuRelic","Black Star","MutagenicStrength","Bag of Marbles","Regal Pillow","Lantern","Ancient Tea Set","War Paint","Akabeko","Bottled Lightning"],"acts_visited":["Exordium","TheCity"],"potions_floor_usage":[33],"damage_taken":[{"damage":0.0,"enemies":"Small Slimes","floor":1.0,"turns":1.0},{"damage":0.0,"enemies":"Lagavulin","floor":7.0,"turns":4.0},{"damage":0.0,"enemies":"2 Louse","floor":11.0,"turns":1.0},{"damage":15.0,"enemies":"Gremlin Nob","floor":12.0,"turns":5.0},{"damage":1.0,"enemies":"Cultist","floor":14.0,"turns":3.0},{"damage":1.0,"enemies":"The Guardian","floor":16.0,"turns":14.0},{"damage":6.0,"enemies":"Shell Parasite","floor":18.0,"turns":6.0},{"damage":11.0,"enemies":"Spheric Guardian","floor":20.0,"turns":4.0},{"damage":16.0,"enemies":"Snake Plant","floor":22.0,"turns":5.0},{"damage":26.0,"enemies":"Gremlin Leader","floor":23.0,"turns":6.0},{"damage":0.0,"enemies":"Slavers","floor":25.0,"turns":1.0},{"damage":22.0,"enemies":"3 Cultists","floor":27.0,"turns":4.0},{"damage":8.0,"enemies":"HollowMod:Nosk","floor":28.0,"turns":6.0},{"damage":3.0,"enemies":"Cultist and Chosen","floor":29.0,"turns":4.0},{"damage":0.0,"enemies":"Centurion and Healer","floor":30.0,"turns":4.0},{"damage":0,"enemies":"3 Cultists","floor":31,"turns":4},{"damage":49,"enemies":"Automaton","floor":33,"turns":6}],"seed_played":"-6004818132906449065","potions_obtained":[{"floor":12.0,"key":"LiquidBronze"},{"floor":16.0,"key":"EntropicBrew"},{"floor":22.0,"key":"Energy Potion"},{"floor":25.0,"key":"DuplicationPotion"},{"floor":29.0,"key":"stsjorbsmod:LiquidVirtue"}],"is_trial":false,"path_per_floor":["M","?","?","?","$","R","E","?","T","$","M","E","T","M","R","B",null,"M","?","M","?","M","E","R","E","T","M","E","M","M","M","R","B"],"character_chosen":"WANDERER","items_purchased":["stsjorbsmod:Prestidigitation","Medical Kit"],"campfire_rested":0,"item_purchase_floors":[5,5],"current_hp_per_floor":[63,58,51,40,40,40,42,47,47,47,50,38,38,43,43,44,67,69,69,63,63,52,32,32,35,35,18,15,17,22,27,27,0,0],"gold":387,"neow_bonus":"THREE_ENEMY_KILL","is_daily":false,"chose_seed":false,"campfire_upgraded":4,"win_rate":0.0,"timestamp":1612623612,"path_taken":["M","?","?","?","$","R","E","?","T","$","M","E","?","M","R","BOSS","M","?","M","?","?","E","R","E","T","M","E","M","M","M","R","BOSS"],"items_purchased_type":["Card","Relic"],"build_version":"2020-12-22","purchased_purges":1,"victory":false,"max_hp_per_floor":[68,68,68,68,68,68,68,73,73,73,73,73,73,75,75,75,75,77,77,77,77,77,77,77,77,77,77,77,77,77,77,77,77,77],"card_choices":[{"not_picked":["stsjorbsmod:DoubleCheck","stsjorbsmod:MistyStep"],"picked":"stsjorbsmod:FracturedMind","floor":1.0},{"not_picked":["stsjorbsmod:ColorSpray","stsjorbsmod:FaerieFire"],"picked":"stsjorbsmod:FranticSearch","floor":7.0},{"not_picked":["stsjorbsmod:Counterspell","stsjorbsmod:HedgeWizard"],"picked":"stsjorbsmod:MageArmor","floor":11.0},{"not_picked":["stsjorbsmod:Stalwart","stsjorbsmod:SchoolsOfMagic"],"picked":"stsjorbsmod:LoseGrip","floor":12.0},{"not_picked":["stsjorbsmod:WanderingMind","stsjorbsmod:Will"],"picked":"stsjorbsmod:FranticSearch","floor":14.0},{"not_picked":["stsjorbsmod:IvoryTower","stsjorbsmod:Trauma"],"picked":"stsjorbsmod:Fireball","floor":16.0},{"not_picked":["stsjorbsmod:DisguiseSelf","stsjorbsmod:MageArmor"],"picked":"stsjorbsmod:ChatteringStrike","floor":18.0},{"not_picked":["stsjorbsmod:Message","stsjorbsmod:Introspection","stsjorbsmod:Prestidigitation"],"picked":"SKIP","floor":20.0},{"not_picked":["stsjorbsmod:SchoolsOfMagic","stsjorbsmod:Aid","stsjorbsmod:Introspection"],"picked":"SKIP","floor":22.0},{"not_picked":["stsjorbsmod:FranticSearch","stsjorbsmod:DoubleCheck"],"picked":"stsjorbsmod:Inferno","floor":23.0},{"not_picked":["stsjorbsmod:Message","stsjorbsmod:ThirstingSword"],"picked":"stsjorbsmod:Mindworm","floor":25.0},{"not_picked":["stsjorbsmod:Channel","stsjorbsmod:LocateObject"],"picked":"stsjorbsmod:Counterspell","floor":27.0},{"not_picked":["stsjorbsmod:DoubleCheck","stsjorbsmod:ParryingBlow"],"picked":"stsjorbsmod:FlameWard","floor":28.0},{"not_picked":["stsjorbsmod:ChatteringStrike","stsjorbsmod:Will","stsjorbsmod:ChainLightning"],"picked":"SKIP","floor":29.0},{"not_picked":["stsjorbsmod:Mending","stsjorbsmod:Introspection","stsjorbsmod:ParryingBlow"],"picked":"SKIP","floor":30.0},{"not_picked":["stsjorbsmod:ParryingBlow","stsjorbsmod:DoubleCheck"],"picked":"stsjorbsmod:Message","floor":31}],"player_experience":3207630,"relics_obtained":[{"floor":7.0,"key":"Runesmith:Nanobots"},{"floor":9.0,"key":"Blood Vial"},{"floor":13.0,"key":"theSenshi:SailorFukuRelic"},{"floor":23.0,"key":"Bag of Marbles"},{"floor":23.0,"key":"Regal Pillow"},{"floor":25.0,"key":"Lantern"},{"floor":25.0,"key":"Ancient Tea Set"},{"floor":26.0,"key":"War Paint"},{"floor":28.0,"key":"Akabeko"},{"floor":28.0,"key":"Bottled Lightning"}],"event_choices":[{"cards_removed":["stsjorbsmod:Strike_Wanderer"],"damage_healed":0.0,"max_hp_gain":0.0,"max_hp_loss":0.0,"gold_gain":0.0,"event_name":"Golden Wing","player_choice":"Card Removal","floor":3.0,"gold_loss":0.0,"damage_taken":7.0},{"damage_healed":0.0,"max_hp_gain":0.0,"max_hp_loss":0.0,"gold_gain":75.0,"event_name":"World of Goop","player_choice":"Gather Gold","floor":4.0,"gold_loss":0.0,"damage_taken":11.0},{"damage_healed":0.0,"max_hp_gain":5.0,"max_hp_loss":0.0,"gold_gain":0.0,"event_name":"Big Fish","player_choice":"Donut","floor":8.0,"gold_loss":0.0,"damage_taken":0.0},{"damage_healed":0.0,"max_hp_gain":0.0,"max_hp_loss":0.0,"gold_gain":0.0,"event_name":"Drug Dealer","player_choice":"Inject Mutagens","floor":19.0,"gold_loss":0.0,"damage_taken":0.0,"relics_obtained":["MutagenicStrength"]},{"cards_removed":["stsjorbsmod:Strike_Wanderer"],"damage_healed":0.0,"max_hp_gain":0.0,"max_hp_loss":0.0,"gold_gain":0.0,"event_name":"Bonfire Elementals","player_choice":"Offered Basic","floor":21.0,"gold_loss":0.0,"damage_taken":0.0}],"is_beta":false,"boss_relics":[{"not_picked":["Pandora\u0027s Box","Philosopher\u0027s Stone"],"picked":"Black Star"}],"items_purged_floors":[10],"is_endless":false,"potions_floor_spawned":[12,16,20,22,25,29,30],"killed_by":"Automaton","ascension_level":16}}