{"host":"5jdby9iqu3ct6557","time":1612586393,"event":{"mods":["BaseMod","DeckTracker","Highlight Path","Minty Spire (QoL Compilation)","Relic Stats","StSLib"],"gold_per_floor":[111,129,129,141,101,131,146,146,171,171,206,241,241,280,280,280,280],"floor_reached":16,"language":"ENG","playtime":892,"items_purged":[],"score":236,"play_id":"7039ed0c-bf88-4deb-aa84-6fbb50771f66","local_time":"20210205233953","is_ascension_mode":true,"campfire_choices":[{"floor":10,"key":"REST"},{"floor":13,"key":"REST"},{"data":"Bash","floor":15,"key":"SMITH"}],"circlet_count":0,"master_deck":["AscendersBane","Strike_R","Strike_R","Strike_R","Strike_R","Defend_R","Defend_R","Defend_R","Defend_R","Bash+1","Headbutt","Rampage+1","Clothesline","Whirlwind+1","Shrug It Off"],"relics":["Black Star","Akabeko","Whetstone","Golden Idol","Bronze Scales","Odd Mushroom","WingedGreaves","Pantograph","Omamori","Tiny Chest"],"acts_visited":["Exordium"],"potions_floor_usage":[6,12],"damage_taken":[{"damage":2,"enemies":"Cultist","floor":1,"turns":4},{"damage":7,"enemies":"Small Slimes","floor":2,"turns":4},{"damage":1,"enemies":"2 Louse","floor":4,"turns":3},{"damage":37,"enemies":"3 Sentries","floor":6,"turns":9},{"damage":12,"enemies":"Large Slime","floor":7,"turns":4},{"damage":7,"enemies":"The Mushroom Lair","floor":11,"turns":2},{"damage":25,"enemies":"Lagavulin","floor":12,"turns":5},{"damage":26,"enemies":"Gremlin Nob","floor":14,"turns":4},{"damage":42,"enemies":"Hexaghost","floor":16,"turns":9}],"seed_played":"-2381751744499735655","potions_obtained":[{"floor":5,"key":"Energy Potion"},{"floor":5,"key":"Energy Potion"},{"floor":6,"key":"FairyPotion"}],"is_trial":false,"path_per_floor":["M","M","?","M","?","E","M","?","T","R","?","E","R","E","R","B"],"character_chosen":"IRONCLAD","items_purchased":[],"campfire_rested":2,"item_purchase_floors":[],"current_hp_per_floor":[66,59,52,51,51,14,2,2,2,22,15,20,40,14,14,0,0],"gold":280,"neow_bonus":"BOSS_RELIC","is_daily":false,"chose_seed":false,"campfire_upgraded":1,"win_rate":0.0,"timestamp":1612586393,"path_taken":["M","M","?","M","?","E","?","?","T","R","?","E","R","E","R","BOSS"],"items_purchased_type":[],"build_version":"2020-12-22","purchased_purges":0,"victory":false,"max_hp_per_floor":[75,75,75,75,75,75,75,68,68,68,68,68,68,68,68,68,68],"relic_stats":{"counters":[9,44],"Golden Idol":22,"Bronze Scales":[57],"Pantograph":25,"Tiny Chest":0,"Black Star":3,"Whetstone":["Rampage","Whirlwind"],"obtain_stats":[{"Golden Idol":8,"Bronze Scales":9,"Pantograph":12,"Tiny Chest":14,"WingedGreaves":12,"Black Star":0,"Omamori":14,"Whetstone":6,"Odd Mushroom":11,"Burning Blood":0,"Akabeko":6},{"Golden Idol":5,"Bronze Scales":5,"Pantograph":7,"Tiny Chest":8,"WingedGreaves":7,"Black Star":0,"Omamori":8,"Whetstone":4,"Odd Mushroom":6,"Burning Blood":0,"Akabeko":4},{"Golden Idol":24,"Bronze Scales":24,"Pantograph":31,"Tiny Chest":35,"WingedGreaves":31,"Black Star":0,"Omamori":35,"Whetstone":20,"Odd Mushroom":26,"Burning Blood":0,"Akabeko":20}]},"card_choices":[{"not_picked":["Armaments","Flex"],"picked":"Headbutt","floor":1},{"not_picked":["Feel No Pain","True Grit"],"picked":"Rampage","floor":2},{"not_picked":["Body Slam","Warcry"],"picked":"Clothesline","floor":4},{"not_picked":["Body Slam","Dark Embrace"],"picked":"Whirlwind","floor":6},{"not_picked":["Anger","Cleave"],"picked":"Shrug It Off","floor":14}],"player_experience":2545999,"relics_obtained":[{"floor":6,"key":"Akabeko"},{"floor":6,"key":"Whetstone"},{"floor":9,"key":"Bronze Scales"},{"floor":11,"key":"Odd Mushroom"},{"floor":12,"key":"WingedGreaves"},{"floor":12,"key":"Pantograph"},{"floor":14,"key":"Omamori"},{"floor":14,"key":"Tiny Chest"}],"event_choices":[{"cards_removed":["Strike_R"],"damage_healed":0,"gold_gain":0,"player_choice":"Card Removal","damage_taken":7,"max_hp_gain":0,"max_hp_loss":0,"event_name":"Golden Wing","floor":3,"gold_loss":0},{"damage_healed":0,"gold_gain":0,"player_choice":"Bought 3 Potions","damage_taken":0,"max_hp_gain":0,"max_hp_loss":0,"event_name":"The Woman in Blue","floor":5,"gold_loss":0},{"damage_healed":0,"gold_gain":0,"player_choice":"Lose Max HP","damage_taken":0,"relics_obtained":["Golden Idol"],"max_hp_gain":0,"max_hp_loss":7,"event_name":"Golden Idol","floor":8,"gold_loss":0},{"damage_healed":0,"gold_gain":0,"player_choice":"Fought Mushrooms","damage_taken":0,"max_hp_gain":0,"max_hp_loss":0,"event_name":"Mushrooms","floor":11,"gold_loss":0}],"is_beta":false,"boss_relics":[],"items_purged_floors":[],"is_endless":false,"potions_floor_spawned":[6,7,11],"killed_by":"Hexaghost","ascension_level":20}}