{"host":"3twtdwjpiqhvvn5s","time":1612578840,"event":{"mods":["AchievementEnabler","Act Like it!","Aspiration","BaseMod","BetterRewards","Colored Map","Colored Powertips","Downfall","Duelist Mod","Friendly Minions","GifTheSpireLib","Hallownest","Hermit","Hubris","Infinite Spire","Jorbs\u0027s Wanderer Trilogy","Koishi","KomeijiMod","Marisa????????","Minty Spire (QoL Compilation)","Quick Restart","Rare Cards Sparkle","Replay The Spire","Shop Mod","StSLib","Td1madao Mod","The Administrix","The Animator","The Bug Knight","The Caster","The Cursed","The Disciple","The Hierophant","The Necromancer","The Poker Player","The Runesmith","The Servant 0.9.4"],"gold_per_floor":[109,126,146,159,172,205,228,246,270,284,284,294,311,329,329,424,424,439,457,470,483,483,514,514,545,545,562,575,575,575,575],"floor_reached":29,"language":"ENG","playtime":8838,"items_purged":[],"score":352,"play_id":"91ea9c28-ed24-4413-81fa-a35460f3066a","local_time":"20210205203400","daily_mods":["Night Terrors"],"is_ascension_mode":false,"campfire_choices":[{"floor":15,"key":"REST"},{"data":"PokerPlayerMod:VarietyAttack","floor":24,"key":"SMITH"}],"circlet_count":0,"master_deck":["bronze:Strike","bronze:Strike","bronze:Strike","bronze:Strike","bronze:Defend","bronze:Defend","bronze:Defend","bronze:Defend","bronze:Replicate","bronze:Goto","bronze:DelayedGuard","bronze:ChildClass","bronze:ClassDefault","bronze:DelayedGuard","PokerPlayerMod:FlyingCard","bronze:Invalidate","bronze:DelayedGuard","bronze:DelayedGuard","bronze:Deprecate","bronze:DelayedGuard","PokerPlayerMod:VarietyAttack+1","bronze:DelayedSlice","bronze:Allocate+1","bronze:Mutator","bronze:Verify","bronze:FineTuning+1","bronze:BronzeArmor"],"relics":["Unceasing Top","Orichalcum","Odd Mushroom","Replay:Baseball","GremlinMask","aspiration:RitualDagger","Ancient Tea Set","Toy Ornithopter","Tiny Chest"],"acts_visited":["Exordium","TheCity"],"potions_floor_usage":[5,5,6,7,16,16,18,19,21,23,29],"damage_taken":[{"damage":10,"enemies":"Jaw Worm","floor":1,"turns":4},{"damage":0,"enemies":"2 Louse","floor":2,"turns":2},{"damage":7,"enemies":"Cultist","floor":3,"turns":5},{"damage":0,"enemies":"Blue Slaver","floor":4,"turns":4},{"damage":15,"enemies":"Large Slime","floor":5,"turns":9},{"damage":10,"enemies":"Lagavulin","floor":6,"turns":12},{"damage":4,"enemies":"The Mushroom Lair","floor":7,"turns":6},{"damage":1,"enemies":"Gremlin Gang","floor":8,"turns":6},{"damage":0,"enemies":"Exordium Thugs","floor":10,"turns":5},{"damage":11,"enemies":"Exordium Wildlife","floor":12,"turns":4},{"damage":2,"enemies":"Blue Slaver","floor":13,"turns":4},{"damage":0,"enemies":"3 Louse","floor":14,"turns":4},{"damage":7,"enemies":"Fading Forest","floor":16,"turns":11},{"damage":35,"enemies":"Shell Parasite","floor":18,"turns":8},{"damage":25,"enemies":"3 Byrds","floor":19,"turns":7},{"damage":28,"enemies":"Snecko","floor":20,"turns":7},{"damage":29,"enemies":"Snake Plant","floor":21,"turns":5},{"damage":26,"enemies":"Book of Stabbing","floor":23,"turns":6},{"damage":34,"enemies":"Nightmare","floor":25,"turns":10},{"damage":12,"enemies":"Centurion and Healer","floor":27,"turns":4},{"damage":52,"enemies":"Cultist and Chosen","floor":28,"turns":11},{"damage":11,"enemies":"Sentry and Sphere","floor":29,"turns":2}],"seed_played":"-3786468723061917571","potions_obtained":[{"floor":1,"key":"champ:CounterPotion"},{"floor":2,"key":"Dexterity Potion"},{"floor":5,"key":"SpeedPotion"},{"floor":6,"key":"Block Potion"},{"floor":7,"key":"Energy Potion"},{"floor":12,"key":"bronze:CleanCodePotion"},{"floor":14,"key":"Fire Potion"},{"floor":18,"key":"BlessingOfTheForge"},{"floor":20,"key":"SneckoOil"},{"floor":21,"key":"Toxic Potion"},{"floor":28,"key":"LiquidBronze"}],"is_trial":true,"path_per_floor":["M","M","M","M","M","E","?","M","T","M","?","M","M","M","R","B",null,"M","M","M","M","?","E","R","NM","T","M","M","M"],"character_chosen":"THE_AUTOMATON","items_purchased":[],"campfire_rested":1,"item_purchase_floors":[],"current_hp_per_floor":[60,60,53,53,38,28,24,23,23,23,23,12,10,10,65,65,65,30,5,59,38,59,43,43,35,35,39,5,0,0,0],"gold":575,"neow_bonus":"","is_daily":false,"chose_seed":false,"campfire_upgraded":1,"win_rate":0.0,"timestamp":1612578840,"path_taken":["M","M","M","M","M","E","?","M","T","M","?","?","M","M","R","BOSS","M","M","M","M","?","E","R","NM","T","M","M","?"],"items_purchased_type":[],"build_version":"2020-12-22","purchased_purges":0,"victory":false,"max_hp_per_floor":[70,70,70,70,70,70,70,70,70,70,70,70,70,70,65,65,65,65,65,65,65,65,65,65,65,65,65,65,65,65,65],"card_choices":[{"not_picked":["PokerPlayerMod:Configure","bronze:Overheat","bronze:Return"],"picked":"SKIP","floor":1},{"not_picked":["bronze:Overload","bronze:FineTuning"],"picked":"bronze:DelayedGuard","floor":2},{"not_picked":["bronze:DelayedSlice","bronze:BuggyMess"],"picked":"bronze:ChildClass","floor":3},{"not_picked":["bronze:Repair","PokerPlayerMod:DiamondStrike"],"picked":"bronze:ClassDefault","floor":4},{"not_picked":["bronze:Frontload","PokerPlayerMod:CardBurn"],"picked":"bronze:DelayedGuard","floor":5},{"not_picked":["PokerPlayerMod:ClubsClub","bronze:OilSpill"],"picked":"PokerPlayerMod:FlyingCard","floor":6},{"not_picked":["bronze:Deprecate","bronze:Fortify"],"picked":"bronze:Invalidate","floor":7},{"not_picked":["PokerPlayerMod:TheDieIsCast","PokerPlayerMod:Overdeal"],"picked":"bronze:DelayedGuard","floor":8},{"not_picked":["bronze:Overheat","bronze:Branch"],"picked":"bronze:DelayedGuard","floor":10},{"not_picked":["bronze:BugBarrage","PokerPlayerMod:ClubStrike","bronze:Branch"],"picked":"SKIP","floor":12},{"not_picked":["bronze:Optimize","bronze:Boost"],"picked":"bronze:Deprecate","floor":13},{"not_picked":["bronze:CutThrough","bronze:Overheat"],"picked":"bronze:DelayedGuard","floor":14},{"not_picked":["PokerPlayerMod:WasteCollection","PokerPlayerMod:TheDieIsCast"],"picked":"PokerPlayerMod:VarietyAttack","floor":16},{"not_picked":["bronze:ItsAFeature","bronze:Turbo","bronze:Branch"],"picked":"SKIP","floor":18},{"not_picked":["bronze:DarkDash","bronze:Allocate"],"picked":"bronze:DelayedSlice","floor":19},{"not_picked":["bronze:Branch","bronze:DigitalCarnage","bronze:ForceShield"],"picked":"SKIP","floor":20},{"not_picked":["bronze:FollowUp","bronze:Shield"],"picked":"bronze:Allocate+1","floor":21},{"not_picked":["bronze:CutThrough","bronze:ChildClass"],"picked":"bronze:Mutator","floor":23},{"not_picked":["bronze:Frontload","bronze:Turbo"],"picked":"bronze:Verify","floor":25},{"not_picked":["bronze:Fortify","bronze:Overheat"],"picked":"bronze:FineTuning+1","floor":27},{"not_picked":["bronze:GetLatest+1","bronze:Turbo"],"picked":"bronze:BronzeArmor","floor":28}],"player_experience":2681426,"relics_obtained":[{"floor":6,"key":"Orichalcum"},{"floor":7,"key":"Odd Mushroom"},{"floor":9,"key":"Replay:Baseball"},{"floor":23,"key":"Ancient Tea Set"},{"floor":25,"key":"Toy Ornithopter"},{"floor":26,"key":"Tiny Chest"}],"event_choices":[{"damage_healed":0,"gold_gain":0,"player_choice":"Fought Mushrooms","damage_taken":0,"max_hp_gain":0,"max_hp_loss":0,"event_name":"Mushrooms","floor":7,"gold_loss":0},{"damage_healed":0,"gold_gain":0,"player_choice":"Trade","damage_taken":0,"relics_obtained":["GremlinMask"],"max_hp_gain":0,"max_hp_loss":0,"event_name":"FaceTrader","floor":11,"gold_loss":0},{"damage_healed":21,"gold_gain":0,"player_choice":"Heal","damage_taken":0,"max_hp_gain":0,"max_hp_loss":0,"event_name":"The Library","floor":22,"gold_loss":0}],"is_beta":false,"boss_relics":[{"not_picked":["Fusion Hammer","hubris:Backtick"],"picked":"aspiration:RitualDagger"}],"items_purged_floors":[],"is_endless":true,"potions_floor_spawned":[1,2,5,6,7,12,14,18,20,21,28],"killed_by":"Sentry and Sphere","ascension_level":0}}