{"host":"sc0o2qwpf9j16a4i","time":1612630186,"event":{"mods":["AchievementEnabler","BaseMod","BetterRewards","Block Reminder","Colored Map","Colored Powertips","Custom Start","Highlight Path","Minty Spire (QoL Compilation)","Relic Stats"],"gold_per_floor":[114,114,134,148,166,200,200,227,227,27,27,56,75,15,15,113,113,123,222,222,222,239,239,273,273,273,284,112,112,139,8,8,110,110,121,121,134,134,134,134,134,134,134,183,210,210,245,265,265,265],"floor_reached":51,"language":"ENG","playtime":2235,"items_purged":["Regret","Strike_G"],"score":932,"play_id":"89aba602-dcb9-40ee-a73e-c9b5037a2b50","local_time":"20210206184946","daily_mods":["Allstar","Colorless Cards","Night Terrors"],"is_ascension_mode":false,"campfire_choices":[{"data":"Apotheosis","floor":7,"key":"SMITH"},{"data":"Noxious Fumes","floor":15,"key":"SMITH"},{"floor":23,"key":"REST"},{"data":"Neutralize","floor":25,"key":"SMITH"},{"data":"Footwork","floor":29,"key":"SMITH"},{"data":"Wraith Form v2","floor":32,"key":"SMITH"},{"data":"PiercingWail","floor":40,"key":"SMITH"},{"data":"Terror","floor":42,"key":"SMITH"},{"data":"Magnetism","floor":49,"key":"SMITH"}],"circlet_count":0,"master_deck":["Strike_G","Strike_G","Strike_G","Defend_G","Defend_G","Defend_G","Defend_G","Defend_G","Survivor","Neutralize+1","Apotheosis+1","Magnetism+1","Metamorphosis","Swift Strike","PiercingWail+1","Terror+1","Noxious Fumes+1","Swift Strike","Footwork+1","Crippling Poison+1","Footwork+1","Backflip+1","Blind+1","Crippling Poison+1","Corpse Explosion+1","Bouncing Flask+1","Deflect+1","Wraith Form v2+1","Cloak And Dagger+1","Acrobatics+1","PiercingWail+1","Bane","Deflect+1","Enlightenment+1"],"relics":["Ring of the Snake","The Courier","Calipers","Toxic Egg 2","DollysMirror","Singing Bowl","Juzu Bracelet","SlaversCollar","Smiling Mask","Enchiridion","Tough Bandages","Omamori","OrangePellets","Pear","Runic Pyramid","FossilizedHelix","Question Card","Incense Burner","Vajra","Pen Nib"],"acts_visited":["Exordium","TheCity","TheBeyond"],"potions_floor_usage":[8,12,16,16,18,18,24,35,50],"damage_taken":[{"damage":0,"enemies":"Cultist","floor":1,"turns":3},{"damage":3,"enemies":"Jaw Worm","floor":3,"turns":3},{"damage":0,"enemies":"2 Louse","floor":4,"turns":2},{"damage":0,"enemies":"Blue Slaver","floor":5,"turns":4},{"damage":0,"enemies":"Lagavulin","floor":6,"turns":5},{"damage":9,"enemies":"3 Sentries","floor":8,"turns":8},{"damage":16,"enemies":"Lagavulin","floor":12,"turns":5},{"damage":17,"enemies":"Exordium Wildlife","floor":13,"turns":5},{"damage":1,"enemies":"Hexaghost","floor":16,"turns":9},{"damage":12,"enemies":"Chosen","floor":18,"turns":7},{"damage":0,"enemies":"Spheric Guardian","floor":22,"turns":3},{"damage":7,"enemies":"Slavers","floor":24,"turns":2},{"damage":4,"enemies":"Chosen and Byrds","floor":27,"turns":5},{"damage":21,"enemies":"Gremlin Leader","floor":30,"turns":7},{"damage":33,"enemies":"Automaton","floor":33,"turns":8},{"damage":24,"enemies":"3 Shapes","floor":35,"turns":5},{"damage":5,"enemies":"Orb Walker","floor":37,"turns":6},{"damage":1,"enemies":"2 Orb Walkers","floor":44,"turns":5},{"damage":0,"enemies":"Giant Head","floor":45,"turns":8},{"damage":0,"enemies":"Nemesis","floor":47,"turns":7},{"damage":0,"enemies":"Writhing Mass","floor":48,"turns":8},{"damage":16,"enemies":"Time Eater","floor":50,"turns":13}],"seed_played":"-4960408828508509142","potions_obtained":[{"floor":1,"key":"Dexterity Potion"},{"floor":8,"key":"Swift Potion"},{"floor":12,"key":"Swift Potion"},{"floor":13,"key":"EntropicBrew"},{"floor":16,"key":"Block Potion"},{"floor":24,"key":"Weak Potion"},{"floor":33,"key":"SkillPotion"},{"floor":45,"key":"SkillPotion"},{"floor":47,"key":"FearPotion"}],"is_trial":true,"path_per_floor":["M","?","M","M","M","E","R","E","T","$","?","E","M","$","R","B",null,"M","?","?","?","M","R","E","R","T","M","$","R","E","$","R","B",null,"M","?","M","?","T","R","?","R","T","?","E","?","E","M","R","B",null],"character_chosen":"THE_SILENT","items_purchased":["Footwork","Crippling Poison+1","DollysMirror","Crippling Poison+1","OrangePellets","Cloak And Dagger+1","Acrobatics+1"],"campfire_rested":1,"item_purchase_floors":[10,10,10,14,28,31,31],"current_hp_per_floor":[70,70,67,67,67,67,67,58,58,58,58,42,25,25,25,24,70,58,58,58,42,44,67,60,60,60,58,58,58,47,47,47,16,81,57,57,52,91,91,91,91,91,91,90,92,92,92,94,94,78],"gold":265,"neow_bonus":"","is_daily":false,"chose_seed":false,"campfire_upgraded":8,"win_rate":0.0,"timestamp":1612630186,"path_taken":["M","?","M","M","M","E","R","E","T","$","?","E","M","?","R","BOSS","M","?","?","?","M","R","E","R","T","M","$","R","E","$","R","BOSS","M","?","M","?","?","R","?","R","T","?","E","?","E","M","R","BOSS"],"items_purchased_type":["Card","Card","Relic","Card","Relic","Card","Card"],"build_version":"2020-12-22","purchased_purges":2,"victory":true,"max_hp_per_floor":[70,70,70,70,70,70,70,70,70,70,70,70,70,70,70,70,70,70,70,70,70,72,67,67,67,67,69,69,69,79,79,79,81,81,81,81,81,91,91,91,91,91,91,91,93,93,93,95,95,95],"relic_stats":{"OrangePellets":[10],"Tough Bandages":[42],"Singing Bowl":10,"counters":[22,128],"Pen Nib":[2],"Juzu Bracelet":3,"Smiling Mask":40,"Question Card":4,"obtain_stats":[{"Calipers":8,"Pear":30,"Singing Bowl":11,"Enchiridion":21,"Vajra":45,"The Courier":6,"Pen Nib":47,"Juzu Bracelet":12,"Omamori":26,"Incense Burner":44,"Smiling Mask":20,"Question Card":43,"SlaversCollar":17,"OrangePellets":28,"Tough Bandages":24,"DollysMirror":10,"Toxic Egg 2":9,"FossilizedHelix":39,"Ring of the Snake":0,"Runic Pyramid":34},{"Calipers":6,"Pear":14,"Singing Bowl":6,"Enchiridion":10,"Vajra":19,"The Courier":5,"Pen Nib":20,"Juzu Bracelet":7,"Omamori":12,"Incense Burner":18,"Smiling Mask":10,"Question Card":17,"SlaversCollar":9,"OrangePellets":13,"Tough Bandages":12,"DollysMirror":6,"Toxic Egg 2":6,"FossilizedHelix":17,"Ring of the Snake":0,"Runic Pyramid":15},{"Calipers":25,"Pear":68,"Singing Bowl":25,"Enchiridion":51,"Vajra":100,"The Courier":17,"Pen Nib":107,"Juzu Bracelet":30,"Omamori":56,"Incense Burner":92,"Smiling Mask":51,"Question Card":87,"SlaversCollar":44,"OrangePellets":61,"Tough Bandages":56,"DollysMirror":25,"Toxic Egg 2":25,"FossilizedHelix":87,"Ring of the Snake":0,"Runic Pyramid":76}],"Ring of the Snake":[44]},"card_choices":[{"not_picked":["Acrobatics","Prepared"],"picked":"Swift Strike","floor":1},{"not_picked":["Prepared","Setup"],"picked":"PiercingWail","floor":3},{"not_picked":["Outmaneuver","Blur"],"picked":"Terror","floor":4},{"not_picked":["Quick Slash","Deadly Poison"],"picked":"Noxious Fumes","floor":5},{"not_picked":["Skewer","Outmaneuver"],"picked":"Swift Strike","floor":6},{"not_picked":["Poisoned Stab","Cloak And Dagger"],"picked":"Deflect","floor":8},{"not_picked":["Poisoned Stab","HandOfGreed"],"picked":"Backflip+1","floor":12},{"not_picked":["Dagger Throw","Deadly Poison+1"],"picked":"Blind+1","floor":13},{"not_picked":["Die Die Die","Secret Technique+1"],"picked":"Corpse Explosion+1","floor":16},{"not_picked":["Slice","Backstab"],"picked":"Bouncing Flask+1","floor":18},{"not_picked":["Flash of Steel+1","Jack Of All Trades+1","Dagger Spray+1"],"picked":"Singing Bowl","floor":22},{"not_picked":["Tactician+1","Predator"],"picked":"Deflect+1","floor":24},{"not_picked":["Riddle With Holes","Accuracy+1","Dagger Throw"],"picked":"Singing Bowl","floor":27},{"not_picked":["Setup+1","Sucker Punch"],"picked":"Wraith Form v2","floor":30},{"not_picked":["Tools of the Trade","Panache","Chrysalis+1"],"picked":"Singing Bowl","floor":33},{"not_picked":["Backflip+1","Underhanded Strike+1"],"picked":"PiercingWail+1","floor":35},{"not_picked":["Quick Slash","Dash"],"picked":"Bane","floor":37},{"not_picked":["Slice","Backflip+1","Infinite Blades+1"],"picked":"Deflect+1","floor":44},{"not_picked":["Skewer+1","Backstab","Slice","Swift Strike+1"],"picked":"Singing Bowl","floor":45},{"not_picked":["Mind Blast","PiercingWail+1","Deflect+1"],"picked":"Enlightenment+1","floor":47},{"not_picked":["Slice","Sucker Punch+1","Dagger Throw","Quick Slash"],"picked":"Singing Bowl","floor":48}],"player_experience":1234597,"relics_obtained":[{"floor":6,"key":"The Courier"},{"floor":8,"key":"Calipers"},{"floor":9,"key":"Toxic Egg 2"},{"floor":12,"key":"Juzu Bracelet"},{"floor":21,"key":"Enchiridion"},{"floor":24,"key":"Tough Bandages"},{"floor":26,"key":"Omamori"},{"floor":30,"key":"Pear"},{"floor":39,"key":"FossilizedHelix"},{"floor":43,"key":"Question Card"},{"floor":44,"key":"Incense Burner"},{"floor":45,"key":"Vajra"},{"floor":47,"key":"Pen Nib"}],"event_choices":[{"damage_healed":0,"gold_gain":0,"player_choice":"Leave","damage_taken":0,"max_hp_gain":0,"max_hp_loss":0,"event_name":"The Cleric","floor":2,"gold_loss":0},{"damage_healed":0,"gold_gain":0,"player_choice":"Box","damage_taken":0,"relics_obtained":["Singing Bowl"],"max_hp_gain":0,"max_hp_loss":0,"event_name":"Big Fish","floor":11,"gold_loss":0,"cards_obtained":["Regret"]},{"damage_healed":0,"gold_gain":99,"player_choice":"Stole From Cult","damage_taken":0,"max_hp_gain":0,"max_hp_loss":0,"event_name":"Nest","floor":19,"gold_loss":0},{"cards_removed":["Deflect"],"damage_healed":0,"gold_gain":0,"player_choice":"Gave Card","damage_taken":0,"relics_obtained":["Smiling Mask"],"max_hp_gain":0,"max_hp_loss":0,"event_name":"WeMeetAgain","floor":20,"gold_loss":0},{"damage_healed":0,"gold_gain":0,"player_choice":"Obtained Book","damage_taken":16,"max_hp_gain":0,"max_hp_loss":0,"event_name":"Cursed Tome","floor":21,"gold_loss":0},{"damage_healed":0,"gold_gain":0,"player_choice":"Forge","damage_taken":0,"max_hp_gain":0,"max_hp_loss":0,"event_name":"Accursed Blacksmith","floor":36,"gold_loss":0,"cards_upgraded":["Footwork"]},{"cards_removed":["Violence"],"damage_healed":29,"gold_gain":0,"player_choice":"Offered Rare","damage_taken":0,"max_hp_gain":10,"max_hp_loss":0,"event_name":"Bonfire Elementals","floor":38,"gold_loss":0},{"cards_removed":["Thinking Ahead"],"damage_healed":0,"gold_gain":0,"player_choice":"Removed Skill","damage_taken":0,"max_hp_gain":0,"max_hp_loss":0,"event_name":"Falling","floor":41,"gold_loss":0},{"damage_healed":0,"gold_gain":0,"player_choice":"Fight","damage_taken":0,"max_hp_gain":0,"max_hp_loss":0,"event_name":"Mysterious Sphere","floor":44,"gold_loss":0},{"cards_removed":["Strike_G"],"damage_healed":0,"gold_gain":0,"player_choice":"Purged","damage_taken":0,"max_hp_gain":0,"max_hp_loss":0,"event_name":"Purifier","floor":46,"gold_loss":0}],"is_beta":false,"boss_relics":[{"not_picked":["HoveringKite","Velvet Choker"],"picked":"SlaversCollar"},{"not_picked":["Ring of the Serpent","Philosopher\u0027s Stone"],"picked":"Runic Pyramid"}],"items_purged_floors":[28,31],"is_endless":false,"potions_floor_spawned":[1,8,12,13,16,24,33,45,47],"ascension_level":0}}