{"host":"skr63qsdfgeey3it","time":1612601158,"event":{"mods":["BaseMod","Colored Map","Hubris","Minty Spire (QoL Compilation)","Monster B Gone","Reliquary","Replay The Spire","Spicy Shops","StSLib"],"gold_per_floor":[110,210,53,53,53,87,101,115,115,135,148,180,355,370,370,442,442,456,456,47,65,76,76,104,104,104,104,117,136,136,136,136,209,209,219,219,273,374,140,140,169,187,211,236,81,81,111,126,126,126],"floor_reached":51,"language":"ENG","playtime":2274,"items_purged":["Havoc"],"score":1597,"play_id":"bff75ec4-68a7-4824-ab96-d8e50bcbb0e2","local_time":"20210206024558","is_ascension_mode":true,"campfire_choices":[{"floor":15,"key":"DIG"},{"floor":23,"key":"REST"},{"data":"Metallicize","floor":27,"key":"SMITH"},{"floor":30,"key":"REST"},{"floor":32,"key":"DIG"},{"data":"Combust","floor":40,"key":"SMITH"},{"floor":49,"key":"REST"}],"circlet_count":0,"master_deck":["AscendersBane","Strike_R","Strike_R","Defend_R","Defend_R","Defend_R","Defend_R","Bash","Flex","Offering","Combust","Carnage","Feel No Pain","Warcry","Flex","Metallicize","Demon Form+1","Massacre+1","Reckless Charge+1","Infernal Blade+1","Armaments+1","Metallicize+1","hubris:ReadiedAction+1","Combust+1","Fire Breathing","Demon Form+1"],"relics":["Burning Blood","NeowsBlessing","hubris:Icosahedron","Pet Ghost","Mummified Hand","Odd Mushroom","Happy Flower","Champion Belt","Astrolabe","Spirit Poop","reliquary:IridiumChain","reliquary:PartyBalloon","Centennial Puzzle","Replay:Ringing Soul","Counterbalance","ChewingGum","Bird Faced Urn","hubris:Potato","Replay:Bottled Eggs","Replay:Rubber Ducky","reliquary:OuijaBoard","DollysMirror","Potion Belt"],"acts_visited":["Exordium","TheCity","TheBeyond"],"potions_floor_usage":[11,12,12,16,16,50,50],"damage_taken":[{"damage":0,"enemies":"Jaw Worm","floor":1,"turns":1},{"damage":0,"enemies":"Gremlin Nob","floor":6,"turns":1},{"damage":0,"enemies":"Cultist","floor":7,"turns":1},{"damage":6,"enemies":"Small Slimes","floor":8,"turns":3},{"damage":18,"enemies":"The Mushroom Lair","floor":10,"turns":3},{"damage":1,"enemies":"3 Louse","floor":11,"turns":2},{"damage":16,"enemies":"Lagavulin","floor":12,"turns":3},{"damage":2,"enemies":"Blue Slaver","floor":14,"turns":3},{"damage":38,"enemies":"Fading Forest","floor":16,"turns":11},{"damage":30,"enemies":"2 Thieves","floor":18,"turns":4},{"damage":0,"enemies":"Chosen","floor":21,"turns":2},{"damage":11,"enemies":"Sentry and Sphere","floor":22,"turns":2},{"damage":0,"enemies":"Slavers","floor":24,"turns":2},{"damage":10,"enemies":"Snake Plant","floor":28,"turns":2},{"damage":11,"enemies":"3 Cultists","floor":29,"turns":1},{"damage":55,"enemies":"Champ","floor":33,"turns":8},{"damage":10,"enemies":"3 Darklings","floor":35,"turns":3},{"damage":6,"enemies":"2 Orb Walkers","floor":37,"turns":10},{"damage":7,"enemies":"Reptomancer","floor":41,"turns":3},{"damage":9,"enemies":"3 Shapes","floor":42,"turns":2},{"damage":0,"enemies":"Mind Bloom Boss Battle","floor":44,"turns":4},{"damage":0,"enemies":"Nemesis","floor":47,"turns":3},{"damage":12,"enemies":"3 Darklings","floor":48,"turns":1},{"damage":62,"enemies":"Time Eater","floor":50,"turns":7}],"seed_played":"6362704916949513859","potions_obtained":[{"floor":8,"key":"SteroidPotion"},{"floor":10,"key":"DuplicationPotion"},{"floor":11,"key":"PowerPotion"},{"floor":12,"key":"Block Potion"},{"floor":14,"key":"Adrenaline Potion"},{"floor":18,"key":"FairyPotion"},{"floor":22,"key":"Block Potion"},{"floor":47,"key":"SkillPotion"},{"floor":48,"key":"GamblersBrew"}],"is_trial":false,"path_per_floor":["M","?","$","?","$","E","M","M","T","?","M","E","?","M","R_BF","B",null,"M","?","$","M","M","R","E","?","T","R","M","M","R","$","R_BF","B",null,"M","?","?","?","$","R","E","M","T","?","$","?","E","M","R","B",null],"character_chosen":"IRONCLAD","items_purchased":["Offering","reliquary:IridiumChain","reliquary:PartyBalloon","hubris:Potato","Combust","DollysMirror"],"campfire_rested":3,"item_purchase_floors":[3,20,20,39,39,45],"current_hp_per_floor":[74,74,74,74,74,75,75,75,75,63,68,58,58,62,62,50,69,45,45,45,51,46,68,74,74,74,74,70,65,75,75,75,29,66,70,70,73,40,43,43,89,87,87,90,93,93,93,87,93,37],"gold":126,"neow_bonus":"THREE_ENEMY_KILL","is_daily":false,"chose_seed":false,"campfire_upgraded":2,"win_rate":0.0,"timestamp":1612601158,"path_taken":["M","?","?","?","$","E","M","M","T","?","?","E","?","M","R_BF","BOSS","M","?","$","M","?","R","E","?","T","R","M","M","R","?","R_BF","BOSS","M","?","?","?","$","R","E","M","T","?","$","?","E","M","R","BOSS"],"items_purchased_type":["Card","Relic","Relic","Relic","Card","Relic"],"build_version":"2020-12-22","purchased_purges":1,"victory":true,"max_hp_per_floor":[75,75,75,75,75,75,75,75,75,75,75,75,75,75,75,75,75,75,75,75,75,75,75,75,75,75,75,75,75,75,75,75,78,78,81,81,84,84,87,87,90,90,90,90,93,93,93,93,93,93],"card_choices":[{"not_picked":["Body Slam","Thunderclap"],"picked":"Flex","floor":1},{"not_picked":["Heavy Blade","Hemogenesis"],"picked":"Combust","floor":6},{"not_picked":["Replay:Undeath\u0027s Touch","Wild Strike"],"picked":"Carnage","floor":7},{"not_picked":["Wild Strike","Twin Strike","Body Slam"],"picked":"SKIP","floor":8},{"not_picked":["Burning Pact","Sword Boomerang"],"picked":"Feel No Pain","floor":10},{"not_picked":["True Grit","Run Through"],"picked":"Warcry","floor":11},{"not_picked":["hubris:ReadiedAction","ReplayTheSpireMod:LeadingStrike"],"picked":"Flex","floor":12},{"not_picked":["ReplayReversal","Impervious"],"picked":"Metallicize","floor":14},{"not_picked":["Impervious","Replay:Many Hands"],"picked":"Demon Form","floor":16},{"not_picked":["Searing Blow","Anger","Perfected Strike"],"picked":"SKIP","floor":18},{"not_picked":["Sword Boomerang","Perfected Strike"],"picked":"Armaments","floor":21},{"not_picked":["Bloodletting","Headbutt"],"picked":"Metallicize","floor":22},{"not_picked":["Infernal Blade","Sentinel","Anger"],"picked":"SKIP","floor":24},{"not_picked":["Warcry","Twin Strike","Perfected Strike"],"picked":"SKIP","floor":28},{"not_picked":["Double Tap","Intimidate","Havoc"],"picked":"SKIP","floor":29},{"not_picked":["Corruption","Exhume"],"picked":"Hemogenesis","floor":33},{"not_picked":["Dropkick","Pommel Strike"],"picked":"Havoc","floor":35},{"not_picked":["Warcry","Twin Strike+1"],"picked":"hubris:ReadiedAction+1","floor":37},{"not_picked":["Havoc+1","Perfected Strike"],"picked":"Fire Breathing","floor":41},{"not_picked":["Havoc","Cleave","Shockwave"],"picked":"SKIP","floor":42},{"not_picked":["Cleave+1","Twin Strike+1","Hemogenesis"],"picked":"SKIP","floor":47},{"not_picked":["Inflame","Hemokinesis","Whirlwind"],"picked":"SKIP","floor":48}],"player_experience":894288,"relics_obtained":[{"floor":6,"key":"Pet Ghost"},{"floor":9,"key":"Mummified Hand"},{"floor":10,"key":"Odd Mushroom"},{"floor":12,"key":"Happy Flower"},{"floor":15,"key":"Champion Belt"},{"floor":24,"key":"Centennial Puzzle"},{"floor":26,"key":"Replay:Ringing Soul"},{"floor":32,"key":"Counterbalance"},{"floor":37,"key":"Bird Faced Urn"},{"floor":41,"key":"Replay:Bottled Eggs"},{"floor":43,"key":"Replay:Rubber Ducky"},{"floor":44,"key":"reliquary:OuijaBoard"},{"floor":47,"key":"Potion Belt"}],"event_choices":[{"damage_healed":0,"gold_gain":100,"player_choice":"Gold","damage_taken":0,"max_hp_gain":0,"max_hp_loss":0,"event_name":"Wheel of Change","floor":2,"gold_loss":0},{"damage_healed":0,"gold_gain":0,"player_choice":"Fought Mushrooms","damage_taken":0,"max_hp_gain":0,"max_hp_loss":0,"event_name":"Mushrooms","floor":10,"gold_loss":0},{"damage_healed":0,"gold_gain":175,"player_choice":"AGREE","damage_taken":0,"max_hp_gain":0,"max_hp_loss":0,"event_name":"Liars Game","floor":13,"gold_loss":0,"cards_obtained":["Doubt"]},{"cards_removed":["Doubt"],"damage_healed":0,"gold_gain":0,"player_choice":"Offered Curse","damage_taken":0,"relics_obtained":["Spirit Poop"],"max_hp_gain":0,"max_hp_loss":0,"event_name":"Bonfire Elementals","floor":19,"gold_loss":0},{"cards_removed":["Hemogenesis"],"damage_healed":0,"gold_gain":0,"player_choice":"Removed Attack","damage_taken":0,"max_hp_gain":0,"max_hp_loss":0,"event_name":"Falling","floor":36,"gold_loss":0},{"damage_healed":0,"gold_gain":0,"player_choice":"Fight","damage_taken":0,"max_hp_gain":0,"max_hp_loss":0,"event_name":"Mysterious Sphere","floor":37,"gold_loss":0},{"damage_healed":0,"gold_gain":0,"player_choice":"Fight","damage_taken":0,"max_hp_gain":0,"max_hp_loss":0,"event_name":"MindBloom","floor":44,"gold_loss":0},{"damage_healed":0,"gold_gain":0,"player_choice":"Ignored","damage_taken":0,"max_hp_gain":0,"max_hp_loss":0,"event_name":"Transmorgrifier","floor":46,"gold_loss":0}],"is_beta":false,"boss_relics":[{"not_picked":["hubris:Stopwatch","Painkiller Herb"],"picked":"Astrolabe"},{"not_picked":["reliquary:RedPaperclip","Snecko Eye"],"picked":"ChewingGum"}],"items_purged_floors":[39],"is_endless":false,"potions_floor_spawned":[8,10,11,12,14,18,22,29,42,47,48],"ascension_level":14}}