{"host":"t8facflq355xg1wc","time":1612627059,"event":{"mods":["AchievementEnabler","BaseMod","DeckTracker","Minty Spire (QoL Compilation)","StSLib","SuperFastMode"],"gold_per_floor":[366,376,390,20,35,50,50,83,83,94,94,129,204,218,218,313,313,324,171,386,406,419,419,447,447,472,500,425,425,425,459,459,559,559,577,592,592,608,619,638,651,651,704,734,634,666,149,199,199,199],"floor_reached":51,"language":"KOR","playtime":3880,"items_purged":["Strike_R","Parasite","Strike_R"],"score":952,"play_id":"58a64f6a-3610-4a91-a5e2-1321b4ff37f3","local_time":"20210207005739","is_ascension_mode":true,"campfire_choices":[{"data":"Shockwave","floor":7,"key":"SMITH"},{"data":"Sword Boomerang","floor":11,"key":"SMITH"},{"data":"Inflame","floor":15,"key":"SMITH"},{"data":"Immolate","floor":23,"key":"SMITH"},{"floor":25,"key":"REST"},{"data":"Seeing Red","floor":30,"key":"SMITH"},{"floor":32,"key":"REST"},{"data":"Rupture","floor":42,"key":"SMITH"},{"data":"Brutality","floor":49,"key":"SMITH"}],"circlet_count":0,"master_deck":["Strike_R+1","Defend_R","Defend_R","Defend_R","Bash","Shockwave+1","Spot Weakness","Battle Trance","Dropkick+1","Sword Boomerang+1","Impervious","Inflame+1","Immolate+1","Combust+1","Anger+1","Rampage+1","Flame Barrier","Disarm","Seeing Red+1","Second Wind+1","Reaper","Headbutt","Heavy Blade+1","Evolve+1","Rupture+1","Brutality+1","Flash of Steel"],"relics":["Burning Blood","PreservedInsect","ClockworkSouvenir","Pen Nib","Matryoshka","Red Skull","Astrolabe","Old Coin","Bronze Scales","Sundial","Oddly Smooth Stone","Whetstone","InkBottle","Mark of Pain","Lantern","MealTicket","Juzu Bracelet","Blood Vial","Centennial Puzzle","Medical Kit","Ginger"],"acts_visited":["Exordium","TheCity","TheBeyond"],"potions_floor_usage":[10,18,27,33,33,50,50,50],"damage_taken":[{"damage":1,"enemies":"Cultist","floor":1,"turns":4},{"damage":10,"enemies":"2 Louse","floor":2,"turns":3},{"damage":12,"enemies":"Small Slimes","floor":3,"turns":4},{"damage":20,"enemies":"3 Louse","floor":5,"turns":4},{"damage":4,"enemies":"Exordium Wildlife","floor":6,"turns":2},{"damage":11,"enemies":"Lagavulin","floor":8,"turns":7},{"damage":0,"enemies":"Lots of Slimes","floor":10,"turns":1},{"damage":11,"enemies":"Gremlin Nob","floor":12,"turns":4},{"damage":2,"enemies":"2 Fungi Beasts","floor":14,"turns":3},{"damage":25,"enemies":"The Guardian","floor":16,"turns":8},{"damage":9,"enemies":"3 Byrds","floor":18,"turns":4},{"damage":19,"enemies":"Chosen","floor":21,"turns":4},{"damage":24,"enemies":"Snake Plant","floor":22,"turns":3},{"damage":23,"enemies":"Book of Stabbing","floor":24,"turns":4},{"damage":24,"enemies":"Gremlin Leader","floor":27,"turns":4},{"damage":23,"enemies":"Slavers","floor":31,"turns":2},{"damage":13,"enemies":"Automaton","floor":33,"turns":6},{"damage":19,"enemies":"Orb Walker","floor":35,"turns":4},{"damage":0,"enemies":"3 Darklings","floor":36,"turns":2},{"damage":19,"enemies":"Sphere and 2 Shapes","floor":38,"turns":5},{"damage":21,"enemies":"4 Shapes","floor":39,"turns":4},{"damage":35,"enemies":"3 Darklings","floor":40,"turns":4},{"damage":31,"enemies":"Writhing Mass","floor":41,"turns":6},{"damage":6,"enemies":"Reptomancer","floor":44,"turns":5},{"damage":13,"enemies":"Giant Head","floor":46,"turns":6},{"damage":11,"enemies":"Mind Bloom Boss Battle","floor":48,"turns":3},{"damage":14,"enemies":"Time Eater","floor":50,"turns":4}],"seed_played":"6392656779918378802","potions_obtained":[{"floor":3,"key":"Energy Potion"},{"floor":5,"key":"SpeedPotion"},{"floor":6,"key":"Explosive Potion"},{"floor":8,"key":"Block Potion"},{"floor":12,"key":"SteroidPotion"},{"floor":16,"key":"PowerPotion"},{"floor":27,"key":"Weak Potion"},{"floor":39,"key":"SkillPotion"},{"floor":44,"key":"PowerPotion"},{"floor":46,"key":"AttackPotion"}],"is_trial":false,"path_per_floor":["M","M","M","$","M","M","R","E","T","M","R","E","?","M","R","B",null,"M","$","?","M","M","R","E","R","T","E","?","?","R","E","R","B",null,"M","M","?","M","M","M","M","R","T","E","$","E","$","?","R","B",null],"character_chosen":"IRONCLAD","items_purchased":["PreservedInsect","ClockworkSouvenir","Battle Trance","Flame Barrier","Flash of Steel","Centennial Puzzle","Medical Kit"],"campfire_rested":2,"item_purchase_floors":[4,4,4,19,47,47,47],"current_hp_per_floor":[80,76,70,70,56,58,58,53,53,59,59,54,43,47,47,28,80,77,77,77,64,46,46,29,53,53,35,35,35,35,18,42,35,80,67,73,73,67,80,67,42,42,42,80,77,70,77,72,72,66],"gold":199,"neow_bonus":"TWO_FIFTY_GOLD","is_daily":false,"chose_seed":false,"campfire_upgraded":7,"win_rate":0.0,"timestamp":1612627059,"path_taken":["M","M","?","$","?","M","R","E","T","M","R","E","?","M","R","BOSS","M","$","?","M","M","R","E","R","T","E","?","?","R","E","R","BOSS","M","M","?","M","?","M","M","R","T","E","$","E","$","?","R","BOSS"],"items_purchased_type":["Relic","Relic","Card","Card","Card","Relic","Relic"],"build_version":"2020-12-22","purchased_purges":3,"victory":true,"max_hp_per_floor":[80,80,80,80,80,80,80,80,80,80,80,80,80,80,80,80,80,80,80,80,80,80,80,80,80,80,80,80,80,80,80,80,80,80,80,80,80,80,80,80,80,80,80,80,77,77,77,77,77,77],"card_choices":[{"not_picked":["Warcry","True Grit"],"picked":"Shockwave","floor":1},{"not_picked":["Rampage","Sentinel","Combust"],"picked":"SKIP","floor":2},{"not_picked":["Havoc","Flame Barrier"],"picked":"Spot Weakness","floor":3},{"not_picked":["Wild Strike","Clothesline"],"picked":"Dropkick","floor":5},{"not_picked":["Pommel Strike","Thunderclap"],"picked":"Sword Boomerang","floor":6},{"not_picked":["Blood for Blood","Havoc","Burning Pact"],"picked":"SKIP","floor":8},{"not_picked":["Anger","Clothesline"],"picked":"Impervious","floor":10},{"not_picked":["Infernal Blade","Sever Soul"],"picked":"Inflame","floor":12},{"not_picked":["Body Slam","Feel No Pain","Pommel Strike"],"picked":"SKIP","floor":14},{"not_picked":["Double Tap","Corruption"],"picked":"Immolate","floor":16},{"not_picked":["Wild Strike+1","Ghostly Armor","Perfected Strike+1"],"picked":"SKIP","floor":18},{"not_picked":["Battle Trance","Ghostly Armor","Armaments"],"picked":"SKIP","floor":21},{"not_picked":["Shrug It Off","Perfected Strike+1","True Grit"],"picked":"SKIP","floor":22},{"not_picked":["Reckless Charge","Searing Blow+1"],"picked":"Disarm","floor":24},{"not_picked":["Carnage","Whirlwind+1"],"picked":"Seeing Red","floor":27},{"not_picked":["Whirlwind","Corruption"],"picked":"Second Wind+1","floor":31},{"not_picked":["Corruption","Immolate"],"picked":"Reaper","floor":33},{"not_picked":["Wild Strike+1","Cleave"],"picked":"Headbutt","floor":35},{"not_picked":["Whirlwind+1","Anger+1"],"picked":"Heavy Blade+1","floor":36},{"not_picked":["Wild Strike","Clash","Heavy Blade+1"],"picked":"SKIP","floor":38},{"not_picked":["Cleave+1","Clothesline+1"],"picked":"Evolve+1","floor":39},{"not_picked":["Sword Boomerang","Body Slam+1","Battle Trance"],"picked":"SKIP","floor":40},{"not_picked":["Pommel Strike","Wild Strike"],"picked":"Rupture","floor":41},{"not_picked":["Shockwave+1","Clothesline","Flex+1"],"picked":"SKIP","floor":44},{"not_picked":["Flex","Thunderclap"],"picked":"Brutality","floor":46}],"player_experience":151294,"relics_obtained":[{"floor":8,"key":"Pen Nib"},{"floor":9,"key":"Matryoshka"},{"floor":12,"key":"Red Skull"},{"floor":24,"key":"Bronze Scales"},{"floor":26,"key":"Sundial"},{"floor":26,"key":"Oddly Smooth Stone"},{"floor":27,"key":"Whetstone"},{"floor":31,"key":"InkBottle"},{"floor":43,"key":"Lantern"},{"floor":43,"key":"MealTicket"},{"floor":44,"key":"Juzu Bracelet"},{"floor":46,"key":"Blood Vial"},{"floor":48,"key":"Ginger"}],"event_choices":[{"damage_healed":0,"gold_gain":75,"player_choice":"Gather Gold","damage_taken":11,"max_hp_gain":0,"max_hp_loss":0,"event_name":"World of Goop","floor":13,"gold_loss":0},{"damage_healed":0,"gold_gain":0,"player_choice":"Obtained Relic","damage_taken":0,"relics_obtained":["Old Coin"],"max_hp_gain":0,"max_hp_loss":0,"event_name":"Addict","floor":20,"gold_loss":85},{"cards_removed":["Clumsy"],"damage_healed":0,"gold_gain":0,"player_choice":"Gave Gold","damage_taken":0,"max_hp_gain":0,"max_hp_loss":0,"event_name":"Beggar","floor":28,"gold_loss":75},{"damage_healed":0,"gold_gain":0,"player_choice":"Ignored","damage_taken":0,"max_hp_gain":0,"max_hp_loss":0,"event_name":"Ghosts","floor":29,"gold_loss":0},{"damage_healed":0,"gold_gain":0,"player_choice":"Ignored","damage_taken":0,"max_hp_gain":0,"max_hp_loss":0,"event_name":"SecretPortal","floor":37,"gold_loss":0},{"damage_healed":0,"gold_gain":0,"player_choice":"Fight","damage_taken":0,"max_hp_gain":0,"max_hp_loss":0,"event_name":"MindBloom","floor":48,"gold_loss":0}],"is_beta":false,"boss_relics":[{"not_picked":["Runic Pyramid","Coffee Dripper"],"picked":"Astrolabe"},{"not_picked":["Black Blood","Calling Bell"],"picked":"Mark of Pain"}],"items_purged_floors":[19,45,47],"is_endless":false,"potions_floor_spawned":[3,5,6,8,12,16,27,39,44,46],"ascension_level":2}}