{"host":"a464imauj9yqom7y","time":1612647206,"event":{"mods":["AchievementEnabler","BaseMod","Better Altar","Better Match","Better Note","Better Sensory Stone","Better Skull","BetterRewards","ChefMod","Colored Map","Colored Powertips","Hermit","Minty Spire (QoL Compilation)","Rare Cards Sparkle","Robot Space Explorer","Somnambulant","StSLib","The Marked","The Runesmith","TheBandit"],"gold_per_floor":[115,44,119,131,146,146,158,158,233,261,106,106,106,118,118,217,217,233,246,468,516,278,278,311,273,298,298,324,324,324],"floor_reached":29,"language":"ENG","playtime":3393,"items_purged":[],"score":259,"play_id":"303aa313-44e4-4dc7-957f-a2dd420f3d66","local_time":"20210206153326","is_ascension_mode":false,"campfire_choices":[{"data":"Infinite Blades","floor":6.0,"key":"SMITH"},{"data":"Cloak And Dagger","floor":8.0,"key":"SMITH"},{"floor":13.0,"key":"REST"},{"data":"Blade Dance","floor":15.0,"key":"SMITH"},{"floor":23.0,"key":"REST"}],"circlet_count":0,"master_deck":["Strike_G","Strike_G","Strike_G","Strike_G","Defend_G","Defend_G","Defend_G","Survivor","Neutralize","Acrobatics","Infinite Blades+1","Acrobatics","Cloak And Dagger+1","Blade Dance+1","Corpse Explosion","Bullet Time","Bane+1","Blade Dance","Blade Dance","Choke","Malaise","Calculated Gamble"],"relics":["Ring of the Snake","NeowsBlessing","Letter Opener","Juzu Bracelet","Strange Spoon","Empty Cage","Oddly Smooth Stone","Question Card","Anchor","Ancient Tea Set","Mercury Hourglass"],"acts_visited":["Exordium","TheCity"],"potions_floor_usage":[28,28],"damage_taken":[{"damage":0.0,"enemies":"2 Louse","floor":1.0,"turns":1.0},{"damage":0.0,"enemies":"Jaw Worm","floor":4.0,"turns":1.0},{"damage":0.0,"enemies":"Cultist","floor":5.0,"turns":1.0},{"damage":7.0,"enemies":"2 Fungi Beasts","floor":7.0,"turns":5.0},{"damage":16.0,"enemies":"3 Sentries","floor":10.0,"turns":9.0},{"damage":4.0,"enemies":"Exordium Wildlife","floor":14.0,"turns":4.0},{"damage":44.0,"enemies":"Hexaghost","floor":16.0,"turns":13.0},{"damage":2.0,"enemies":"3 Byrds","floor":18.0,"turns":2.0},{"damage":18.0,"enemies":"Spheric Guardian","floor":19.0,"turns":4.0},{"damage":39.0,"enemies":"Gremlin Leader","floor":24.0,"turns":8.0},{"damage":9,"enemies":"Slavers","floor":28,"turns":2},{"damage":8,"enemies":"Snake Plant","floor":29,"turns":3}],"seed_played":"-4592423596404292754","potions_obtained":[{"floor":4.0,"key":"SteroidPotion"},{"floor":5.0,"key":"PowerPotion"},{"floor":16.0,"key":"FearPotion"}],"is_trial":false,"path_per_floor":["M","$","?","M","M","R","M","R","T","E","$","?","R","M","R","B",null,"M","M","?","T","$","R","E","$","T","?","E","M"],"character_chosen":"THE_SILENT","items_purchased":["Infinite Blades","Strange Spoon","Question Card","Choke"],"campfire_rested":2,"item_purchase_floors":[2,11,22,25],"current_hp_per_floor":[70,70,59,59,59,59,52,52,52,36,36,36,57,53,53,9,70,68,50,34,34,34,55,16,16,16,16,7,0,0],"gold":324,"neow_bonus":"THREE_ENEMY_KILL","is_daily":false,"chose_seed":false,"campfire_upgraded":3,"win_rate":0.0,"timestamp":1612647206,"path_taken":["M","$","?","M","M","R","M","R","T","E","$","?","R","M","R","BOSS","M","M","?","?","?","R","E","$","T","?","E","M"],"items_purchased_type":["Card","Relic","Relic","Card"],"build_version":"2020-12-22","purchased_purges":0,"victory":false,"max_hp_per_floor":[70,70,70,70,70,70,70,70,70,70,70,70,70,70,70,70,70,70,70,70,70,70,70,70,70,70,70,70,70,70],"card_choices":[{"not_picked":["Poisoned Stab","Crippling Poison"],"picked":"Acrobatics","floor":1.0},{"not_picked":["Well Laid Plans","Poisoned Stab"],"picked":"Prepared","floor":4.0},{"not_picked":["Predator","Deadly Poison"],"picked":"Acrobatics","floor":5.0},{"not_picked":["Calculated Gamble","Well Laid Plans"],"picked":"Cloak And Dagger","floor":7.0},{"not_picked":["Dagger Spray","Quick Slash"],"picked":"Blade Dance","floor":10.0},{"not_picked":["Dodge and Roll","Sucker Punch"],"picked":"Corpse Explosion","floor":14.0},{"not_picked":["Doppelganger","Wraith Form v2"],"picked":"Bullet Time","floor":16.0},{"not_picked":["Flying Knee","Dagger Throw"],"picked":"Bane+1","floor":18.0},{"not_picked":["PiercingWail","Expertise"],"picked":"Blade Dance","floor":19.0},{"not_picked":["Prepared","Crippling Poison","Skewer"],"picked":"Blade Dance","floor":24.0},{"not_picked":["PiercingWail+1","Poisoned Stab","Quick Slash+1"],"picked":"Calculated Gamble","floor":28}],"player_experience":55472,"relics_obtained":[{"floor":9.0,"key":"Letter Opener"},{"floor":10.0,"key":"Juzu Bracelet"},{"floor":21.0,"key":"Oddly Smooth Stone"},{"floor":24.0,"key":"Anchor"},{"floor":26.0,"key":"Ancient Tea Set"},{"floor":28,"key":"Mercury Hourglass"}],"event_choices":[{"damage_healed":0.0,"max_hp_gain":0.0,"max_hp_loss":0.0,"gold_gain":75.0,"event_name":"World of Goop","player_choice":"Gather Gold","floor":3.0,"gold_loss":0.0,"damage_taken":11.0},{"cards_removed":["Defend_G"],"damage_healed":0.0,"max_hp_gain":0.0,"max_hp_loss":0.0,"gold_gain":0.0,"event_name":"Bonfire Elementals","player_choice":"Offered Basic","floor":12.0,"gold_loss":0.0,"damage_taken":0.0},{"damage_healed":0.0,"max_hp_gain":0.0,"max_hp_loss":0.0,"gold_gain":222.0,"event_name":"betterSkull:BetterSkull","player_choice":"GO GO ","floor":20.0,"gold_loss":0.0,"damage_taken":18.0,"cards_upgraded":[],"relics_obtained":[]},{"damage_healed":0.0,"max_hp_gain":0.0,"max_hp_loss":0.0,"gold_gain":0.0,"cards_transformed":["Prepared"],"event_name":"Transmorgrifier","player_choice":"Transformed","floor":27.0,"gold_loss":0.0,"damage_taken":0.0,"cards_obtained":["Malaise"]}],"is_beta":false,"boss_relics":[{"not_picked":["Snecko Eye","Runic Dome"],"picked":"Empty Cage"}],"items_purged_floors":[],"is_endless":false,"potions_floor_spawned":[4,5,16,18],"killed_by":"Snake Plant","ascension_level":0}}