{"host":"z9x5nldzhmx4jdfi","time":1612651682,"event":{"mods":["2.2 Compatiblity","BaseMod","Better Altar","Better Match","Better Note","Better Sensory Stone","Better Skull","Better Third Choice","BetterRewards","Block Reminder","Card Filter","Colored Powertips","Infinite Spire","Minty Spire (QoL Compilation)","Relic Filter","StSLib","Td1madao Mod","The Animator","The Servant 0.9.4","Wandering Minibosses"],"gold_per_floor":[121,153,231,255,205,205,205],"floor_reached":6,"language":"ENG","playtime":660,"items_purged":[],"score":57,"play_id":"545949c7-cb94-43af-ad1d-245fed3230b3","local_time":"20210206164802","is_ascension_mode":true,"campfire_choices":[],"circlet_count":0,"master_deck":["AscendersBane","animator:Strike_Fate","animator:Defend_Fate","animator:Strike","animator:Strike","animator:Defend","animator:Defend","animator:Defend","animator:Alexander","animator:Rider","animator:GuildGirl","animator:Witch","animator:ShinjiMatou","animator:Priestess","animator:Berserker","animator:Saber"],"relics":["animator:LivingPicture","animator:TheMissingPiece","Omamori","Tiny Chest"],"acts_visited":["Exordium"],"potions_floor_usage":[3,6,6,6],"damage_taken":[{"damage":7,"enemies":"Small Slimes","floor":1,"turns":6},{"damage":3,"enemies":"Jaw Worm","floor":2,"turns":6},{"damage":0,"enemies":"2 Louse","floor":3,"turns":6},{"damage":4,"enemies":"Blue Slaver","floor":4,"turns":6},{"damage":62,"enemies":"Gremlin Nob","floor":6,"turns":4}],"seed_played":"8708504007334402246","potions_obtained":[{"floor":1,"key":"GamblersBrew"},{"floor":2,"key":"AttackPotion"},{"floor":4,"key":"CultistPotion"}],"is_trial":false,"path_per_floor":["M","M","M","M","?","E"],"character_chosen":"THE_ANIMATOR","items_purchased":["Omamori","animator:GuildGirl","Tiny Chest","animator:Witch","animator:ShinjiMatou"],"campfire_rested":0,"item_purchase_floors":[0,0,0,0,0],"current_hp_per_floor":[38,35,36,32,32,0,0],"gold":205,"neow_bonus":"","is_daily":false,"chose_seed":false,"campfire_upgraded":0,"win_rate":0.0,"timestamp":1612651682,"path_taken":["M","M","M","M","?","E"],"items_purchased_type":["Relic","Card","Relic","Card","Card"],"build_version":"2020-12-22","purchased_purges":0,"victory":false,"max_hp_per_floor":[66,66,67,67,67,67,67],"card_choices":[{"not_picked":["animator:OrikoMikuni","animator:RoryMercury"],"picked":"animator:Priestess","floor":1},{"not_picked":["animator:Kuribayashi","animator:Cocytus"],"picked":"animator:Berserker","floor":2},{"not_picked":["animator:Illya","animator:Guy"],"picked":"animator:Saber","floor":3}],"player_experience":1521012,"relics_obtained":[],"event_choices":[{"cards_removed":["animator:Strike"],"damage_healed":0,"gold_gain":0,"player_choice":"Card Removal","damage_taken":0,"max_hp_gain":0,"max_hp_loss":0,"event_name":"The Cleric","floor":5,"gold_loss":50}],"is_beta":false,"boss_relics":[],"items_purged_floors":[],"is_endless":false,"potions_floor_spawned":[1,2,4],"killed_by":"Gremlin Nob","ascension_level":10}}