{"host":"sav7uxregyirlf69","time":1612601212,"event":{"mods":["AchievementEnabler","BaseMod","Colored Map","DeckTracker","Keyboard Shortcuts","Minty Spire (QoL Compilation)","READ ME - Guardian Mod","StSLib","SuperFastMode"],"gold_per_floor":[111,123,141,160,4,30,30,30,106,106,125,125,125],"floor_reached":12,"language":"KOR","playtime":176,"items_purged":["Doubt"],"score":160,"play_id":"7622572c-09f8-4fe2-bf47-35d55ae2aa80","local_time":"20210206174652","is_ascension_mode":true,"campfire_choices":[{"data":"Perfected Strike","floor":8,"key":"SMITH"},{"floor":10,"key":"REST"}],"circlet_count":0,"master_deck":["AscendersBane","Strike_R","Strike_R","Strike_R","Strike_R","Strike_R","Defend_R","Defend_R","Defend_R","Defend_R","Bash","Flex","Perfected Strike+1","Second Wind","Disarm","Burning Pact+1"],"relics":["Burning Blood","Ginger","Toxic Egg 2"],"acts_visited":["Exordium"],"potions_floor_usage":[6],"damage_taken":[{"damage":13,"enemies":"Cultist","floor":1,"turns":5},{"damage":13,"enemies":"2 Louse","floor":2,"turns":4},{"damage":14,"enemies":"Jaw Worm","floor":3,"turns":4},{"damage":22,"enemies":"Blue Slaver","floor":4,"turns":5},{"damage":30,"enemies":"Lagavulin","floor":6,"turns":7},{"damage":6,"enemies":"2 Fungi Beasts","floor":11,"turns":4},{"damage":40,"enemies":"3 Sentries","floor":12,"turns":7}],"seed_played":"4626572355001658641","potions_obtained":[{"floor":2,"key":"FearPotion"},{"floor":3,"key":"SmokeBomb"},{"floor":11,"key":"BloodPotion"}],"is_trial":false,"path_per_floor":["M","M","M","M","$","E","$","R","T","R","M","E"],"character_chosen":"IRONCLAD","items_purchased":["Second Wind"],"campfire_rested":1,"item_purchase_floors":[5],"current_hp_per_floor":[75,68,60,44,44,20,20,20,20,46,46,6,6],"gold":125,"neow_bonus":"TWENTY_PERCENT_HP_BONUS","is_daily":false,"chose_seed":false,"campfire_upgraded":1,"win_rate":0.0,"timestamp":1612601212,"path_taken":["M","?","M","M","$","E","$","R","T","R","M","E"],"items_purchased_type":["Card"],"build_version":"2020-12-22","purchased_purges":1,"victory":false,"max_hp_per_floor":[89,89,89,89,89,89,89,89,89,89,89,89,89],"card_choices":[{"not_picked":["Rampage","Headbutt"],"picked":"Flex","floor":1},{"not_picked":["Combust","Intimidate","Thunderclap"],"picked":"SKIP","floor":2},{"not_picked":["Power Through","Warcry","Headbutt"],"picked":"SKIP","floor":3},{"not_picked":["Rupture","Searing Blow"],"picked":"Perfected Strike","floor":4},{"not_picked":["Spot Weakness","Pummel"],"picked":"Disarm","floor":6},{"not_picked":["Hemokinesis","Evolve"],"picked":"Burning Pact+1","floor":11}],"player_experience":1508140,"relics_obtained":[{"floor":6,"key":"Ginger"},{"floor":9,"key":"Toxic Egg 2"}],"event_choices":[],"is_beta":false,"boss_relics":[],"items_purged_floors":[5],"is_endless":false,"potions_floor_spawned":[2,3,11],"killed_by":"3 Sentries","ascension_level":20}}