{"host":"0o4jkshs65tojivq","time":1612582603,"event":{"mods":["AchievementEnabler","BaseMod","Minty Spire (QoL Compilation)","Quick Restart","Relic Stats","Slay the Relics Exporter","StSLib"],"gold_per_floor":[12,12,25,41,60,60,71,71,94,94,94,94],"floor_reached":11,"language":"ENG","playtime":497,"items_purged":[],"score":127,"play_id":"b6682b21-eddf-4768-b1bc-e6e9f2518bbb","local_time":"20210205193643","is_ascension_mode":true,"campfire_choices":[{"data":"Doom and Gloom","floor":6,"key":"SMITH"},{"data":"Conserve Battery","floor":8,"key":"SMITH"},{"data":"Leap","floor":10,"key":"SMITH"}],"circlet_count":0,"master_deck":["AscendersBane","Strike_B","Strike_B","Strike_B","Strike_B","Defend_B","Defend_B","Defend_B","Defend_B","Zap","Dualcast","Leap+1","Pain","Genetic Algorithm","Conserve Battery+1","Doom and Gloom+1","Cold Snap"],"relics":["Cracked Core","WarpedTongs","Boot"],"acts_visited":["Exordium"],"potions_floor_usage":[5,11],"damage_taken":[{"damage":7,"enemies":"Jaw Worm","floor":1,"turns":3},{"damage":4,"enemies":"Cultist","floor":3,"turns":4},{"damage":8,"enemies":"Small Slimes","floor":4,"turns":4},{"damage":10,"enemies":"Exordium Wildlife","floor":5,"turns":4},{"damage":4,"enemies":"Blue Slaver","floor":7,"turns":6},{"damage":50,"enemies":"Gremlin Nob","floor":11,"turns":4}],"seed_played":"2769370879215007939","potions_obtained":[{"floor":4,"key":"AttackPotion"},{"floor":5,"key":"SteroidPotion"}],"is_trial":false,"path_per_floor":["M","?","M","M","M","R","M","R","T","R","E"],"character_chosen":"DEFECT","items_purchased":[],"campfire_rested":0,"item_purchase_floors":[],"current_hp_per_floor":[71,71,67,59,49,49,45,45,45,45,0,0],"gold":94,"neow_bonus":"TWENTY_PERCENT_HP_BONUS","is_daily":false,"chose_seed":false,"campfire_upgraded":3,"win_rate":0.0,"timestamp":1612582603,"path_taken":["M","?","M","M","?","R","M","R","T","R","E"],"items_purchased_type":[],"build_version":"2020-12-22","purchased_purges":0,"victory":false,"max_hp_per_floor":[85,85,85,85,85,85,85,85,85,85,85,85],"relic_stats":{"counters":[6,25],"Boot":[0],"obtain_stats":[{"Cracked Core":0,"Boot":9,"WarpedTongs":2},{"Cracked Core":0,"Boot":5,"WarpedTongs":1},{"Cracked Core":0,"Boot":21,"WarpedTongs":3}],"WarpedTongs":[22]},"card_choices":[{"not_picked":["Sweeping Beam","Hello World"],"picked":"Leap","floor":1},{"not_picked":["Sunder","Redo"],"picked":"Genetic Algorithm","floor":3},{"not_picked":["Hologram","Turbo"],"picked":"Conserve Battery","floor":4},{"not_picked":["Sweeping Beam","Tempest"],"picked":"Doom and Gloom","floor":5},{"not_picked":["Rebound","Tempest"],"picked":"Cold Snap","floor":7}],"player_experience":1080614,"relics_obtained":[{"floor":9,"key":"Boot"}],"event_choices":[{"damage_healed":0,"gold_gain":0,"player_choice":"Rummage","damage_taken":0,"relics_obtained":["WarpedTongs"],"max_hp_gain":0,"max_hp_loss":0,"event_name":"Accursed Blacksmith","floor":2,"gold_loss":0,"cards_obtained":["Pain"]}],"is_beta":false,"boss_relics":[],"items_purged_floors":[],"is_endless":false,"potions_floor_spawned":[4,5],"killed_by":"Gremlin Nob","ascension_level":19}}