{"host":"8srk5r1dwtmjotwd","time":1612590824,"event":{"mods":["AchievementEnabler","Act Like it!","BaseMod","Beaked The Cultist","Bestiary","Better Note","Better Third Choice","Colored Map","Colored Powertips","Custom Start","Friendly Minions","GifTheSpireLib","Halation","Hallownest","Hermit","Hubris","Infinite Spire","Mimic Mod","Minty Spire (QoL Compilation)","Morshu Shopkeeper - ENHANCED","Quick Restart","Rare Cards Sparkle","Reliquary","Replay The Spire","Shop Mod","StSLib","SuperFastMode","Synergy Search","The Bug Knight","The Construct","The Cursed","Thieving Mod","Yohane!","everything is the same but u backflip on backflip","slay the spire mod where everything is the same but ironclad has a cowboy hat"],"gold_per_floor":[116,116,129,129,229,229,240,252,252,265,91,102,133,149,149,252,252,264,264,276,276,289,289,304,319,351,351,383,383,26,37,37,137,137,156,0,0,50,50,50,78,78,131,157,157,195,195,263,263,263,263],"floor_reached":50,"language":"ENG","playtime":2466,"items_purged":["Iron Wave"],"score":707,"play_id":"827af722-98e4-4907-9cbd-2f71c71829c8","local_time":"20210206005344","is_ascension_mode":false,"campfire_choices":[{"data":"Demon Form","floor":6.0,"key":"SMITH"},{"data":"Heavy Blade","floor":15.0,"key":"PURGE"},{"floor":23.0,"key":"REST"},{"floor":27.0,"key":"REST"},{"data":"infinitespire:DeathsTouch","floor":29.0,"key":"SMITH"},{"data":"Flex","floor":32.0,"key":"SMITH"},{"data":"infinitespire:DeathsTouch","floor":40.0,"key":"SMITH"},{"floor":49.0,"key":"DIG"}],"circlet_count":0,"master_deck":["Uppercut","Demon Form+1","Inflame+1","Limit Break+1","infinitespire:OneForAll+1","Clash","Heavy Blade","Pommel Strike","Flex","Cleave","hubris:CleavingFinish","Cleave","Berserk","Flex+1","infinitespire:DeathsTouch+1","Demon Form","Parasite","construct:AttackMode","infinitespire:DeathsTouch+1","Dark Shackles","hubris:Greed","hubris:ReadiedAction","ReplayTheSpireMod:Doomed","Writhe","infinitespire:FutureSight","Replay:Fractal Strike","hubris:NaturalOne","Whirlwind+1"],"relics":["Burning Blood","Paper Frog","Anchor","construct:ClawGrip","infinitespire:WardingShard","reliquary:RoseTintedGlasses","Shuriken","ReplayTheSpireMod:SealedPack","Red Mask","hubris:Icosahedron","Ring of Peace","Ring of Greed","Golden Idol","The Courier","TungstenRod","reliquary:HotPoker","infinitespire:Beetle Shell"],"acts_visited":["Exordium","TheCity","TheBeyond"],"potions_floor_usage":[50],"damage_taken":[{"damage":11.0,"enemies":"Small Slimes","floor":1.0,"turns":5.0},{"damage":11.0,"enemies":"Jaw Worm","floor":3.0,"turns":3.0},{"damage":1.0,"enemies":"Cultist","floor":7.0,"turns":3.0},{"damage":26.0,"enemies":"Red Slaver","floor":8.0,"turns":4.0},{"damage":12.0,"enemies":"3 Louse","floor":10.0,"turns":3.0},{"damage":7.0,"enemies":"Exordium Thugs","floor":12.0,"turns":3.0},{"damage":4.0,"enemies":"Lots of Slimes","floor":13.0,"turns":3.0},{"damage":0.0,"enemies":"Lots of Slimes","floor":14.0,"turns":3.0},{"damage":22.0,"enemies":"Hexaghost","floor":16.0,"turns":4.0},{"damage":35.0,"enemies":"2 Thieves","floor":18.0,"turns":3.0},{"damage":0.0,"enemies":"Spheric Guardian","floor":20.0,"turns":2.0},{"damage":5.0,"enemies":"Snake Plant","floor":22.0,"turns":2.0},{"damage":14.0,"enemies":"Centurion and Healer","floor":24.0,"turns":3.0},{"damage":6.0,"enemies":"Cultist and Chosen","floor":25.0,"turns":3.0},{"damage":22.0,"enemies":"Snecko","floor":26.0,"turns":5.0},{"damage":15.0,"enemies":"Nightmare","floor":28.0,"turns":4.0},{"damage":22.0,"enemies":"Snecko","floor":31.0,"turns":3.0},{"damage":13.0,"enemies":"hubris:MusketHawk","floor":33.0,"turns":3.0},{"damage":16.0,"enemies":"3 Darklings","floor":35.0,"turns":3.0},{"damage":0.0,"enemies":"Orb Walker","floor":41.0,"turns":3.0},{"damage":13.0,"enemies":"Spire Growth","floor":43.0,"turns":5.0},{"damage":31.0,"enemies":"Spire Growth","floor":44.0,"turns":4.0},{"damage":0.0,"enemies":"R_Hoarder","floor":46.0,"turns":4.0},{"damage":25.0,"enemies":"Mind Bloom Boss Battle","floor":48.0,"turns":5.0},{"damage":54,"enemies":"Replay:Hell Engine","floor":50,"turns":5}],"seed_played":"-867583812947985375","potions_obtained":[{"floor":3.0,"key":"PowerPotion"},{"floor":10.0,"key":"Reflective Coating"},{"floor":12.0,"key":"SkillPotion"},{"floor":14.0,"key":"Death Potion"},{"floor":18.0,"key":"Block Potion"},{"floor":25.0,"key":"BlessingOfTheForge"},{"floor":28.0,"key":"SkillPotion"},{"floor":33.0,"key":"BlessingOfTheForge"},{"floor":44.0,"key":"Adrenaline Potion"},{"floor":46.0,"key":"ColorlessPotion"},{"floor":48.0,"key":"ColorlessPotion"}],"is_trial":true,"path_per_floor":["M","?","M","?","?","R","M","M","T","M","$","M","MIM","M","R_BF","B",null,"M","AVR","M","?","M","R","M","M","MIM","R","NM","R","$","M","R_BF","B",null,"M","?","?","?","$","R","M","$","MIM","M","?","E","AVR","?","R_BF","B"],"character_chosen":"IRONCLAD","items_purchased":["Flex","Block Potion","SteroidPotion","Shuriken","ColorlessPotion"],"campfire_rested":2,"item_purchase_floors":[11,11,30,30,30],"current_hp_per_floor":[75,75,70,70,70,70,75,55,55,49,49,48,50,56,56,40,80,51,51,57,57,58,80,72,72,56,80,71,71,71,55,55,48,80,70,70,70,70,70,70,76,76,69,44,64,70,70,51,51,0,0],"gold":263,"neow_bonus":"","is_daily":false,"chose_seed":false,"campfire_upgraded":4,"win_rate":0.0,"timestamp":1612590824,"path_taken":["M","?","M","?","?","R","?","M","T","M","?","M","?","M","R_BF","BOSS","M","AVR","M","?","M","R","M","M","MIM","R","NM","R","$","?","R_BF","BOSS","M","?","?","?","?","R","M","$","MIM","?","?","E","AVR","?","R_BF","BOSS"],"items_purchased_type":["Card","Potion","Potion","Relic","Potion"],"build_version":"2020-12-22","purchased_purges":1,"victory":false,"max_hp_per_floor":[80,80,80,80,80,80,80,80,80,80,80,80,80,80,80,80,80,80,80,80,80,80,80,80,80,80,80,80,80,80,80,80,80,80,80,80,80,80,80,80,80,80,80,80,80,80,80,80,80,80,80],"card_choices":[{"not_picked":["Intimidate","Sword Boomerang"],"picked":"Clash","floor":1.0},{"not_picked":["Dual Wield","Twin Strike"],"picked":"Iron Wave","floor":3.0},{"not_picked":["Perfected Strike","Evolve"],"picked":"Heavy Blade","floor":7.0},{"not_picked":["hubris:ReadiedAction","Perfected Strike"],"picked":"Pommel Strike","floor":8.0},{"not_picked":["Carnage","Immolate"],"picked":"Heavy Blade","floor":10.0},{"not_picked":["Dark Embrace","Shockwave"],"picked":"Cleave","floor":12.0},{"not_picked":["Sword Boomerang","Burning Pact"],"picked":"hubris:CleavingFinish","floor":13.0},{"not_picked":["Headbutt","Flex"],"picked":"Cleave","floor":14.0},{"not_picked":["Reaper","Barricade"],"picked":"Berserk","floor":16.0},{"not_picked":["Heavy Blade","Rupture"],"picked":"Flex","floor":18.0},{"not_picked":["Replay:Undeath\u0027s Touch","ReplayTheSpireMod:Strike From Hell","Perfected Strike"],"picked":"SKIP","floor":20.0},{"not_picked":["Searing Blow","Metallicize","Dark Embrace+1"],"picked":"SKIP","floor":22.0},{"not_picked":["Anger","ReplayTheSpireMod:Stacked","Sword Boomerang"],"picked":"SKIP","floor":24.0},{"not_picked":["Perfected Strike+1","Warcry","hubris:ReadiedAction+1"],"picked":"SKIP","floor":25.0},{"not_picked":["Rampage+1","Anger","ReplayTheSpireMod:Strike From Hell"],"picked":"SKIP","floor":28.0},{"not_picked":["Sentinel+1","Uppercut","Life Link+1"],"picked":"SKIP","floor":31.0},{"not_picked":["Corruption","Barricade"],"picked":"Demon Form","floor":33.0},{"not_picked":["Yohane:Little_Demon_Lily","Zap"],"picked":"construct:AttackMode","floor":34.0},{"not_picked":["infinitespire:Fortify","infinitespire:SevenWalls"],"picked":"infinitespire:DeathsTouch","floor":34.0},{"not_picked":["hubris:Ssssneak","PanicButton"],"picked":"Dark Shackles","floor":34.0},{"not_picked":["Inflame","hubris:ReadiedAction","Combust+1"],"picked":"SKIP","floor":35.0},{"not_picked":["Inflame","hubris:ReadiedAction","Combust+1"],"picked":"SKIP","floor":35.0},{"not_picked":["Twin Strike","Perfected Strike","Dropkick+1"],"picked":"SKIP","floor":41.0},{"not_picked":["Clothesline","Thunderclap"],"picked":"hubris:ReadiedAction","floor":43.0},{"not_picked":["Clothesline","Bloodletting","Metallicize+1"],"picked":"SKIP","floor":44.0},{"not_picked":["hubris:StunningStrike","Evolve","Rupture+1"],"picked":"SKIP","floor":46.0},{"not_picked":["Havoc+1","Sword Boomerang+1"],"picked":"Whirlwind+1","floor":48.0}],"player_experience":118885,"relics_obtained":[{"floor":9.0,"key":"Paper Frog"},{"floor":13.0,"key":"Anchor"},{"floor":26.0,"key":"infinitespire:WardingShard"},{"floor":28.0,"key":"reliquary:RoseTintedGlasses"},{"floor":38.0,"key":"Ring of Peace"},{"floor":38.0,"key":"Ring of Greed"},{"floor":38.0,"key":"Golden Idol"},{"floor":38.0,"key":"The Courier"},{"floor":43.0,"key":"TungstenRod"},{"floor":46.0,"key":"reliquary:HotPoker"},{"floor":49.0,"key":"infinitespire:Beetle Shell"}],"event_choices":[{"damage_healed":0.0,"max_hp_gain":0.0,"max_hp_loss":0.0,"gold_gain":0.0,"event_name":"Living Wall","player_choice":"Grow","floor":4.0,"gold_loss":0.0,"damage_taken":0.0,"cards_upgraded":["Inflame"]},{"damage_healed":0.0,"max_hp_gain":0.0,"max_hp_loss":0.0,"gold_gain":100.0,"event_name":"Wheel of Change","player_choice":"Gold","floor":5.0,"gold_loss":0.0,"damage_taken":0.0},{"cards_removed":["infinitespire:DeathsTouch"],"damage_healed":0.0,"max_hp_gain":0.0,"max_hp_loss":0.0,"gold_gain":0.0,"event_name":"betterNote:BetterNote","player_choice":"Give","floor":21.0,"gold_loss":0.0,"damage_taken":0.0,"cards_obtained":["Seeing Red"]},{"damage_healed":0.0,"max_hp_gain":0.0,"max_hp_loss":0.0,"gold_gain":0.0,"event_name":"Tomb of Lord Red Mask","player_choice":"Paid","floor":36.0,"gold_loss":156.0,"damage_taken":0.0,"relics_obtained":["Red Mask"]},{"damage_healed":20.0,"max_hp_gain":0.0,"max_hp_loss":0.0,"gold_gain":0.0,"event_name":"Winding Halls","player_choice":"Writhe","floor":45.0,"gold_loss":0.0,"damage_taken":0.0,"cards_obtained":["Writhe"]},{"damage_healed":0.0,"max_hp_gain":0.0,"max_hp_loss":0.0,"gold_gain":0.0,"event_name":"MindBloom","player_choice":"Fight","floor":48.0,"gold_loss":0.0,"damage_taken":0.0}],"is_beta":false,"boss_relics":[{"not_picked":["Ectoplasm","Runic Cube"],"picked":"construct:ClawGrip"},{"not_picked":["Replay:Wanted Poster","beaked:MawFillet"],"picked":"ReplayTheSpireMod:SealedPack"}],"items_purged_floors":[11],"is_endless":true,"potions_floor_spawned":[3,10,12,14,18,25,28,33,44,46,48],"killed_by":"Replay:Hell Engine","ascension_level":0}}