{"host":"o9lehcdjc4u6j9un","time":1612639466,"event":{"mods":["BaseMod","Better-Laid Plans","Colored Map","Downfall","Hermit","Marisa£®ÏF”Í°°ƒß¿Ì…≥£©","Minty Spire (QoL Compilation)","Reimu£®≤©¿ˆ¡È√Œ£©","StSLib","The Runesmith","The Senshi","TheSwordswoman"],"gold_per_floor":[114,126,146,162,122,148,223,49,49,49,86,99,131,152,152,259,259,271,101,134,174,192,192,218,255,279,311,350,350,383,422,422,532,532,569,301,334,352,0,34,34,66,119,145,164,164,164,189,189,194],"floor_reached":51,"language":"ZHS","playtime":4382,"items_purged":["hermit:Strike_Hermit","hermit:Strike_Hermit","hermit:Strike_Hermit"],"score":856,"play_id":"e03e49b3-61fa-4587-b78d-0de3204c2394","local_time":"20210207032426","is_ascension_mode":false,"campfire_choices":[{"floor":15,"key":"REST"},{"floor":23,"key":"REST"},{"floor":29,"key":"REST"},{"floor":32,"key":"REST"},{"floor":41,"key":"REST"},{"data":"hermit:OverwhelmingPower","floor":49,"key":"SMITH"}],"circlet_count":0,"master_deck":["hermit:Defend_Hermit","hermit:Defend_Hermit","hermit:Defend_Hermit","hermit:Defend_Hermit","hermit:Snapshot","hermit:Covet","hermit:Midnight","hermit:Gestalt","hermit:HighCaliber","hermit:CursedWeapon","hermit:Scavenge","hermit:ShadowCloak","hermit:Misfire","hermit:Magnum","hermit:Misfire","hermit:Enervate","hermit:FlashPowder","hermit:CalledShot","hermit:DeadOrAlive","hermit:Vantage+1","hermit:OverwhelmingPower+1","hermit:Feint+1","hermit:Combo","hermit:EyeOfTheStorm","hermit:Enervate+1","hermit:TrackingShot+1","hermit:Ricochet","hermit:Deadeye","hermit:CalledShot","hermit:EyeOfTheStorm","hermit:CalledShot","Wraith","Doubt"],"relics":["hermit:Momento","PaintedHorse:ReiMu","Orichalcum","Lantern","Mummified Hand","RuthlessExorcism:ReiMu","Sozu","hermit:RyeStalk","Blood Vial","Centennial Puzzle","SlaversCollar","Vajra","Red Mask","Thread and Needle","Ancient Tea Set","Bronze Scales","Anchor","Happy Flower"],"acts_visited":["Exordium","TheCity","TheBeyond"],"potions_floor_usage":[6,6,16,16,18],"damage_taken":[{"damage":1,"enemies":"Jaw Worm","floor":1,"turns":3},{"damage":4,"enemies":"Small Slimes","floor":2,"turns":2},{"damage":1,"enemies":"Cultist","floor":3,"turns":3},{"damage":2,"enemies":"Blue Slaver","floor":4,"turns":3},{"damage":4,"enemies":"Lagavulin","floor":6,"turns":4},{"damage":4,"enemies":"Gremlin Nob","floor":11,"turns":4},{"damage":6,"enemies":"2 Fungi Beasts","floor":12,"turns":3},{"damage":12,"enemies":"Lagavulin","floor":13,"turns":6},{"damage":12,"enemies":"Exordium Wildlife","floor":14,"turns":3},{"damage":27,"enemies":"Hexaghost","floor":16,"turns":11},{"damage":2,"enemies":"2 Thieves","floor":18,"turns":3},{"damage":0,"enemies":"Spheric Guardian","floor":20,"turns":1},{"damage":14,"enemies":"Snake Plant","floor":21,"turns":4},{"damage":19,"enemies":"Shelled Parasite and Fungi","floor":22,"turns":5},{"damage":12,"enemies":"3 Cultists","floor":24,"turns":4},{"damage":16,"enemies":"Gremlin Leader","floor":25,"turns":6},{"damage":14,"enemies":"Book of Stabbing","floor":27,"turns":4},{"damage":8,"enemies":"Centurion and Healer","floor":28,"turns":4},{"damage":4,"enemies":"Cultist and Chosen","floor":30,"turns":3},{"damage":6,"enemies":"Chosen and Byrds","floor":31,"turns":2},{"damage":11,"enemies":"Automaton","floor":33,"turns":8},{"damage":3,"enemies":"Orb Walker","floor":35,"turns":2},{"damage":10,"enemies":"3 Darklings","floor":37,"turns":3},{"damage":17,"enemies":"4 Shapes","floor":38,"turns":3},{"damage":10,"enemies":"Reptomancer","floor":40,"turns":5},{"damage":16,"enemies":"Giant Head","floor":42,"turns":4},{"damage":42,"enemies":"Reptomancer","floor":44,"turns":3},{"damage":14,"enemies":"Writhing Mass","floor":45,"turns":4},{"damage":7,"enemies":"Nemesis","floor":48,"turns":3},{"damage":54,"enemies":"Awakened One","floor":50,"turns":11}],"seed_played":"2789155005728617005","potions_obtained":[{"floor":1,"key":"Fire Potion"},{"floor":3,"key":"ZuzhouPotion:ReiMu"},{"floor":4,"key":"Fire Potion"},{"floor":6,"key":"champ:CounterPotion"},{"floor":12,"key":"Fire Potion"},{"floor":14,"key":"hermit:Tonic"}],"is_trial":false,"path_per_floor":["M","M","M","M","?","E","?","$","T","?","E","M","E","M","R","B",null,"M","$","M","M","M","R","M","E","T","E","M","R","M","M","R","B",null,"M","$","M","M","?","E","R","E","T","E","M","?","?","E","R","B",null],"character_chosen":"HERMIT","items_purchased":["hermit:ShadowCloak","hermit:Misfire","hermit:OverwhelmingPower","Vajra"],"campfire_rested":5,"item_purchase_floors":[8,8,19,36],"current_hp_per_floor":[81,77,76,74,74,70,59,59,59,59,55,49,37,25,49,22,82,80,80,80,66,47,71,59,43,43,31,25,49,47,43,67,58,82,79,79,71,56,56,48,72,58,58,18,6,6,82,75,75,23],"gold":194,"neow_bonus":"TEN_PERCENT_HP_BONUS","is_daily":false,"chose_seed":false,"campfire_upgraded":1,"win_rate":0.0,"timestamp":1612639466,"path_taken":["M","M","M","M","?","E","?","$","T","?","E","M","E","M","R","BOSS","M","$","M","M","M","R","M","E","T","E","?","R","M","M","R","BOSS","M","$","M","M","?","E","R","E","T","E","M","?","?","E","R","BOSS"],"items_purchased_type":["Card","Card","Card","Relic"],"build_version":"2020-12-22","purchased_purges":3,"victory":true,"max_hp_per_floor":[82,82,82,82,82,82,82,82,82,82,82,82,82,82,82,82,82,82,82,82,82,82,82,82,82,82,82,82,82,82,82,82,82,82,82,82,82,82,82,82,82,82,82,82,82,82,82,82,82,82],"card_choices":[{"not_picked":["hermit:Headshot","hermit:GhostlyPresence"],"picked":"hermit:Midnight","floor":1},{"not_picked":["hermit:Shortfuse","hermit:Determination"],"picked":"hermit:Gestalt","floor":2},{"not_picked":["hermit:HoleUp","hermit:PistolWhip"],"picked":"hermit:HighCaliber","floor":3},{"not_picked":["hermit:Desperado","hermit:Ricochet"],"picked":"hermit:CursedWeapon","floor":4},{"not_picked":["hermit:EyeOfTheStorm","hermit:WideOpen"],"picked":"hermit:Scavenge","floor":6},{"not_picked":["hermit:LowProfile","hermit:Showdown"],"picked":"hermit:Misfire","floor":11},{"not_picked":["hermit:HoleUp","hermit:Spite"],"picked":"hermit:Enervate","floor":12},{"not_picked":["hermit:Brawl","hermit:Purgatory"],"picked":"hermit:FlashPowder","floor":13},{"not_picked":["hermit:Quickdraw","hermit:HoleUp"],"picked":"hermit:CalledShot","floor":14},{"not_picked":["hermit:BlackWind","hermit:EternalForm"],"picked":"hermit:DeadOrAlive","floor":16},{"not_picked":["hermit:TrackingShot","hermit:Midnight"],"picked":"hermit:Vantage+1","floor":18},{"not_picked":["hermit:Malice","hermit:Determination+1"],"picked":"hermit:Feint+1","floor":20},{"not_picked":["hermit:Gambit","hermit:Headshot"],"picked":"hermit:Combo","floor":21},{"not_picked":["hermit:SprayPray","hermit:Headshot"],"picked":"hermit:EyeOfTheStorm","floor":22},{"not_picked":["hermit:Misfire","hermit:Coalescence","hermit:HoleUp"],"picked":"SKIP","floor":24},{"not_picked":["hermit:Roulette+1","hermit:Brawl"],"picked":"hermit:Enervate+1","floor":25},{"not_picked":["hermit:Magnum","hermit:PistolWhip+1","hermit:Misfire"],"picked":"SKIP","floor":27},{"not_picked":["hermit:FullyLoaded","hermit:Shortfuse"],"picked":"hermit:TrackingShot+1","floor":28},{"not_picked":["hermit:Virtue","hermit:Snipe"],"picked":"hermit:Ricochet","floor":30},{"not_picked":["hermit:Midnight","hermit:TakeCover+1","hermit:SprayPray"],"picked":"SKIP","floor":31},{"not_picked":["hermit:NoHoldsBarred+1","hermit:FullyLoaded"],"picked":"hermit:Deadeye","floor":35},{"not_picked":["hermit:Purgatory","hermit:Feint+1","hermit:Horror"],"picked":"SKIP","floor":37},{"not_picked":["hermit:DeadMansHand","hermit:Virtue+1"],"picked":"hermit:CalledShot","floor":38},{"not_picked":["hermit:Snipe","hermit:Virtue","hermit:Vantage"],"picked":"SKIP","floor":40},{"not_picked":["hermit:Spite+1","hermit:Feint"],"picked":"hermit:EyeOfTheStorm","floor":42},{"not_picked":["hermit:Horror","hermit:Headshot"],"picked":"hermit:CalledShot","floor":44},{"not_picked":["hermit:LoneWolf","hermit:SprayPray+1","hermit:HoleUp"],"picked":"SKIP","floor":45},{"not_picked":["hermit:SprayPray","hermit:Midnight","hermit:BodyArmor+1"],"picked":"SKIP","floor":48}],"player_experience":116610,"relics_obtained":[{"floor":6,"key":"Orichalcum"},{"floor":9,"key":"Lantern"},{"floor":11,"key":"Mummified Hand"},{"floor":13,"key":"RuthlessExorcism:ReiMu"},{"floor":25,"key":"hermit:RyeStalk"},{"floor":26,"key":"Blood Vial"},{"floor":27,"key":"Centennial Puzzle"},{"floor":40,"key":"Thread and Needle"},{"floor":42,"key":"Ancient Tea Set"},{"floor":43,"key":"Bronze Scales"},{"floor":44,"key":"Anchor"},{"floor":48,"key":"Happy Flower"}],"event_choices":[{"damage_healed":0,"gold_gain":0,"player_choice":"»˚«Æ","damage_taken":0,"relics_obtained":["PaintedHorse:ReiMu"],"max_hp_gain":0,"max_hp_loss":0,"event_name":"yidonshenshe","floor":5,"gold_loss":40},{"damage_healed":0,"gold_gain":75,"player_choice":"Gather Gold","damage_taken":11,"max_hp_gain":0,"max_hp_loss":0,"event_name":"World of Goop","floor":7,"gold_loss":0},{"damage_healed":0,"gold_gain":0,"cards_transformed":["hermit:Strike_Hermit"],"player_choice":"Transformed","damage_taken":0,"max_hp_gain":0,"max_hp_loss":0,"event_name":"Transmorgrifier","floor":10,"gold_loss":0,"cards_obtained":["hermit:Magnum"]},{"damage_healed":0,"gold_gain":0,"player_choice":"Paid","damage_taken":0,"relics_obtained":["Red Mask"],"max_hp_gain":0,"max_hp_loss":0,"event_name":"Tomb of Lord Red Mask","floor":39,"gold_loss":352},{"damage_healed":0,"gold_gain":0,"player_choice":"Ignored","damage_taken":0,"max_hp_gain":0,"max_hp_loss":0,"event_name":"OrinTheCat","floor":46,"gold_loss":0},{"damage_healed":76,"gold_gain":0,"player_choice":"Heal","damage_taken":0,"max_hp_gain":0,"max_hp_loss":0,"event_name":"MindBloom","floor":47,"gold_loss":0,"cards_obtained":["Doubt"]}],"is_beta":false,"boss_relics":[{"not_picked":["Runic Dome","RedLine:ReiMu"],"picked":"Sozu"},{"not_picked":["Velvet Choker","Runesmith:UraniumAnvil"],"picked":"SlaversCollar"}],"items_purged_floors":[8,19,36],"is_endless":false,"potions_floor_spawned":[1,3,4,6,12,14,21,24,27,28,33,35,42,45],"ascension_level":0}}