{"host":"Qube","time":1612593462,"event":{"mods":["AchievementEnabler","BaseMod","Colored Map","Colored Powertips","Highlight Path","Minty Spire (QoL Compilation)","Permanent Neow","Quick Restart","Random Character Button","StSLib"],"gold_per_floor":[114,129,144,159,234,264,279,309,359,359,359,359,374,389,389,389,389],"floor_reached":16,"language":"ENG","playtime":708,"items_purged":[],"score":139,"play_id":"5e5aba7c-c98e-4494-8433-33c23c8319ac","local_time":"20210205223742","daily_mods":["Draft","Diverse","DeadlyEvents"],"is_ascension_mode":false,"campfire_choices":[{"data":"Entrench","floor":10.0,"key":"SMITH"},{"data":"Chaos","floor":12.0,"key":"SMITH"},{"data":"TalkToTheHand","floor":15.0,"key":"SMITH"}],"circlet_count":0,"master_deck":["Lockon","Iron Wave","Escape Plan","Body Slam","Clothesline","Auto Shields","Skewer","Cloak And Dagger","TalkToTheHand+1","Entrench+1","Sweeping Beam","Intimidate","Deadly Poison","WreathOfFlame","Wild Strike","SashWhip","Headbutt","Slice","PiercingWail","Ball Lightning","Chaos+1","Acrobatics","Evaluate","Skim"],"relics":["Ring of the Snake","Question Card","Ancient Tea Set","Dream Catcher"],"acts_visited":["Exordium"],"potions_floor_usage":[],"damage_taken":[{"damage":0.0,"enemies":"Small Slimes","floor":1.0,"turns":3.0},{"damage":0.0,"enemies":"2 Louse","floor":2.0,"turns":3.0},{"damage":0.0,"enemies":"Cultist","floor":3.0,"turns":3.0},{"damage":4.0,"enemies":"Red Slaver","floor":4.0,"turns":4.0},{"damage":0.0,"enemies":"Gremlin Nob","floor":6.0,"turns":4.0},{"damage":0.0,"enemies":"Looter","floor":7.0,"turns":2.0},{"damage":9.0,"enemies":"Lagavulin","floor":8.0,"turns":6.0},{"damage":0.0,"enemies":"3 Louse","floor":13.0,"turns":1.0},{"damage":0.0,"enemies":"Exordium Wildlife","floor":14.0,"turns":4.0},{"damage":0,"enemies":"The Guardian","floor":16,"turns":1}],"seed_played":"5285009320175426936","potions_obtained":[{"floor":2.0,"key":"Explosive Potion"},{"floor":4.0,"key":"EssenceOfSteel"},{"floor":6.0,"key":"Explosive Potion"},{"floor":8.0,"key":"ColorlessPotion"}],"is_trial":false,"path_per_floor":["M","M","M","M","?","E","M","E","T","R","?","R","M","M","R","B"],"character_chosen":"THE_SILENT","items_purchased":[],"campfire_rested":0,"item_purchase_floors":[],"current_hp_per_floor":[70,70,70,66,55,55,55,46,46,46,51,51,51,51,51,51,51],"gold":389,"neow_bonus":"","is_daily":true,"chose_seed":false,"campfire_upgraded":3,"win_rate":0.0,"timestamp":1612593462,"path_taken":["M","M","M","M","?","E","M","E","T","R","?","R","M","?","R","BOSS"],"items_purchased_type":[],"build_version":"2020-12-18","purchased_purges":0,"victory":false,"max_hp_per_floor":[70,70,70,70,70,70,70,70,70,70,75,75,75,75,75,75,75],"card_choices":[{"not_picked":["Havoc","Rupture"],"picked":"Lockon","floor":0.0},{"not_picked":["Armaments","Clothesline"],"picked":"Iron Wave","floor":0.0},{"not_picked":["PathToVictory","Hello World"],"picked":"Escape Plan","floor":0.0},{"not_picked":["Cloak And Dagger","Perseverance"],"picked":"Body Slam","floor":0.0},{"not_picked":["Force Field","Prepared"],"picked":"Clothesline","floor":0.0},{"not_picked":["Gash","Headbutt"],"picked":"Auto Shields","floor":0.0},{"not_picked":["Blizzard","Clash"],"picked":"Skewer","floor":0.0},{"not_picked":["Warcry","FollowUp"],"picked":"Cloak And Dagger","floor":0.0},{"not_picked":["Beam Cell","Cold Snap"],"picked":"TalkToTheHand","floor":0.0},{"not_picked":["Pommel Strike","Compile Driver"],"picked":"Entrench","floor":0.0},{"not_picked":["Deadly Poison","Clash"],"picked":"Sweeping Beam","floor":0.0},{"not_picked":["Quick Slash","Rip and Tear"],"picked":"Intimidate","floor":0.0},{"not_picked":["Rupture","EmptyBody"],"picked":"Deadly Poison","floor":0.0},{"not_picked":["Stack","EmptyFist"],"picked":"WreathOfFlame","floor":0.0},{"not_picked":["Flex","Underhanded Strike"],"picked":"Wild Strike","floor":0.0},{"not_picked":["Perfected Strike","Bane"],"picked":"SashWhip","floor":1.0},{"not_picked":["Go for the Eyes","Havoc"],"picked":"Headbutt","floor":2.0},{"not_picked":["BowlingBash","Burst"],"picked":"Slice","floor":3.0},{"not_picked":["Sweeping Beam","Adaptation"],"picked":"PiercingWail","floor":4.0},{"not_picked":["Thunderclap","Sucker Punch"],"picked":"Ball Lightning","floor":6.0},{"not_picked":["Iron Wave","Conserve Battery","Rip and Tear"],"picked":"Chaos","floor":7.0},{"not_picked":["EmptyMind","Go for the Eyes","Crescendo"],"picked":"Acrobatics","floor":8.0},{"not_picked":["Havoc","Rip and Tear","Underhanded Strike"],"picked":"Evaluate","floor":13.0},{"not_picked":["EmptyFist","Sword Boomerang","FlurryOfBlows"],"picked":"Skim","floor":14.0}],"player_experience":1071641,"relics_obtained":[{"floor":6.0,"key":"Question Card"},{"floor":8.0,"key":"Ancient Tea Set"},{"floor":9.0,"key":"Dream Catcher"}],"event_choices":[{"damage_healed":0.0,"max_hp_gain":0.0,"max_hp_loss":0.0,"gold_gain":75.0,"event_name":"World of Goop","player_choice":"Gather Gold","floor":5.0,"gold_loss":0.0,"damage_taken":11.0},{"damage_healed":0.0,"max_hp_gain":5.0,"max_hp_loss":0.0,"gold_gain":0.0,"event_name":"Big Fish","player_choice":"Donut","floor":11.0,"gold_loss":0.0,"damage_taken":0.0}],"is_beta":true,"boss_relics":[],"items_purged_floors":[],"is_endless":false,"potions_floor_spawned":[2,4,6,8],"killed_by":"The Guardian","ascension_level":0}}