{"host":"9z9bilz90zy1bfdt","time":1612580396,"event":{"mods":["BaseMod","Lobotomy","Minty Spire (QoL Compilation)","StSLib","SuperFastMode"],"gold_per_floor":[113,129,304,36,46,46,121,121,121],"floor_reached":8,"language":"KOR","playtime":127,"items_purged":["Doubt"],"score":71,"play_id":"bb42c0c1-1652-4837-877d-bb01e720e46a","local_time":"20210206115956","is_ascension_mode":true,"campfire_choices":[{"floor":6,"key":"REST"}],"circlet_count":0,"master_deck":["AscendersBane","Strike_R","Strike_R","Strike_R","Strike_R","Strike_R","Defend_R","Defend_R","Defend_R","Defend_R","Bash","PunishingBird","Body Slam","MHz","Offering","Shrug It Off","CherryBlossoms","Battle Trance"],"relics":["Burning Blood","CogitoBucket","Omamori"],"acts_visited":["Exordium"],"potions_floor_usage":[8],"damage_taken":[{"damage":7,"enemies":"Small Slimes","floor":1,"turns":4},{"damage":113,"enemies":"2 Louse","floor":2,"turns":3},{"damage":12,"enemies":"Cultist","floor":5,"turns":1},{"damage":106,"enemies":"Gremlin Nob","floor":8,"turns":1}],"seed_played":"-2996488614140601324","potions_obtained":[{"floor":1,"key":"FairyPotion"},{"floor":5,"key":"EssenceOfSteel"}],"is_trial":false,"path_per_floor":["M","M","?","$","M","R","?","E"],"character_chosen":"IRONCLAD","items_purchased":["Shrug It Off","Omamori"],"campfire_rested":1,"item_purchase_floors":[4,4],"current_hp_per_floor":[71,26,26,26,20,44,33,0,0],"gold":121,"neow_bonus":"","is_daily":false,"chose_seed":false,"campfire_upgraded":0,"win_rate":0.0,"timestamp":1612580396,"path_taken":["M","M","?","$","M","R","?","E"],"items_purchased_type":["Card","Relic"],"build_version":"2020-12-22","purchased_purges":1,"victory":false,"max_hp_per_floor":[80,80,80,80,80,80,80,80,80],"card_choices":[{"not_picked":["Scorched","Murderer"],"picked":"PunishingBird","floor":1},{"not_picked":["Headbutt","Wild Strike"],"picked":"Body Slam","floor":1},{"not_picked":["WallGazer","SnowQueen"],"picked":"MHz","floor":2},{"not_picked":["Anger","Warcry"],"picked":"Offering","floor":2},{"not_picked":["Murderer","Wellcheers"],"picked":"CherryBlossoms","floor":5},{"not_picked":["Sword Boomerang","True Grit"],"picked":"Battle Trance","floor":5}],"player_experience":345467,"relics_obtained":[],"event_choices":[{"damage_healed":0,"gold_gain":175,"player_choice":"AGREE","damage_taken":0,"max_hp_gain":0,"max_hp_loss":0,"event_name":"Liars Game","floor":3,"gold_loss":0,"cards_obtained":["Doubt"]},{"damage_healed":0,"gold_gain":75,"player_choice":"Gather Gold","damage_taken":11,"max_hp_gain":0,"max_hp_loss":0,"event_name":"World of Goop","floor":7,"gold_loss":0}],"is_beta":false,"boss_relics":[],"items_purged_floors":[4],"is_endless":false,"potions_floor_spawned":[1,5],"killed_by":"Gremlin Nob","ascension_level":11}}