{"host":"2i1rjl87isetstuj","time":1612588281,"event":{"mods":["BaseMod","Better Vampires","Challenge The Spire","Dota2Spire","Lobotomy","LobotomyExtend","Marked Mod","Minty Spire (QoL Compilation)","Quick Restart","Shop Mod","StSLib","Waifu the Spire","óô»ðÖ¸ÄÏ"],"gold_per_floor":[109,121,134,144,161,187,187,205,205,220,220,220,220],"floor_reached":12,"language":"ZHS","playtime":1978,"items_purged":[],"score":88,"play_id":"e230fc72-5343-495d-a421-2a2d0d4f2d13","local_time":"20210206131121","is_ascension_mode":true,"campfire_choices":[{"data":"Barricade","floor":11,"key":"SMITH"}],"circlet_count":0,"master_deck":["Strike_R","Strike_R","Strike_R","Strike_R","Defend_R","Defend_R","Defend_R","Defend_R","Bash","Iron Wave","Dropkick","Infernal Blade","Pommel Strike","Barricade+1","Body Slam","Combust"],"relics":["Burning Blood","Bottled Tornado","Sundial"],"acts_visited":["Exordium"],"potions_floor_usage":[12],"damage_taken":[{"damage":1.0,"enemies":"Cultist","floor":1.0,"turns":3.0},{"damage":2.0,"enemies":"Small Slimes","floor":2.0,"turns":4.0},{"damage":0.0,"enemies":"2 Louse","floor":3.0,"turns":3.0},{"damage":11.0,"enemies":"Red Slaver","floor":4.0,"turns":3.0},{"damage":31.0,"enemies":"Gremlin Gang","floor":5.0,"turns":4.0},{"damage":22.0,"enemies":"3 Sentries","floor":6.0,"turns":7.0},{"damage":15,"enemies":"Lots of Slimes","floor":8,"turns":6},{"damage":14,"enemies":"3 Louse","floor":10,"turns":4},{"damage":21,"enemies":"Gremlin Nob","floor":12,"turns":2}],"seed_played":"-114375205082304436","potions_obtained":[{"floor":3.0,"key":"GamblersBrew"},{"floor":5.0,"key":"Explosive Potion"},{"floor":6,"key":"Swift Potion"},{"floor":8,"key":"PowerPotion"}],"is_trial":false,"path_per_floor":["M","M","M","M","M","E","?","M","T","M","R","E"],"character_chosen":"IRONCLAD","items_purchased":[],"campfire_rested":0,"item_purchase_floors":[],"current_hp_per_floor":[80,80,80,75,50,34,34,25,25,17,17,0,0],"gold":220,"neow_bonus":"REMOVE_CARD","is_daily":false,"chose_seed":false,"campfire_upgraded":1,"win_rate":0.0,"timestamp":1612588281,"path_taken":["M","M","M","?","M","E","?","?","T","M","R","E"],"items_purchased_type":[],"build_version":"2020-12-22","purchased_purges":0,"victory":false,"max_hp_per_floor":[80,80,80,80,80,80,80,80,80,80,80,80,80],"card_choices":[{"not_picked":["True Grit","Clash"],"picked":"Iron Wave","floor":1.0},{"not_picked":["Havoc","Clothesline"],"picked":"Dropkick","floor":2.0},{"not_picked":["Perfected Strike","Body Slam"],"picked":"Infernal Blade","floor":3.0},{"not_picked":["Flex","Burning Pact"],"picked":"Pommel Strike","floor":4.0},{"not_picked":["Perfected Strike","Carnage"],"picked":"Barricade","floor":5.0},{"not_picked":["Shrug It Off","Twin Strike"],"picked":"Body Slam","floor":6},{"not_picked":["Dropkick","Intimidate"],"picked":"Combust","floor":8},{"not_picked":["True Grit","Flex","Wild Strike"],"picked":"SKIP","floor":10}],"player_experience":131653,"relics_obtained":[{"floor":6,"key":"Bottled Tornado"}],"event_choices":[{"damage_healed":0,"gold_gain":0,"player_choice":"Gave Potion","damage_taken":0,"relics_obtained":["Sundial"],"max_hp_gain":0,"max_hp_loss":0,"event_name":"WeMeetAgain","floor":7,"gold_loss":0}],"is_beta":false,"boss_relics":[],"items_purged_floors":[],"is_endless":false,"potions_floor_spawned":[3,5,6,8],"killed_by":"Gremlin Nob","ascension_level":1}}