{"host":"630px4nyj50z5id8","time":1612595155,"event":{"mods":["BaseMod","Better Note","Colored Powertips","Good Game Mod","Minty Spire (QoL Compilation)","Quick Restart","Rare Cards Sparkle","Relic Filter Mod","Replay The Spire","StSLib","Waifu the Spire"],"gold_per_floor":[112,287,287,287,304,339,349,379,379,379,405,163,7,21,21,116,116,41,41],"floor_reached":18,"language":"ZHS","playtime":592,"items_purged":["Doubt"],"score":342,"play_id":"843ee48c-4ed3-44ab-87ca-4d71dbf3ddc3","local_time":"20210206150555","is_ascension_mode":true,"campfire_choices":[{"data":"Strike_R","floor":15,"key":"PURGE"}],"circlet_count":0,"master_deck":["Strike_R","Strike_R","Strike_R","Strike_R","Defend_R","Defend_R","Defend_R","Bash","Phantasmal Killer","True Grit","Good Instincts","Offering","Fire Breathing","Spot Weakness","Shrug It Off","ReplayTheSpireMod:Muscle Training","Battle Trance","Reaper+1","Secret Weapon","Finesse","Midas Touch","Combust","Reaper+1","Bludgeon+1","Offering"],"relics":["Burning Blood","REME:ComplimentaryCards","NeowsBlessing","Divine Protection","Iron Hammer","Molten Egg 2","Oddly Smooth Stone","ReplayTheSpireMod:ShopPack","DollysMirror","Velvet Choker"],"acts_visited":["Exordium","TheCity"],"potions_floor_usage":[],"damage_taken":[{"damage":0.0,"enemies":"Jaw Worm","floor":1.0,"turns":1.0},{"damage":1,"enemies":"2 Louse","floor":5,"turns":2},{"damage":0,"enemies":"Lagavulin","floor":6,"turns":1},{"damage":0,"enemies":"Small Slimes","floor":7,"turns":3},{"damage":27,"enemies":"3 Sentries","floor":8,"turns":6},{"damage":3,"enemies":"Lagavulin","floor":11,"turns":5},{"damage":0,"enemies":"Exordium Thugs","floor":14,"turns":3},{"damage":6,"enemies":"Slime Boss","floor":16,"turns":7},{"damage":21,"enemies":"2 Thieves","floor":18,"turns":4}],"seed_played":"8379486573491237215","potions_obtained":[{"floor":5,"key":"BloodPotion"},{"floor":11,"key":"Explosive Potion"},{"floor":14,"key":"Venom Potion"},{"floor":16,"key":"Fire Potion"}],"is_trial":false,"path_per_floor":["M","?","?","?","M","E","M","E","T","?","E","$","$","M","R","B",null,"M"],"character_chosen":"IRONCLAD","items_purchased":["ReplayTheSpireMod:ShopPack","Combust","DollysMirror"],"campfire_rested":0,"item_purchase_floors":[12,12,13],"current_hp_per_floor":[78,78,78,78,80,80,80,59,59,59,62,62,62,80,80,80,80,59,59],"gold":41,"neow_bonus":"THREE_ENEMY_KILL","is_daily":false,"chose_seed":false,"campfire_upgraded":0,"win_rate":0.0,"timestamp":1612595155,"path_taken":["M","?","?","?","M","E","?","E","T","?","E","?","$","M","R","BOSS","M"],"items_purchased_type":["Relic","Card","Relic"],"build_version":"2020-12-22","purchased_purges":1,"victory":false,"max_hp_per_floor":[80,80,80,80,80,80,80,80,80,80,80,80,80,80,80,80,80,80,80],"card_choices":[{"not_picked":["Thunderclap","Headbutt"],"picked":"True Grit","floor":1.0},{"not_picked":["Run Through","Clothesline"],"picked":"Spot Weakness","floor":5},{"not_picked":["Dropkick","ReplayReversal"],"picked":"Shrug It Off","floor":6},{"not_picked":["Flame Barrier","Run Through"],"picked":"ReplayTheSpireMod:Muscle Training","floor":7},{"not_picked":["Flame Barrier","Cleave"],"picked":"Battle Trance","floor":8},{"not_picked":["Reckless Charge+1","Feel No Pain"],"picked":"Reaper+1","floor":11},{"not_picked":["Chrysalis","ReplayUltimateDefense"],"picked":"Secret Weapon","floor":12},{"not_picked":["Blind","PanicButton"],"picked":"Finesse","floor":12},{"not_picked":["Dramatic Entrance","ReplayTheSpireMod:Private Reserves"],"picked":"Midas Touch","floor":12},{"not_picked":["True Grit","Headbutt+1"],"picked":"Bludgeon+1","floor":14},{"not_picked":["Brutality","Berserk"],"picked":"Offering","floor":16}],"player_experience":397388,"relics_obtained":[{"floor":6,"key":"Divine Protection"},{"floor":8,"key":"Iron Hammer"},{"floor":9,"key":"Molten Egg 2"},{"floor":11,"key":"Oddly Smooth Stone"}],"event_choices":[{"damage_healed":0.0,"max_hp_gain":0.0,"max_hp_loss":0.0,"gold_gain":175.0,"event_name":"Liars Game","player_choice":"AGREE","floor":2.0,"gold_loss":0.0,"damage_taken":0.0,"cards_obtained":["Doubt"]},{"damage_healed":0,"gold_gain":0,"player_choice":"3 cards matched","damage_taken":0,"max_hp_gain":0,"max_hp_loss":0,"event_name":"Match and Keep!","floor":4,"gold_loss":0,"cards_obtained":["Good Instincts","Offering","Fire Breathing"]},{"damage_healed":0,"gold_gain":0,"player_choice":"Bought 0 Potions","damage_taken":0,"max_hp_gain":0,"max_hp_loss":0,"event_name":"The Woman in Blue","floor":10,"gold_loss":0}],"is_beta":false,"boss_relics":[{"not_picked":["SacredBark","Replay:Drink Me"],"picked":"Velvet Choker"}],"items_purged_floors":[12],"is_endless":false,"potions_floor_spawned":[5,11,14,16],"killed_by":"2 Thieves","ascension_level":7}}