{"host":"nolo0osttpwefhwj","time":1612650282,"event":{"mods":["AchievementEnabler","BaseMod","Bestiary","Colored Powertips","Minty Spire (QoL Compilation)","Permanent Neow","Quick Restart","Relic Stats"],"gold_per_floor":[115,133,151,163,163,194,214,240,317,328,328,35,35,48,48,126,126,138,157,72,72,86,86,105,137,160,160,160,160,190,290,290,364,364,380,340,358,107,122,122,152,177,228,256,276,304,304,333,333,333,333,333,44,76,76],"floor_reached":56,"language":"ENG","playtime":3885,"items_purged":["Strike_R"],"score":2394,"play_id":"3ea4604f-cdc9-4657-996c-ec1f019b187a","local_time":"20210206232442","is_ascension_mode":true,"campfire_choices":[{"data":"Strike_R","floor":15.0,"key":"PURGE"},{"data":"Armaments","floor":23.0,"key":"SMITH"},{"data":"Strike_R","floor":27.0,"key":"PURGE"},{"data":"Strike_R","floor":29.0,"key":"PURGE"},{"floor":32.0,"key":"RECALL"},{"data":"Demon Form","floor":40.0,"key":"SMITH"},{"data":"Shame","floor":47.0,"key":"PURGE"},{"data":"Disarm","floor":49.0,"key":"SMITH"},{"data":"Disarm","floor":52.0,"key":"SMITH"}],"circlet_count":0,"master_deck":["AscendersBane","Defend_R","Defend_R","Defend_R","Defend_R","Bash","Armaments+1","Cleave+1","Anger","Clothesline+1","Demon Form+1","Flame Barrier","Shrug It Off","Sword Boomerang","Reaper","Ghostly Armor","Disarm+1","Impervious","RitualDagger","Pommel Strike+1","Reaper","Disarm+1","Sword Boomerang","Dark Embrace+1","Barricade+1","Feel No Pain+1","Limit Break","Shockwave","Demon Form+1","Impervious+1","Metallicize+1","Disarm+1"],"relics":["Burning Blood","Pen Nib","Gambling Chip","Peace Pipe","Singing Bowl","Bag of Marbles","Pocketwatch","Coffee Dripper","MealTicket","Oddly Smooth Stone","PreservedInsect","Frozen Egg 2","Lizard Tail","Blue Candle","Cursed Key","Bag of Preparation","Eternal Feather","Mango","Darkstone Periapt","Meat on the Bone","Toxic Egg 2","Membership Card","Paper Frog"],"acts_visited":["Exordium","TheCity","TheBeyond","TheEnding"],"potions_floor_usage":[55,55],"damage_taken":[{"damage":2.0,"enemies":"Cultist","floor":1.0,"turns":4.0},{"damage":8.0,"enemies":"Small Slimes","floor":2.0,"turns":5.0},{"damage":0.0,"enemies":"2 Louse","floor":3.0,"turns":2.0},{"damage":1.0,"enemies":"Red Slaver","floor":4.0,"turns":4.0},{"damage":31.0,"enemies":"Gremlin Nob","floor":6.0,"turns":4.0},{"damage":3.0,"enemies":"Blue Slaver","floor":7.0,"turns":4.0},{"damage":15.0,"enemies":"3 Sentries","floor":8.0,"turns":6.0},{"damage":13.0,"enemies":"Exordium Wildlife","floor":10.0,"turns":3.0},{"damage":3.0,"enemies":"Lots of Slimes","floor":14.0,"turns":4.0},{"damage":4.0,"enemies":"Hexaghost","floor":16.0,"turns":7.0},{"damage":7.0,"enemies":"Spheric Guardian","floor":18.0,"turns":4.0},{"damage":0.0,"enemies":"Chosen","floor":19.0,"turns":4.0},{"damage":18.0,"enemies":"Snake Plant","floor":22.0,"turns":6.0},{"damage":28.0,"enemies":"Shelled Parasite and Fungi","floor":24.0,"turns":5.0},{"damage":18.0,"enemies":"Gremlin Leader","floor":25.0,"turns":5.0},{"damage":21.0,"enemies":"Book of Stabbing","floor":30.0,"turns":6.0},{"damage":13.0,"enemies":"Colosseum Slavers","floor":31.0,"turns":5.0},{"damage":0.0,"enemies":"Colosseum Nobs","floor":31.0,"turns":3.0},{"damage":31.0,"enemies":"Collector","floor":33.0,"turns":8.0},{"damage":0.0,"enemies":"3 Darklings","floor":35.0,"turns":5.0},{"damage":3.0,"enemies":"3 Shapes","floor":37.0,"turns":5.0},{"damage":23.0,"enemies":"Transient","floor":39.0,"turns":6.0},{"damage":7.0,"enemies":"Nemesis","floor":41.0,"turns":7.0},{"damage":0.0,"enemies":"Mind Bloom Boss Battle","floor":42.0,"turns":8.0},{"damage":1.0,"enemies":"Reptomancer","floor":44.0,"turns":7.0},{"damage":9.0,"enemies":"Jaw Worm Horde","floor":45.0,"turns":5.0},{"damage":0.0,"enemies":"Nemesis","floor":46.0,"turns":1.0},{"damage":12.0,"enemies":"Giant Head","floor":48.0,"turns":7.0},{"damage":87.0,"enemies":"Awakened One","floor":50.0,"turns":10.0},{"damage":63,"enemies":"Shield and Spear","floor":54,"turns":8},{"damage":0,"enemies":"The Heart","floor":55,"turns":10}],"seed_played":"-1448314945669413761","potions_obtained":[{"floor":2.0,"key":"SkillPotion"},{"floor":8.0,"key":"PowerPotion"},{"floor":16.0,"key":"Swift Potion"},{"floor":19.0,"key":"Swift Potion"},{"floor":35.0,"key":"PowerPotion"},{"floor":36.0,"key":"DuplicationPotion"},{"floor":44.0,"key":"DuplicationPotion"},{"floor":46.0,"key":"HeartOfIron"}],"is_trial":false,"path_per_floor":["M","M","M","M","?","E","M","E","T","M","?","$","?","M","R","B",null,"M","M","?","?","M","R","M","E","T","R","?","R","E","?","R","B",null,"M","?","M","$","M","R","E","?","T","E","M","E","R","E","R","B",null,"R","$","E","B",null],"character_chosen":"IRONCLAD","items_purchased":["Bag of Marbles","Shrug It Off","Bag of Preparation","Disarm","Sword Boomerang","Membership Card","Impervious+1","Metallicize+1"],"campfire_rested":0,"item_purchase_floors":[12,12,38,38,38,53,53,53],"current_hp_per_floor":[72,70,75,75,75,50,53,44,44,37,14,14,14,17,17,19,61,70,77,77,77,71,71,49,67,67,67,61,61,64,69,69,62,78,85,85,85,85,68,68,72,99,99,99,99,99,99,101,101,101,101,101,101,99,101],"gold":76,"neow_bonus":"RANDOM_COMMON_RELIC","is_daily":false,"chose_seed":false,"campfire_upgraded":4,"win_rate":0.0,"timestamp":1612650282,"path_taken":["M","M","?","M","?","E","M","E","T","?","?","$","?","?","R","BOSS","M","M","?","?","?","R","M","E","T","R","?","R","E","?","R","BOSS","M","?","?","$","M","R","E","?","T","E","M","E","R","E","R","BOSS","R","$","E","BOSS"],"items_purchased_type":["Relic","Card","Relic","Card","Card","Relic","Card","Card"],"build_version":"2020-12-22","purchased_purges":1,"victory":true,"max_hp_per_floor":[75,75,75,75,75,75,75,75,75,75,75,75,75,75,75,75,75,75,77,77,77,79,79,79,79,79,79,79,79,79,81,81,83,83,85,85,85,85,85,85,85,99,99,99,99,99,99,101,101,101,101,101,101,101,101],"relic_stats":{"Darkstone Periapt":0,"Singing Bowl":12,"counters":[31,168],"Blue Candle":[2],"Eternal Feather":0,"Pen Nib":[27],"PreservedInsect":450,"Bag of Preparation":[20],"Cursed Key":1,"Burning Blood":130,"Peace Pipe":5,"Lizard Tail":0,"Gambling Chip":[107],"MealTicket":0,"obtain_stats":[{"Darkstone Periapt":44,"Singing Bowl":9,"Blue Candle":31,"Oddly Smooth Stone":25,"Eternal Feather":41,"Mango":42,"Pen Nib":0,"PreservedInsect":26,"Bag of Preparation":38,"Frozen Egg 2":30,"Cursed Key":34,"Burning Blood":0,"Peace Pipe":8,"Lizard Tail":31,"Gambling Chip":6,"MealTicket":20,"Bag of Marbles":12,"Coffee Dripper":17,"Membership Card":53,"Toxic Egg 2":48,"Pocketwatch":13,"Meat on the Bone":46,"Paper Frog":54},{"Darkstone Periapt":25,"Singing Bowl":7,"Blue Candle":18,"Oddly Smooth Stone":15,"Eternal Feather":23,"Mango":24,"Pen Nib":0,"PreservedInsect":15,"Bag of Preparation":21,"Frozen Egg 2":16,"Cursed Key":19,"Burning Blood":0,"Peace Pipe":7,"Lizard Tail":18,"Gambling Chip":5,"MealTicket":12,"Bag of Marbles":8,"Coffee Dripper":10,"Membership Card":29,"Toxic Egg 2":28,"Pocketwatch":8,"Meat on the Bone":27,"Paper Frog":30},{"Darkstone Periapt":127,"Singing Bowl":29,"Blue Candle":81,"Oddly Smooth Stone":67,"Eternal Feather":112,"Mango":120,"Pen Nib":0,"PreservedInsect":67,"Bag of Preparation":99,"Frozen Egg 2":73,"Cursed Key":89,"Burning Blood":0,"Peace Pipe":29,"Lizard Tail":81,"Gambling Chip":19,"MealTicket":51,"Bag of Marbles":32,"Coffee Dripper":43,"Membership Card":150,"Toxic Egg 2":140,"Pocketwatch":32,"Meat on the Bone":133,"Paper Frog":158}],"Pocketwatch":[162],"Meat on the Bone":0},"card_choices":[{"not_picked":["Wild Strike","Dropkick"],"picked":"Armaments","floor":1.0},{"not_picked":["Sword Boomerang","Shrug It Off"],"picked":"Cleave","floor":2.0},{"not_picked":["Sword Boomerang","Flex"],"picked":"Anger","floor":3.0},{"not_picked":["Armaments","Iron Wave"],"picked":"Clothesline","floor":4.0},{"not_picked":["Thunderclap","Pommel Strike"],"picked":"Demon Form","floor":6.0},{"not_picked":["Combust","Anger","Thunderclap"],"picked":"SKIP","floor":7.0},{"not_picked":["Anger","Bloodletting","Warcry"],"picked":"SKIP","floor":8.0},{"not_picked":["Sword Boomerang","Iron Wave"],"picked":"Flame Barrier","floor":10.0},{"not_picked":["Clothesline","Fiend Fire"],"picked":"Sword Boomerang","floor":14.0},{"not_picked":["Juggernaut","Berserk"],"picked":"Reaper","floor":16.0},{"not_picked":["Perfected Strike","Flex"],"picked":"Ghostly Armor","floor":18.0},{"not_picked":["Infernal Blade","Headbutt","Carnage"],"picked":"Singing Bowl","floor":19.0},{"not_picked":["Rupture+1","Headbutt","Pommel Strike"],"picked":"Singing Bowl","floor":22.0},{"not_picked":["Carnage","Clothesline+1"],"picked":"Disarm","floor":24.0},{"not_picked":["Seeing Red","Pommel Strike"],"picked":"Impervious","floor":25.0},{"not_picked":["Headbutt","Cleave"],"picked":"Pommel Strike+1","floor":30.0},{"not_picked":["Anger","Dropkick","Rampage"],"picked":"Singing Bowl","floor":31.0},{"not_picked":["Corruption+1","Immolate","Fiend Fire"],"picked":"Singing Bowl","floor":33.0},{"not_picked":["Clothesline","Anger","Combust+1"],"picked":"Singing Bowl","floor":35.0},{"not_picked":["Dropkick","Sword Boomerang"],"picked":"Reaper","floor":37.0},{"not_picked":["Wild Strike","Rupture+1"],"picked":"Dark Embrace+1","floor":39.0},{"not_picked":["Warcry","Ghostly Armor"],"picked":"Barricade+1","floor":41.0},{"not_picked":["Thunderclap+1","Clash+1"],"picked":"Feel No Pain+1","floor":42.0},{"not_picked":["Dark Embrace+1","Combust+1"],"picked":"Limit Break","floor":44.0},{"not_picked":["Searing Blow","Intimidate"],"picked":"Shockwave","floor":45.0},{"not_picked":["True Grit","Spot Weakness+1"],"picked":"Demon Form+1","floor":46.0},{"not_picked":["Barricade+1","Clash+1","Iron Wave+1"],"picked":"Singing Bowl","floor":48.0},{"not_picked":["Perfected Strike","Pommel Strike"],"picked":"Disarm+1","floor":54}],"player_experience":310586,"relics_obtained":[{"floor":6.0,"key":"Gambling Chip"},{"floor":8.0,"key":"Peace Pipe"},{"floor":9.0,"key":"Singing Bowl"},{"floor":25.0,"key":"Oddly Smooth Stone"},{"floor":26.0,"key":"PreservedInsect"},{"floor":30.0,"key":"Frozen Egg 2"},{"floor":31.0,"key":"Lizard Tail"},{"floor":31.0,"key":"Blue Candle"},{"floor":41.0,"key":"Eternal Feather"},{"floor":42.0,"key":"Mango"},{"floor":44.0,"key":"Darkstone Periapt"},{"floor":46.0,"key":"Meat on the Bone"},{"floor":48.0,"key":"Toxic Egg 2"},{"floor":54,"key":"Paper Frog"}],"event_choices":[{"cards_removed":["Strike_R"],"damage_healed":0.0,"max_hp_gain":0.0,"max_hp_loss":0.0,"gold_gain":0.0,"event_name":"Bonfire Elementals","player_choice":"Offered Basic","floor":5.0,"gold_loss":0.0,"damage_taken":0.0},{"damage_healed":0.0,"max_hp_gain":0.0,"max_hp_loss":0.0,"gold_gain":0.0,"event_name":"Shining Light","player_choice":"Entered Light","floor":11.0,"gold_loss":0.0,"damage_taken":23.0,"cards_upgraded":["Cleave","Clothesline"]},{"damage_healed":0.0,"max_hp_gain":0.0,"max_hp_loss":0.0,"gold_gain":0.0,"event_name":"WeMeetAgain","player_choice":"Gave Potion","floor":13.0,"gold_loss":0.0,"damage_taken":0.0,"relics_obtained":["Pocketwatch"]},{"damage_healed":0.0,"max_hp_gain":0.0,"max_hp_loss":0.0,"gold_gain":0.0,"event_name":"Addict","player_choice":"Obtained Relic","floor":20.0,"gold_loss":85.0,"damage_taken":0.0,"relics_obtained":["MealTicket"]},{"damage_healed":0.0,"max_hp_gain":0.0,"max_hp_loss":0.0,"gold_gain":0.0,"event_name":"N\u0027loth","player_choice":"Ignored","floor":21.0,"gold_loss":0.0,"damage_taken":0.0},{"damage_healed":0.0,"max_hp_gain":0.0,"max_hp_loss":0.0,"gold_gain":0.0,"event_name":"Nest","player_choice":"Joined the Cult","floor":28.0,"gold_loss":0.0,"damage_taken":6.0,"cards_obtained":["RitualDagger"]},{"damage_healed":0.0,"max_hp_gain":0.0,"max_hp_loss":0.0,"gold_gain":0.0,"event_name":"Colosseum","player_choice":"Fight","floor":31.0,"gold_loss":0.0,"damage_taken":0.0},{"damage_healed":0.0,"max_hp_gain":0.0,"max_hp_loss":0.0,"gold_gain":0.0,"event_name":"Colosseum","player_choice":"Fought Nobs","floor":31.0,"gold_loss":0.0,"damage_taken":0.0},{"damage_healed":0.0,"max_hp_gain":0.0,"max_hp_loss":0.0,"gold_gain":0.0,"event_name":"The Woman in Blue","player_choice":"Bought 3 Potions","floor":36.0,"gold_loss":0.0,"damage_taken":0.0},{"damage_healed":0.0,"max_hp_gain":0.0,"max_hp_loss":0.0,"gold_gain":0.0,"event_name":"MindBloom","player_choice":"Fight","floor":42.0,"gold_loss":0.0,"damage_taken":0.0}],"is_beta":false,"boss_relics":[{"not_picked":["Runic Dome","SacredBark"],"picked":"Coffee Dripper"},{"not_picked":["Fusion Hammer","Sozu"],"picked":"Cursed Key"}],"items_purged_floors":[12],"is_endless":false,"potions_floor_spawned":[2,8,16,19,22,24,35,44,45,46,54],"ascension_level":18}}