{"host":"9v3x998ddbx8o276","time":1612580431,"event":{"mods":["AchievementEnabler","BaseMod","Colored Map","Colored Powertips","Highlight Path","Minty Spire (QoL Compilation)","Quick Restart","Rare Cards Sparkle"],"gold_per_floor":[119,84,84,103,125,125,105,149,174,174,200,223,258,284,284,368,368,391,249,249,269,269,269],"floor_reached":22,"language":"ENG","playtime":2215,"items_purged":["Strike_R"],"score":392,"play_id":"85aa807e-5e13-4bb2-9896-0c229eb2aa91","local_time":"20210206133031","is_ascension_mode":true,"campfire_choices":[{"data":"Bash","floor":6.0,"key":"SMITH"},{"floor":10.0,"key":"REST"},{"floor":15.0,"key":"REST"}],"circlet_count":0,"master_deck":["AscendersBane","Strike_R","Strike_R","Strike_R","Strike_R","Defend_R","Defend_R","Defend_R","Defend_R","Bash+1","CurseOfTheBell","Sword Boomerang","Clothesline","Flex","Fire Breathing","Bludgeon","Anger","Disarm","Clash","Immolate","Flame Barrier","Disarm","Blood for Blood"],"relics":["Calling Bell","CeramicFish","Gremlin Horn","Girya","Ancient Tea Set","Lantern","Centennial Puzzle","InkBottle","Velvet Choker"],"acts_visited":["Exordium","TheCity"],"potions_floor_usage":[],"damage_taken":[{"damage":9.0,"enemies":"Jaw Worm","floor":1.0,"turns":4.0},{"damage":7.0,"enemies":"Small Slimes","floor":4.0,"turns":3.0},{"damage":3.0,"enemies":"Cultist","floor":5.0,"turns":4.0},{"damage":20.0,"enemies":"Lagavulin","floor":8.0,"turns":6.0},{"damage":0.0,"enemies":"Exordium Wildlife","floor":11.0,"turns":2.0},{"damage":3.0,"enemies":"Large Slime","floor":12.0,"turns":5.0},{"damage":20.0,"enemies":"3 Sentries","floor":13.0,"turns":5.0},{"damage":11.0,"enemies":"Looter","floor":14.0,"turns":2.0},{"damage":24.0,"enemies":"Hexaghost","floor":16.0,"turns":9.0},{"damage":11.0,"enemies":"2 Thieves","floor":18.0,"turns":2.0},{"damage":23.0,"enemies":"Shell Parasite","floor":21.0,"turns":5.0},{"damage":0,"enemies":"Cultist and Chosen","floor":22,"turns":1}],"seed_played":"-379602056031597544","potions_obtained":[{"floor":5.0,"key":"Energy Potion"},{"floor":7.0,"key":"Energy Potion"},{"floor":8.0,"key":"DuplicationPotion"},{"floor":11.0,"key":"Block Potion"}],"is_trial":false,"path_per_floor":["M","?","?","M","M","R","?","E","T","R","M","M","E","M","R","B",null,"M","$","?","M","M"],"character_chosen":"IRONCLAD","items_purchased":["Disarm"],"campfire_rested":2,"item_purchase_floors":[19],"current_hp_per_floor":[59,75,57,50,47,47,47,27,27,49,49,46,26,15,37,13,60,49,49,49,26,26,26],"gold":269,"neow_bonus":"BOSS_RELIC","is_daily":false,"chose_seed":false,"campfire_upgraded":1,"win_rate":0.0,"timestamp":1612580431,"path_taken":["M","?","?","M","M","R","?","E","T","R","M","?","E","M","R","BOSS","M","$","?","M","M"],"items_purchased_type":["Card"],"build_version":"2020-12-22","purchased_purges":1,"victory":false,"max_hp_per_floor":[75,75,75,75,75,75,75,75,75,75,75,75,75,75,75,75,75,75,75,75,75,75,75],"card_choices":[{"not_picked":["Warcry","Seeing Red"],"picked":"Sword Boomerang","floor":1.0},{"not_picked":["True Grit","Anger"],"picked":"Clothesline","floor":4.0},{"not_picked":["Dual Wield","Thunderclap"],"picked":"Flex","floor":5.0},{"not_picked":["Perfected Strike","Power Through"],"picked":"Fire Breathing","floor":8.0},{"not_picked":["Pummel","Carnage"],"picked":"Bludgeon","floor":11.0},{"not_picked":["Dark Embrace","Headbutt"],"picked":"Anger","floor":12.0},{"not_picked":["Bloodletting","Flex"],"picked":"Disarm","floor":13.0},{"not_picked":["Sword Boomerang","Havoc"],"picked":"Clash","floor":14.0},{"not_picked":["Brutality","Bludgeon"],"picked":"Immolate","floor":16.0},{"not_picked":["Power Through","Havoc+1"],"picked":"Flame Barrier","floor":18.0},{"not_picked":["Perfected Strike","Headbutt"],"picked":"Blood for Blood","floor":21.0}],"player_experience":2219705,"relics_obtained":[{"floor":0.0,"key":"CeramicFish"},{"floor":0.0,"key":"Gremlin Horn"},{"floor":0.0,"key":"Girya"},{"floor":8.0,"key":"Lantern"},{"floor":9.0,"key":"Centennial Puzzle"},{"floor":13.0,"key":"InkBottle"}],"event_choices":[{"damage_healed":18.0,"max_hp_gain":0.0,"max_hp_loss":0.0,"gold_gain":0.0,"event_name":"The Cleric","player_choice":"Healed","floor":2.0,"gold_loss":35.0,"damage_taken":0.0},{"damage_healed":0.0,"max_hp_gain":0.0,"max_hp_loss":0.0,"gold_gain":0.0,"event_name":"Scrap Ooze","player_choice":"Success","floor":3.0,"gold_loss":0.0,"damage_taken":18.0,"relics_obtained":["Ancient Tea Set"]},{"damage_healed":0.0,"max_hp_gain":0.0,"max_hp_loss":0.0,"gold_gain":0.0,"event_name":"The Woman in Blue","player_choice":"Bought 1 Potion","floor":7.0,"gold_loss":0.0,"damage_taken":0.0},{"damage_healed":0.0,"max_hp_gain":0.0,"max_hp_loss":0.0,"gold_gain":0.0,"event_name":"Ghosts","player_choice":"Ignored","floor":20.0,"gold_loss":0.0,"damage_taken":0.0}],"is_beta":false,"boss_relics":[{"not_picked":["Empty Cage","Cursed Key"],"picked":"Velvet Choker"}],"items_purged_floors":[19],"is_endless":false,"potions_floor_spawned":[5,8,11],"killed_by":"Cultist and Chosen","ascension_level":20}}