{"host":"vyjryxuuuxkt43k4","time":1612618069,"event":{"mods":["AchievementEnabler","BaseMod","Colored Map","DeckTracker","Highlight Path","Keyboard Shortcuts","Minty Spire (QoL Compilation)","Permanent Neow","Quick Restart","StSLib","SuperFastMode","everything is the same but u backflip on backflip"],"gold_per_floor":[362,20,40,40,60,60,163,203,203,238,238,258,300,2,2,2,2],"floor_reached":16,"language":"KOR","playtime":395,"items_purged":["Regret"],"score":104,"play_id":"769facc0-6daf-44d2-a2fd-74d2cb62d9b9","local_time":"20210206222749","is_ascension_mode":false,"campfire_choices":[{"data":"HandOfGreed","floor":6.0,"key":"SMITH"},{"data":"Corruption","floor":11.0,"key":"SMITH"},{"data":"Dark Embrace","floor":15.0,"key":"SMITH"}],"circlet_count":0,"master_deck":["Strike_R","Strike_R","Strike_R","Strike_R","Strike_R","Defend_R","Defend_R","Defend_R","Defend_R","Bash","Perfected Strike","HandOfGreed+1","Enlightenment","Perfected Strike","Second Wind","Corruption+1","Perfected Strike","Shrug It Off","Dark Embrace+1"],"relics":["Burning Blood","Regal Pillow","Red Skull","Membership Card","Bottled Tornado"],"acts_visited":["Exordium"],"potions_floor_usage":[16],"damage_taken":[{"damage":1.0,"enemies":"2 Louse","floor":1.0,"turns":2.0},{"damage":6.0,"enemies":"Jaw Worm","floor":3.0,"turns":3.0},{"damage":0.0,"enemies":"Cultist","floor":5.0,"turns":2.0},{"damage":40.0,"enemies":"3 Sentries","floor":7.0,"turns":8.0},{"damage":12.0,"enemies":"Large Slime","floor":8.0,"turns":5.0},{"damage":2.0,"enemies":"Blue Slaver","floor":10.0,"turns":2.0},{"damage":11.0,"enemies":"3 Louse","floor":12.0,"turns":3.0},{"damage":0.0,"enemies":"2 Fungi Beasts","floor":13.0,"turns":2.0},{"damage":48,"enemies":"The Guardian","floor":16,"turns":6}],"seed_played":"-1871713801889468227","potions_obtained":[{"floor":3.0,"key":"Swift Potion"},{"floor":8.0,"key":"EssenceOfSteel"},{"floor":10.0,"key":"DistilledChaos"}],"is_trial":false,"path_per_floor":["M","$","M","?","M","R","E","M","T","M","R","M","M","$","R","B"],"character_chosen":"IRONCLAD","items_purchased":["HandOfGreed","Enlightenment","Membership Card","Bottled Tornado","Dark Embrace"],"campfire_rested":0,"item_purchase_floors":[2,2,14,14,14],"current_hp_per_floor":[80,80,80,80,80,80,46,40,40,44,44,39,45,45,45,0,0],"gold":2,"neow_bonus":"TWO_FIFTY_GOLD","is_daily":false,"chose_seed":false,"campfire_upgraded":3,"win_rate":0.0,"timestamp":1612618069,"path_taken":["M","$","M","?","M","R","E","M","T","M","R","M","M","$","R","BOSS"],"items_purchased_type":["Card","Card","Relic","Relic","Card"],"build_version":"2020-12-22","purchased_purges":1,"victory":false,"max_hp_per_floor":[80,80,80,80,80,80,80,80,80,80,80,80,80,80,80,80,80],"card_choices":[{"not_picked":["Pummel","Sentinel"],"picked":"Perfected Strike","floor":1.0},{"not_picked":["Sword Boomerang","Warcry"],"picked":"Perfected Strike","floor":3.0},{"not_picked":["Fire Breathing","Havoc","Body Slam"],"picked":"SKIP","floor":5.0},{"not_picked":["Fire Breathing","Havoc","Body Slam"],"picked":"SKIP","floor":5.0},{"not_picked":["Combust","Dropkick"],"picked":"Second Wind","floor":7.0},{"not_picked":["Thunderclap","Havoc","Anger"],"picked":"SKIP","floor":8.0},{"not_picked":["Anger","Iron Wave"],"picked":"Corruption","floor":10.0},{"not_picked":["Wild Strike","Thunderclap"],"picked":"Perfected Strike","floor":12.0},{"not_picked":["Clothesline","Hemokinesis"],"picked":"Shrug It Off","floor":13.0}],"player_experience":800552,"relics_obtained":[{"floor":7.0,"key":"Regal Pillow"},{"floor":9.0,"key":"Red Skull"}],"event_choices":[{"damage_healed":0.0,"max_hp_gain":0.0,"max_hp_loss":0.0,"gold_gain":0.0,"event_name":"The Cleric","player_choice":"Leave","floor":4.0,"gold_loss":0.0,"damage_taken":0.0}],"is_beta":false,"boss_relics":[],"items_purged_floors":[2],"is_endless":false,"potions_floor_spawned":[3,8,10],"killed_by":"The Guardian","ascension_level":0}}