{"host":"htr0t6l50g7s3p2f","time":1612593711,"event":{"mods":["BaseMod","Better Note","Minty Spire (QoL Compilation)","Rare Cards Sparkle","StSLib","The IronCluck"],"gold_per_floor":[118,418,433,433,444,444,101,101,177,202,202,31,46,46,46,123,123,138,138,0,12,12,12,45,56,56,13,13,40,40,66,66,139,139,157,182,38,38,38,38,38],"floor_reached":40,"language":"ENG","playtime":2254,"items_purged":["Strike_G","Strike_G+1"],"score":816,"play_id":"f8359b25-9f83-4d49-9f13-1648878f1423","local_time":"20210206174151","is_ascension_mode":true,"campfire_choices":[{"data":"Noxious Fumes","floor":6,"key":"SMITH"},{"data":"Neutralize","floor":8,"key":"SMITH"},{"floor":11,"key":"REST"},{"data":"Bouncing Flask","floor":15,"key":"SMITH"},{"floor":23,"key":"REST"},{"floor":28,"key":"REST"},{"data":"Burst","floor":32,"key":"SMITH"}],"circlet_count":0,"master_deck":["AscendersBane","Strike_G+1","Strike_G+1","Strike_G+1","Defend_G+1","Defend_G+1","Defend_G+1","Defend_G+1","Defend_G+1","Survivor+1","Neutralize+1","Sucker Punch","Terror","Noxious Fumes+1","Caltrops","Bouncing Flask+1","Burst+1","Dodge and Roll","Die Die Die","All Out Attack+1","Well Laid Plans","Well Laid Plans+1","RitualDagger","A Thousand Cuts","CurseOfTheBell","Crippling Poison","Footwork","Madness","Madness"],"relics":["Ring of the Snake","NeowsBlessing","Old Coin","Calipers","Pantograph","Bottled Flame","Lantern","Lee\u0027s Waffle","Philosopher\u0027s Stone","FossilizedHelix","Strawberry","Mummified Hand","Orichalcum","Calling Bell","MealTicket","Sundial","Shovel","Tough Bandages"],"acts_visited":["Exordium","TheCity","TheBeyond"],"potions_floor_usage":[18,24,25,29,35,40],"damage_taken":[{"damage":0,"enemies":"Cultist","floor":1,"turns":1},{"damage":0,"enemies":"Jaw Worm","floor":3,"turns":1},{"damage":0,"enemies":"Small Slimes","floor":5,"turns":1},{"damage":19,"enemies":"3 Sentries","floor":10,"turns":8},{"damage":4,"enemies":"Exordium Wildlife","floor":13,"turns":4},{"damage":22,"enemies":"Slime Boss","floor":16,"turns":9},{"damage":35,"enemies":"3 Byrds","floor":18,"turns":4},{"damage":10,"enemies":"Shell Parasite","floor":21,"turns":4},{"damage":21,"enemies":"Book of Stabbing","floor":24,"turns":7},{"damage":0,"enemies":"Centurion and Healer","floor":25,"turns":5},{"damage":0,"enemies":"Gremlin Leader","floor":29,"turns":6},{"damage":57,"enemies":"Champ","floor":33,"turns":13},{"damage":4,"enemies":"Orb Walker","floor":35,"turns":4},{"damage":0,"enemies":"Mind Bloom Boss Battle","floor":36,"turns":6},{"damage":98,"enemies":"Nemesis","floor":40,"turns":8}],"seed_played":"-2845916248692506035","potions_obtained":[{"floor":16,"key":"Block Potion"},{"floor":21,"key":"BlessingOfTheForge"},{"floor":24,"key":"Swift Potion"},{"floor":25,"key":"GhostInAJar"},{"floor":33,"key":"Fire Potion"},{"floor":36,"key":"Energy Potion"}],"is_trial":false,"path_per_floor":["M","T","M","?","M","R","$","R","T","E","R","$","M","?","R","B",null,"M","?","?","M","$","R","E","M","T","$","R","E","?","T","R","B",null,"M","?","$","?","$","E"],"character_chosen":"THE_SILENT","items_purchased":["Pantograph","Lee\u0027s Waffle","Well Laid Plans","Footwork"],"campfire_rested":3,"item_purchase_floors":[7,12,27,37],"current_hp_per_floor":[59,59,59,41,41,41,41,41,41,22,41,73,69,47,47,50,67,32,32,32,22,22,43,22,22,29,29,53,53,47,47,47,15,64,60,80,80,66,80,0,0],"gold":38,"neow_bonus":"THREE_ENEMY_KILL","is_daily":false,"chose_seed":false,"campfire_upgraded":4,"win_rate":0.0,"timestamp":1612593711,"path_taken":["M","?","?","?","M","R","$","R","T","E","R","$","M","?","R","BOSS","M","?","?","M","$","R","E","M","T","$","R","E","?","?","R","BOSS","M","?","$","?","?","E"],"items_purchased_type":["Relic","Relic","Card","Card"],"build_version":"2020-12-22","purchased_purges":2,"victory":false,"max_hp_per_floor":[66,66,66,66,66,66,66,66,66,66,66,73,73,73,73,73,73,73,73,73,73,73,73,73,73,80,80,80,80,80,80,80,80,80,80,80,80,80,80,80,80],"card_choices":[{"not_picked":["Quick Slash","PiercingWail"],"picked":"Sucker Punch","floor":1},{"not_picked":["Distraction","Heel Hook"],"picked":"Terror","floor":3},{"not_picked":["Distraction","Cloak And Dagger"],"picked":"Noxious Fumes","floor":5},{"not_picked":["Finisher","Phantasmal Killer"],"picked":"Caltrops","floor":10},{"not_picked":["Flying Knee","Dodge and Roll"],"picked":"Bouncing Flask","floor":13},{"not_picked":["Die Die Die","Wraith Form v2"],"picked":"Burst","floor":16},{"not_picked":["Sucker Punch","Eviscerate","Blade Dance"],"picked":"SKIP","floor":18},{"not_picked":["Dagger Throw","Noxious Fumes"],"picked":"Dodge and Roll","floor":21},{"not_picked":["Poisoned Stab","Masterful Stab"],"picked":"Die Die Die","floor":24},{"not_picked":["Dagger Throw","Reflex"],"picked":"All Out Attack+1","floor":25},{"not_picked":["Quick Slash","Distraction"],"picked":"Well Laid Plans+1","floor":29},{"not_picked":["Glass Knife","Burst"],"picked":"A Thousand Cuts","floor":33},{"not_picked":["Eviscerate+1","Caltrops","Accuracy"],"picked":"SKIP","floor":35},{"not_picked":["Concentrate","PiercingWail"],"picked":"Crippling Poison","floor":36}],"player_experience":953900,"relics_obtained":[{"floor":2,"key":"Old Coin"},{"floor":9,"key":"Bottled Flame"},{"floor":10,"key":"Lantern"},{"floor":24,"key":"FossilizedHelix"},{"floor":26,"key":"Strawberry"},{"floor":29,"key":"Mummified Hand"},{"floor":31,"key":"Orichalcum"},{"floor":34,"key":"MealTicket"},{"floor":34,"key":"Sundial"},{"floor":34,"key":"Shovel"},{"floor":36,"key":"Tough Bandages"}],"event_choices":[{"damage_healed":0,"gold_gain":0,"player_choice":"Success","damage_taken":18,"relics_obtained":["Calipers"],"max_hp_gain":0,"max_hp_loss":0,"event_name":"Scrap Ooze","floor":4,"gold_loss":0},{"damage_healed":0,"gold_gain":0,"player_choice":"Entered Light","damage_taken":22,"max_hp_gain":0,"max_hp_loss":0,"event_name":"Shining Light","floor":14,"gold_loss":0,"cards_upgraded":["Survivor","Strike_G"]},{"damage_healed":0,"gold_gain":0,"player_choice":"Simplicity","damage_taken":0,"max_hp_gain":0,"max_hp_loss":0,"event_name":"Back to Basics","floor":19,"gold_loss":0,"cards_upgraded":["Strike_G","Strike_G","Strike_G","Defend_G","Defend_G","Defend_G","Defend_G","Defend_G"]},{"damage_healed":0,"gold_gain":0,"player_choice":"Paid Fearfully","damage_taken":0,"max_hp_gain":0,"max_hp_loss":0,"event_name":"Masked Bandits","floor":20,"gold_loss":138},{"damage_healed":0,"gold_gain":0,"player_choice":"Joined the Cult","damage_taken":6,"max_hp_gain":0,"max_hp_loss":0,"event_name":"Nest","floor":30,"gold_loss":0,"cards_obtained":["RitualDagger"]},{"damage_healed":0,"gold_gain":0,"player_choice":"Fight","damage_taken":0,"max_hp_gain":0,"max_hp_loss":0,"event_name":"MindBloom","floor":36,"gold_loss":0},{"damage_healed":0,"gold_gain":0,"player_choice":"Embrace Madness","damage_taken":14,"max_hp_gain":0,"max_hp_loss":0,"event_name":"Winding Halls","floor":38,"gold_loss":0,"cards_obtained":["Madness","Madness"]}],"is_beta":false,"boss_relics":[{"not_picked":["HoveringKite","Ectoplasm"],"picked":"Philosopher\u0027s Stone"},{"not_picked":["Snecko Eye","Cursed Key"],"picked":"Calling Bell"}],"items_purged_floors":[7,37],"is_endless":false,"potions_floor_spawned":[16,21,24,25,33,36],"killed_by":"Nemesis","ascension_level":17}}