{"host":"q93rjlrw0j2mc0ku","time":1612601044,"event":{"mods":["BaseMod","Better Altar","Better Match","Better Note","Better Sensory Stone","Better Skull","Better Third Choice","Better Vampires","BetterRewards","Bossed Relics","Colored Map","Conspire","Downfall","Evolution","Grow up Mod","Hubris","Infinite Spire","Minty Spire (QoL Compilation)","Permanent Neow","Poor People Problems","Relic Stats","Reliquary","Replay The Spire","Shop Mod","StSLib","The Alterego","The Construct","Uncapped","Waifu the Spire"],"gold_per_floor":[117,136,136,146,146,146,175,193,193,219,235,235,269,44,44,147,147,160,160,143,25,40,40,69,98,135,166,210,222,222],"floor_reached":29,"language":"ENG","playtime":3606,"items_purged":["construct:Strike_Gold"],"score":349,"play_id":"2f623557-112f-44dc-9962-17efb5f39461","local_time":"20210206004404","is_ascension_mode":true,"campfire_choices":[{"data":"construct:ScopeCore","floor":6,"key":"SMITH"},{"data":"construct:GuardCore","floor":15,"key":"SMITH"},{"data":"construct:GuardCore+1","floor":23,"key":"SMITH"}],"circlet_count":0,"master_deck":["construct:SyphonStrike+1","construct:SyphonStrike","construct:Strike_Gold","construct:Strike_Gold","construct:Defend_Gold","construct:Defend_Gold","construct:Defend_Gold","construct:Defend_Gold","construct:Defend_Gold","construct:AttackMode","construct:DefenseMode","construct:ScopeCore+2","construct:ForceCore","construct:Autoturret","construct:GuardCore+2","downfall:Bewildered","infinitespire:SealOfDarkness+","construct:Autoturret","construct:GuardCore+1"],"relics":["construct:ClockworkPhoenix","EVO:Axolotl","reliquary:HotPoker","Replay:Bottled Eggs","reliquary:ExpiredCoupon","Singing Bowl","MerchantsRug","GremlinMask","Bag of Marbles","reliquary:BrokenClock","MawBank","Blue Doll","Replay:Accelerometer"],"acts_visited":["Exordium","TheCity"],"potions_floor_usage":[],"damage_taken":[{"damage":7,"enemies":"2 Louse","floor":1,"turns":3},{"damage":11,"enemies":"Jaw Worm","floor":2,"turns":2},{"damage":0,"enemies":"Small Slimes","floor":4,"turns":2},{"damage":38,"enemies":"3 Sentries","floor":7,"turns":5},{"damage":16,"enemies":"conspire:2 RoseBushes","floor":8,"turns":3},{"damage":18,"enemies":"Lagavulin","floor":10,"turns":3},{"damage":12,"enemies":"Blue Slaver","floor":11,"turns":2},{"damage":43,"enemies":"3 Sentries","floor":13,"turns":7},{"damage":42,"enemies":"Hexaghost","floor":16,"turns":4},{"damage":26,"enemies":"Spheric Guardian","floor":18,"turns":4},{"damage":39,"enemies":"2 Thieves","floor":20,"turns":4},{"damage":89,"enemies":"Cultist and Chosen","floor":22,"turns":12},{"damage":97,"enemies":"Gremlin Leader","floor":24,"turns":11},{"damage":17,"enemies":"conspire:HollyBat","floor":25,"turns":10},{"damage":18,"enemies":"Snecko","floor":27,"turns":7},{"damage":24,"enemies":"Replay:Snechameleon","floor":28,"turns":7},{"damage":85,"enemies":"Cultist and Chosen","floor":29,"turns":6}],"seed_played":"-4793321358140959653","potions_obtained":[{"floor":2,"key":"Block Potion"},{"floor":4,"key":"construct:ShiftPotion"},{"floor":10,"key":"Elixir"},{"floor":24,"key":"FearPotion"},{"floor":25,"key":"Guardian:BlockOnCardUsePotion"},{"floor":27,"key":"hexamod:SoulburnPotion"}],"is_trial":false,"path_per_floor":["M","M","?","M","$","R","E","M","T","E","M","?","E","$","R","B",null,"M","?","M","$","M","R","E","M","T","M","E","M"],"character_chosen":"THE_CONSTRUCT_MOD","items_purchased":["MerchantsRug","construct:GuardCore","Bag of Marbles","reliquary:BrokenClock"],"campfire_rested":0,"item_purchase_floors":[14,14,21,21],"current_hp_per_floor":[90,89,99,109,119,129,101,95,105,97,95,105,74,84,94,64,267,253,263,236,246,169,179,94,89,99,91,77,0,0],"gold":222,"neow_bonus":"ONE_RARE_RELIC","is_daily":false,"chose_seed":false,"campfire_upgraded":3,"win_rate":0.0,"timestamp":1612601044,"path_taken":["M","M","?","M","$","R","E","M","T","E","M","?","E","?","R","BOSS","M","?","M","$","M","R","E","M","T","M","E","?"],"items_purchased_type":["Relic","Card","Relic","Relic"],"build_version":"2020-12-22","purchased_purges":1,"victory":false,"max_hp_per_floor":[97,107,117,127,137,147,157,167,177,187,197,207,219,229,239,251,267,279,289,301,311,323,333,345,357,367,377,387,387,387],"relic_stats":{"Singing Bowl":20,"counters":[17,88],"MawBank":60,"obtain_stats":[{"MerchantsRug":14,"Replay:Accelerometer":28,"Singing Bowl":13,"GremlinMask":19,"Blue Doll":26,"ReplayTheSpireMod:SealedPack":17,"EVO:Axolotl":0,"construct:ClockworkPhoenix":0,"MawBank":24,"reliquary:ExpiredCoupon":10,"reliquary:HotPoker":7,"Bag of Marbles":21,"reliquary:BrokenClock":21,"Replay:Bottled Eggs":9,"hubris:GlazedTorus":0},{"MerchantsRug":8,"Replay:Accelerometer":16,"Singing Bowl":8,"GremlinMask":10,"Blue Doll":14,"ReplayTheSpireMod:SealedPack":9,"EVO:Axolotl":0,"construct:ClockworkPhoenix":0,"MawBank":13,"reliquary:ExpiredCoupon":6,"reliquary:HotPoker":4,"Bag of Marbles":11,"reliquary:BrokenClock":11,"Replay:Bottled Eggs":5,"hubris:GlazedTorus":0},{"MerchantsRug":27,"Replay:Accelerometer":82,"Singing Bowl":27,"GremlinMask":34,"Blue Doll":69,"ReplayTheSpireMod:SealedPack":31,"EVO:Axolotl":0,"construct:ClockworkPhoenix":0,"MawBank":59,"reliquary:ExpiredCoupon":18,"reliquary:HotPoker":12,"Bag of Marbles":38,"reliquary:BrokenClock":38,"Replay:Bottled Eggs":15,"hubris:GlazedTorus":0}]},"card_choices":[{"not_picked":["construct:Analyze","construct:SaveState","construct:SweepLaser"],"picked":"SKIP","floor":1},{"not_picked":["construct:Backfire","construct:OneWayMirror","construct:Boost"],"picked":"SKIP","floor":2},{"not_picked":["construct:Antimatter","construct:GoldenBullet"],"picked":"construct:ScopeCore","floor":4},{"not_picked":["construct:Implosion","construct:HardReboot","construct:MemoryTap"],"picked":"SKIP","floor":7},{"not_picked":["construct:CreateCores","construct:SaveState","construct:CriticalHit"],"picked":"SKIP","floor":8},{"not_picked":["construct:Antimatter","construct:Enhance"],"picked":"construct:ForceCore","floor":10},{"not_picked":["construct:LaserCore","construct:SweepLaser"],"picked":"construct:Autoturret","floor":11},{"not_picked":["construct:ShiftStrike","construct:Overcharge","construct:Analyze"],"picked":"Singing Bowl","floor":13},{"not_picked":["construct:GatlingGun","construct:Reserves","construct:ShieldBurst"],"picked":"Singing Bowl","floor":16},{"not_picked":["sneckomod:TailWhip","bronze:Goto","alterego_mod:BrynhildrsRune"],"picked":"Singing Bowl","floor":17},{"not_picked":["construct:DarkFlames","construct:MemoryTap","construct:ShieldBurst"],"picked":"Singing Bowl","floor":17},{"not_picked":["Mind Blast","PanicButton","Enlightenment"],"picked":"Singing Bowl","floor":17},{"not_picked":["hubris:Rewind","infinitespire:Fortify"],"picked":"infinitespire:SealOfDarkness+","floor":17},{"not_picked":["construct:UnbalancingBlast+1","construct:Accumulate","construct:FocusedBeam"],"picked":"Singing Bowl","floor":18},{"not_picked":["construct:MoltenSmash","construct:PhosphorStorm+1","construct:Agitation"],"picked":"Singing Bowl","floor":20},{"not_picked":["construct:CreateCores","construct:ShiftGuard","construct:ScrapCannon"],"picked":"Singing Bowl","floor":22},{"not_picked":["construct:Zapper","construct:CripplingShot","construct:SyphonStrike"],"picked":"Singing Bowl","floor":24},{"not_picked":["construct:Forcefield","construct:CriticalHit","construct:ShiftGuard"],"picked":"Singing Bowl","floor":25},{"not_picked":["construct:BatteryCore","construct:Antimatter"],"picked":"construct:Autoturret","floor":27},{"not_picked":["construct:NuclearCore","construct:QuickAttack"],"picked":"construct:GuardCore+1","floor":28}],"player_experience":619044,"relics_obtained":[{"floor":7,"key":"reliquary:HotPoker"},{"floor":9,"key":"Replay:Bottled Eggs"},{"floor":10,"key":"reliquary:ExpiredCoupon"},{"floor":13,"key":"Singing Bowl"},{"floor":24,"key":"MawBank"},{"floor":26,"key":"Blue Doll"},{"floor":28,"key":"Replay:Accelerometer"}],"event_choices":[{"damage_healed":0,"gold_gain":0,"player_choice":"Leave","damage_taken":0,"max_hp_gain":0,"max_hp_loss":0,"event_name":"conspire:Investor","floor":3,"gold_loss":0},{"damage_healed":0,"gold_gain":0,"player_choice":"Trade","damage_taken":0,"relics_obtained":["GremlinMask"],"max_hp_gain":0,"max_hp_loss":0,"event_name":"FaceTrader","floor":19,"gold_loss":0}],"is_beta":false,"boss_relics":[{"not_picked":["Honey Jar","hubris:CrackedHourglass"],"picked":"ReplayTheSpireMod:SealedPack"}],"items_purged_floors":[21],"is_endless":false,"potions_floor_spawned":[2,4,10,13,16,20,24,25,27,28],"killed_by":"Cultist and Chosen","ascension_level":1}}