{"host":"sad04l3m69qtnhom","time":1612629333,"event":{"mods":["AchievementEnabler","BaseMod","Colored Map","Colored Powertips","DeckTracker","Highlight Path","Minty Spire (QoL Compilation)","Permanent Neow","Quick Restart","SuperFastMode","everything is the same but u backflip on backflip"],"gold_per_floor":[110,110,124,139,314,314,389,405,405,113,113,130,52,72,72,173,173,183,163,178,178,178],"floor_reached":21,"language":"KOR","playtime":5427,"items_purged":["Doubt"],"score":222,"play_id":"17b01c4a-bab7-42a6-9a6d-e1df7830c88f","local_time":"20210207013533","is_ascension_mode":true,"campfire_choices":[{"data":"Electrodynamics","floor":6,"key":"SMITH"},{"data":"Amplify","floor":15,"key":"SMITH"}],"circlet_count":0,"master_deck":["Strike_B","Strike_B","Strike_B","Strike_B","Defend_B","Defend_B","Defend_B","Defend_B","Zap","Dualcast","Electrodynamics+1","Conserve Battery","Amplify+1","Heatsinks","Regret","Storm","Reinforced Body","Thunder Strike+1","Static Discharge+1"],"relics":["Cracked Core","Molten Egg 2","Lee\u0027s Waffle","Bag of Preparation","Coffee Dripper"],"acts_visited":["Exordium","TheCity"],"potions_floor_usage":[16,16,16],"damage_taken":[{"damage":11,"enemies":"Jaw Worm","floor":1,"turns":3},{"damage":0,"enemies":"2 Louse","floor":3,"turns":3},{"damage":0,"enemies":"Cultist","floor":4,"turns":3},{"damage":6,"enemies":"Exordium Thugs","floor":8,"turns":3},{"damage":7,"enemies":"3 Louse","floor":12,"turns":2},{"damage":6,"enemies":"Exordium Wildlife","floor":14,"turns":2},{"damage":40,"enemies":"Hexaghost","floor":16,"turns":7},{"damage":17,"enemies":"2 Thieves","floor":18,"turns":2},{"damage":20,"enemies":"Shell Parasite","floor":20,"turns":3},{"damage":39,"enemies":"Shelled Parasite and Fungi","floor":21,"turns":3}],"seed_played":"4109532494512775522","potions_obtained":[{"floor":1,"key":"GamblersBrew"},{"floor":8,"key":"PowerPotion"},{"floor":12,"key":"Fire Potion"}],"is_trial":false,"path_per_floor":["M","?","M","M","?","R","?","M","T","$","?","M","$","M","R","B",null,"M","?","M","M"],"character_chosen":"DEFECT","items_purchased":["Lee\u0027s Waffle","Heatsinks","Storm"],"campfire_rested":0,"item_purchase_floors":[10,10,13],"current_hp_per_floor":[57,50,50,50,50,50,39,33,33,82,82,75,75,69,69,29,69,52,52,32,0,0],"gold":178,"neow_bonus":"THREE_RARE_CARDS","is_daily":false,"chose_seed":false,"campfire_upgraded":2,"win_rate":0.0,"timestamp":1612629333,"path_taken":["M","?","M","M","?","R","?","?","T","$","?","M","?","M","R","BOSS","M","?","M","M"],"items_purchased_type":["Relic","Card","Card"],"build_version":"2020-12-22","purchased_purges":1,"victory":false,"max_hp_per_floor":[75,75,75,75,75,75,75,75,75,82,82,82,82,82,82,82,82,82,82,82,82,82],"card_choices":[{"not_picked":["Creative AI","Machine Learning"],"picked":"Electrodynamics","floor":0},{"not_picked":["Compile Driver","Stack"],"picked":"Conserve Battery","floor":1},{"not_picked":["Melter","Go for the Eyes","Steam Power"],"picked":"SKIP","floor":3},{"not_picked":["Sweeping Beam","Beam Cell"],"picked":"Amplify","floor":4},{"not_picked":["Doom and Gloom","Cold Snap","Rip and Tear"],"picked":"SKIP","floor":8},{"not_picked":["Compile Driver+1","Gash+1","Sweeping Beam+1"],"picked":"SKIP","floor":12},{"not_picked":["Stack","Darkness"],"picked":"Reinforced Body","floor":14},{"not_picked":["Buffer","Creative AI"],"picked":"Thunder Strike+1","floor":16},{"not_picked":["Redo","Conserve Battery","Steam"],"picked":"SKIP","floor":18},{"not_picked":["Ball Lightning+1","Go for the Eyes+1"],"picked":"Static Discharge+1","floor":20}],"player_experience":252090,"relics_obtained":[{"floor":9,"key":"Molten Egg 2"}],"event_choices":[{"cards_removed":["Decay"],"damage_healed":0,"gold_gain":0,"player_choice":"Card Removal","damage_taken":7,"max_hp_gain":0,"max_hp_loss":0,"event_name":"Golden Wing","floor":2,"gold_loss":0},{"damage_healed":0,"gold_gain":175,"player_choice":"AGREE","damage_taken":0,"max_hp_gain":0,"max_hp_loss":0,"event_name":"Liars Game","floor":5,"gold_loss":0,"cards_obtained":["Doubt"]},{"damage_healed":0,"gold_gain":75,"player_choice":"Gather Gold","damage_taken":11,"max_hp_gain":0,"max_hp_loss":0,"event_name":"World of Goop","floor":7,"gold_loss":0},{"damage_healed":0,"gold_gain":0,"player_choice":"Box","damage_taken":0,"relics_obtained":["Bag of Preparation"],"max_hp_gain":0,"max_hp_loss":0,"event_name":"Big Fish","floor":11,"gold_loss":0,"cards_obtained":["Regret"]},{"damage_healed":0,"gold_gain":0,"player_choice":"Bought 1 Potion","damage_taken":0,"max_hp_gain":0,"max_hp_loss":0,"event_name":"The Woman in Blue","floor":19,"gold_loss":0}],"is_beta":false,"boss_relics":[{"not_picked":["SlaversCollar","FrozenCore"],"picked":"Coffee Dripper"}],"items_purged_floors":[10],"is_endless":false,"potions_floor_spawned":[1,8,12],"killed_by":"Shelled Parasite and Fungi","ascension_level":6}}