{"host":"j4g6ia6asvpyu2b0","time":1612619966,"event":{"mods":["BaseMod","Colored Map","Minty Spire (QoL Compilation)","Permanent Neow","Quick Restart","Relic Stats","StSLib","Unceasing Turn Reminder"],"gold_per_floor":[114,129,144,159,234,264,279,309,359,359,359,359,374,389,389,489,489,504,519,119,119,149,179,179,29,29,59,74,89,119,149,149,249,249,264,279,279,279,9,9,9,24,24,54,84,99,16,46,46,46],"floor_reached":51,"language":"ENG","playtime":1903,"items_purged":[],"score":1045,"play_id":"b043cfd9-3e24-47f0-8f14-98f7dec1104c","local_time":"20210206065926","daily_mods":["Draft","Diverse","DeadlyEvents"],"is_ascension_mode":false,"campfire_choices":[{"data":"TalkToTheHand","floor":10,"key":"SMITH"},{"data":"Pommel Strike","floor":12,"key":"SMITH"},{"data":"Body Slam","floor":15,"key":"SMITH"},{"data":"Cloak And Dagger","floor":24,"key":"SMITH"},{"data":"Flex","floor":32,"key":"SMITH"},{"floor":40,"key":"REST"},{"floor":49,"key":"REST"}],"circlet_count":0,"master_deck":["Havoc","Iron Wave","Escape Plan","Body Slam+1","Clothesline","Headbutt","Skewer","Cloak And Dagger+1","TalkToTheHand+1","Pommel Strike+1","Sweeping Beam","Rip and Tear","Deadly Poison","Flex+1","SashWhip","Headbutt","PiercingWail","Thunderclap","Iron Wave","Go for the Eyes","Rip and Tear","Sword Boomerang","All For One","Turbo","Cold Snap","Brutality+1","Coolheaded+1","Sword Boomerang","WaveOfTheHand+1","Outmaneuver+1","Dodge and Roll+1","A Thousand Cuts+1","Whirlwind","Dark Embrace+1","Madness+1","Madness+1","White Noise+1","Flash of Steel","Sweeping Beam","PiercingWail+1","Twin Strike","Static Discharge+1","Noxious Fumes+1","Shockwave+1","Cloak And Dagger+1","Headbutt","Jack Of All Trades+1","Feel No Pain+1","Dagger Spray+1"],"relics":["Ring of the Snake","Question Card","Ancient Tea Set","Dream Catcher","Sozu","Lantern","Frozen Egg 2","Mercury Hourglass","Centennial Puzzle","Bag of Preparation","Vajra","Toxic Egg 2","Tough Bandages","Pen Nib","Fusion Hammer","PreservedInsect","MealTicket","White Beast Statue","Toy Ornithopter","TungstenRod"],"acts_visited":["Exordium","TheCity","TheBeyond"],"potions_floor_usage":[13,22,23,50],"damage_taken":[{"damage":0,"enemies":"Small Slimes","floor":1,"turns":2},{"damage":0,"enemies":"2 Louse","floor":2,"turns":2},{"damage":0,"enemies":"Cultist","floor":3,"turns":2},{"damage":4,"enemies":"Red Slaver","floor":4,"turns":3},{"damage":0,"enemies":"Gremlin Nob","floor":6,"turns":3},{"damage":2,"enemies":"Looter","floor":7,"turns":3},{"damage":9,"enemies":"Lagavulin","floor":8,"turns":6},{"damage":0,"enemies":"3 Louse","floor":13,"turns":1},{"damage":2,"enemies":"Exordium Wildlife","floor":14,"turns":3},{"damage":15,"enemies":"The Guardian","floor":16,"turns":8},{"damage":0,"enemies":"Spheric Guardian","floor":18,"turns":2},{"damage":0,"enemies":"Chosen","floor":19,"turns":3},{"damage":9,"enemies":"Book of Stabbing","floor":22,"turns":3},{"damage":11,"enemies":"Slavers","floor":23,"turns":3},{"damage":1,"enemies":"Gremlin Leader","floor":27,"turns":2},{"damage":8,"enemies":"Shelled Parasite and Fungi","floor":28,"turns":2},{"damage":4,"enemies":"Chosen and Byrds","floor":29,"turns":2},{"damage":2,"enemies":"Slavers","floor":30,"turns":3},{"damage":1,"enemies":"Gremlin Leader","floor":31,"turns":2},{"damage":5,"enemies":"Automaton","floor":33,"turns":5},{"damage":1,"enemies":"3 Darklings","floor":35,"turns":2},{"damage":0,"enemies":"Orb Walker","floor":36,"turns":1},{"damage":1,"enemies":"3 Darklings","floor":42,"turns":2},{"damage":2,"enemies":"Reptomancer","floor":44,"turns":3},{"damage":3,"enemies":"Giant Head","floor":45,"turns":4},{"damage":6,"enemies":"Spire Growth","floor":46,"turns":3},{"damage":2,"enemies":"Nemesis","floor":48,"turns":3},{"damage":12,"enemies":"Awakened One","floor":50,"turns":8}],"seed_played":"5285009320175426936","potions_obtained":[{"floor":2,"key":"Explosive Potion"},{"floor":4,"key":"EssenceOfSteel"},{"floor":6,"key":"Explosive Potion"},{"floor":16,"key":"LiquidBronze"}],"is_trial":false,"path_per_floor":["M","M","M","M","?","E","M","E","T","R","?","R","M","M","R","B",null,"M","M","$","?","E","E","R","$","T","E","M","M","E","E","R","B",null,"M","M","?","?","$","R","T","M","T","E","E","M","$","E","R","B",null],"character_chosen":"THE_SILENT","items_purchased":["Lantern","Frozen Egg 2","Bag of Preparation","White Noise+1","Flash of Steel","Sweeping Beam","PiercingWail+1","Twin Strike","Jack Of All Trades+1"],"campfire_rested":2,"item_purchase_floors":[20,20,25,39,39,39,39,39,47],"current_hp_per_floor":[70,70,70,66,55,55,53,44,44,44,49,49,49,47,47,32,75,75,75,75,75,66,55,55,55,55,54,46,42,40,39,39,34,75,74,74,65,65,65,75,75,74,74,72,69,63,75,73,75,63],"gold":46,"neow_bonus":"","is_daily":true,"chose_seed":false,"campfire_upgraded":5,"win_rate":0.0,"timestamp":1612619966,"path_taken":["M","M","M","M","?","E","M","E","T","R","?","R","M","?","R","BOSS","M","M","$","?","?","E","R","?","T","E","?","M","E","?","R","BOSS","M","M","?","?","$","R","?","M","T","E","?","M","?","E","R","BOSS"],"items_purchased_type":["Relic","Relic","Relic","Card","Card","Card","Card","Card","Card"],"build_version":"2020-12-22","purchased_purges":0,"victory":true,"max_hp_per_floor":[70,70,70,70,70,70,70,70,70,70,75,75,75,75,75,75,75,75,75,75,75,75,75,75,75,75,75,75,75,75,75,75,75,75,75,75,75,75,75,75,75,75,75,75,75,75,75,75,75,75],"relic_stats":{"counters":[28,86],"Pen Nib":[14],"PreservedInsect":229,"Bag of Preparation":[28],"Question Card":24,"Mercury Hourglass":[215],"Sozu":9,"Dream Catcher":2,"Centennial Puzzle":[39],"Tough Bandages":[0],"MealTicket":12,"obtain_stats":[{"Lantern":20,"Vajra":26,"Pen Nib":31,"PreservedInsect":41,"Bag of Preparation":25,"Frozen Egg 2":20,"Question Card":6,"Ancient Tea Set":8,"White Beast Statue":44,"Mercury Hourglass":22,"Sozu":17,"Dream Catcher":9,"Centennial Puzzle":23,"Tough Bandages":30,"MealTicket":43,"Fusion Hammer":34,"Toxic Egg 2":27,"Toy Ornithopter":45,"TungstenRod":48,"Ring of the Snake":0},{"Lantern":12,"Vajra":14,"Pen Nib":19,"PreservedInsect":22,"Bag of Preparation":14,"Frozen Egg 2":12,"Question Card":5,"Ancient Tea Set":7,"White Beast Statue":24,"Mercury Hourglass":13,"Sozu":10,"Dream Catcher":7,"Centennial Puzzle":14,"Tough Bandages":18,"MealTicket":23,"Fusion Hammer":20,"Toxic Egg 2":15,"Toy Ornithopter":25,"TungstenRod":27,"Ring of the Snake":0},{"Lantern":38,"Vajra":44,"Pen Nib":55,"PreservedInsect":63,"Bag of Preparation":44,"Frozen Egg 2":38,"Question Card":12,"Ancient Tea Set":21,"White Beast Statue":68,"Mercury Hourglass":41,"Sozu":33,"Dream Catcher":21,"Centennial Puzzle":44,"Tough Bandages":53,"MealTicket":65,"Fusion Hammer":60,"Toxic Egg 2":46,"Toy Ornithopter":72,"TungstenRod":78,"Ring of the Snake":0}],"Toy Ornithopter":0,"TungstenRod":2,"Ring of the Snake":[56]},"card_choices":[{"not_picked":["Rupture","Lockon"],"picked":"Havoc","floor":0},{"not_picked":["Armaments","Clothesline"],"picked":"Iron Wave","floor":0},{"not_picked":["PathToVictory","Hello World"],"picked":"Escape Plan","floor":0},{"not_picked":["Cloak And Dagger","Perseverance"],"picked":"Body Slam","floor":0},{"not_picked":["Force Field","Prepared"],"picked":"Clothesline","floor":0},{"not_picked":["Auto Shields","Gash"],"picked":"Headbutt","floor":0},{"not_picked":["Blizzard","Clash"],"picked":"Skewer","floor":0},{"not_picked":["Warcry","FollowUp"],"picked":"Cloak And Dagger","floor":0},{"not_picked":["Beam Cell","Cold Snap"],"picked":"TalkToTheHand","floor":0},{"not_picked":["Compile Driver","Entrench"],"picked":"Pommel Strike","floor":0},{"not_picked":["Deadly Poison","Clash"],"picked":"Sweeping Beam","floor":0},{"not_picked":["Quick Slash","Intimidate"],"picked":"Rip and Tear","floor":0},{"not_picked":["Rupture","EmptyBody"],"picked":"Deadly Poison","floor":0},{"not_picked":["Stack","WreathOfFlame"],"picked":"EmptyFist","floor":0},{"not_picked":["Wild Strike","Underhanded Strike"],"picked":"Flex","floor":0},{"not_picked":["Perfected Strike","Bane"],"picked":"SashWhip","floor":1},{"not_picked":["Go for the Eyes","Havoc"],"picked":"Headbutt","floor":2},{"not_picked":["BowlingBash","Slice","Burst"],"picked":"SKIP","floor":3},{"not_picked":["Sweeping Beam","Adaptation"],"picked":"PiercingWail","floor":4},{"not_picked":["Sucker Punch","Ball Lightning"],"picked":"Thunderclap","floor":6},{"not_picked":["Chaos","Conserve Battery","Rip and Tear"],"picked":"Iron Wave","floor":7},{"not_picked":["EmptyMind","Acrobatics","Crescendo"],"picked":"Go for the Eyes","floor":8},{"not_picked":["Evaluate","Havoc","Underhanded Strike"],"picked":"Rip and Tear","floor":13},{"not_picked":["EmptyFist","Skim","FlurryOfBlows"],"picked":"Sword Boomerang","floor":14},{"not_picked":["Bullet Time","Corruption","Fiend Fire"],"picked":"All For One","floor":16},{"not_picked":["ClearTheMind","Halt","Power Through"],"picked":"Turbo","floor":18},{"not_picked":["FollowUp","ThirdEye","PathToVictory+1","InnerPeace"],"picked":"SKIP","floor":19},{"not_picked":["CutThroughFate","FTL","White Noise"],"picked":"Brutality+1","floor":22},{"not_picked":["Sever Soul","Entrench+1","Footwork+1","Setup"],"picked":"SKIP","floor":23},{"not_picked":["Flex+1","Slice+1","Capacitor+1"],"picked":"Coolheaded+1","floor":27},{"not_picked":["Havoc+1","Slice","Barrage"],"picked":"Sword Boomerang","floor":28},{"not_picked":["Lockon+1","Compile Driver","Static Discharge+1"],"picked":"WaveOfTheHand+1","floor":29},{"not_picked":["Storm of Steel+1","Tantrum+1","SashWhip"],"picked":"Outmaneuver+1","floor":30},{"not_picked":["Underhanded Strike+1","EmptyMind+1","Steam+1"],"picked":"Dodge and Roll+1","floor":31},{"not_picked":["Reaper","Berserk+1","Corruption+1"],"picked":"A Thousand Cuts+1","floor":33},{"not_picked":["Dagger Throw+1","Dual Wield+1","Halt+1"],"picked":"Whirlwind","floor":35},{"not_picked":["Slice","Prostrate+1","Blasphemy+1"],"picked":"Dark Embrace+1","floor":36},{"not_picked":["Blood for Blood","FollowUp","EmptyFist+1"],"picked":"Static Discharge+1","floor":40},{"not_picked":["Steam+1","Gash","EmptyBody+1"],"picked":"Noxious Fumes+1","floor":42},{"not_picked":["Compile Driver","Hyperbeam","Headbutt+1"],"picked":"Shockwave+1","floor":44},{"not_picked":["FollowUp","Worship+1","Beam Cell+1"],"picked":"Cloak And Dagger+1","floor":45},{"not_picked":["ClearTheMind+1","Deflect+1","Heel Hook+1"],"picked":"Headbutt","floor":46},{"not_picked":["Hologram+1","Sucker Punch+1","FlyingSleeves+1"],"picked":"Feel No Pain+1","floor":48},{"not_picked":["EmptyFist","Deadly Poison+1","Concentrate+1"],"picked":"Dagger Spray+1","floor":49}],"player_experience":1153604,"relics_obtained":[{"floor":6,"key":"Question Card"},{"floor":8,"key":"Ancient Tea Set"},{"floor":9,"key":"Dream Catcher"},{"floor":22,"key":"Mercury Hourglass"},{"floor":23,"key":"Centennial Puzzle"},{"floor":26,"key":"Vajra"},{"floor":27,"key":"Toxic Egg 2"},{"floor":30,"key":"Tough Bandages"},{"floor":31,"key":"Pen Nib"},{"floor":41,"key":"PreservedInsect"},{"floor":43,"key":"MealTicket"},{"floor":44,"key":"White Beast Statue"},{"floor":45,"key":"Toy Ornithopter"},{"floor":48,"key":"TungstenRod"}],"event_choices":[{"damage_healed":0,"gold_gain":75,"player_choice":"Gather Gold","damage_taken":11,"max_hp_gain":0,"max_hp_loss":0,"event_name":"World of Goop","floor":5,"gold_loss":0},{"damage_healed":0,"gold_gain":0,"player_choice":"Donut","damage_taken":0,"max_hp_gain":5,"max_hp_loss":0,"event_name":"Big Fish","floor":11,"gold_loss":0},{"damage_healed":0,"gold_gain":0,"cards_transformed":["EmptyFist"],"player_choice":"Transformed","damage_taken":0,"max_hp_gain":0,"max_hp_loss":0,"event_name":"Transmorgrifier","floor":21,"gold_loss":0,"cards_obtained":["Cold Snap"]},{"damage_healed":0,"gold_gain":0,"player_choice":"Embrace Madness","damage_taken":9,"max_hp_gain":0,"max_hp_loss":0,"event_name":"Winding Halls","floor":37,"gold_loss":0,"cards_obtained":["Madness","Madness"]},{"damage_healed":0,"gold_gain":0,"player_choice":"Ignored","damage_taken":0,"max_hp_gain":0,"max_hp_loss":0,"event_name":"Tomb of Lord Red Mask","floor":38,"gold_loss":0}],"is_beta":false,"boss_relics":[{"not_picked":["Astrolabe","Busted Crown"],"picked":"Sozu"},{"not_picked":["WristBlade","Empty Cage"],"picked":"Fusion Hammer"}],"items_purged_floors":[],"is_endless":false,"potions_floor_spawned":[2,4,6,8,16,22,27,30,31,35,42,45,46,48],"ascension_level":0}}