{"host":"v2nniiiz7kpx7fwo","time":1612591091,"event":{"mods":["2.2 Compatiblity","AchievementEnabler","BaseMod","Colored Map","Colored Powertips","DeckTracker","Highlight Path","KOR Keyword Fix","Minty Spire (QoL Compilation)","Permanent Neow","Rare Cards Sparkle","StSLib","SuperFastMode"],"gold_per_floor":[116,2,2,2,12,47,47,74,74,93,93,93,93,108,108,204,204,223,249,111,111,122,156,183,213,237,268,280,292,321,336,336,442,442,462,462,491,554,354,398,398,417,417,446,446,486,515,16,16,16,16,16,16,52,52],"floor_reached":56,"language":"KOR","playtime":2914,"items_purged":["Regret","Strike_R"],"score":1633,"play_id":"85f9e773-0936-4559-a33f-6f2bb6c2bb50","local_time":"20210206145811","is_ascension_mode":true,"campfire_choices":[{"data":"Apotheosis","floor":7,"key":"SMITH"},{"floor":13,"key":"REST"},{"floor":15,"key":"RECALL"},{"floor":32,"key":"REST"},{"floor":41,"key":"REST"},{"floor":49,"key":"REST"},{"floor":52,"key":"REST"}],"circlet_count":0,"master_deck":["Defend_R","Defend_R","Defend_R","Defend_R","Bash","Apotheosis+1","True Grit","Inflame","Fiend Fire","Sentinel","Battle Trance","Body Slam","Demon Form","Dark Embrace","Cleave","Pummel","Feel No Pain+1","Body Slam+1","Heavy Blade+1","Barricade","Offering","Shrug It Off","Feel No Pain","Feel No Pain+1","Sword Boomerang+1","Entrench+1","Spot Weakness","Metallicize+1"],"relics":["Burning Blood","TungstenRod","Bottled Lightning","Mercury Hourglass","HornCleat","Empty Cage","Red Mask","WingedGreaves","Bird Faced Urn","Pear","Kunai","Molten Egg 2","CeramicFish","SlaversCollar","PreservedInsect","Dead Branch","Ancient Tea Set","Eternal Feather","Bag of Preparation","Pocketwatch","Du-Vu Doll","Paper Frog","TheAbacus","Mummified Hand"],"acts_visited":["Exordium","TheCity","TheBeyond","TheEnding"],"potions_floor_usage":[8,10,16,22,23,24,25,27,33,48,48,50,50,50,55,55],"damage_taken":[{"damage":6,"enemies":"Small Slimes","floor":1,"turns":3},{"damage":0,"enemies":"Cultist","floor":5,"turns":3},{"damage":7,"enemies":"Gremlin Nob","floor":6,"turns":3},{"damage":19,"enemies":"Lagavulin","floor":8,"turns":6},{"damage":3,"enemies":"Jaw Worm","floor":10,"turns":2},{"damage":0,"enemies":"3 Louse","floor":14,"turns":3},{"damage":3,"enemies":"The Guardian","floor":16,"turns":6},{"damage":0,"enemies":"Shell Parasite","floor":18,"turns":3},{"damage":27,"enemies":"Masked Bandits","floor":19,"turns":5},{"damage":9,"enemies":"Spheric Guardian","floor":22,"turns":4},{"damage":13,"enemies":"Book of Stabbing","floor":23,"turns":4},{"damage":21,"enemies":"Slavers","floor":24,"turns":7},{"damage":24,"enemies":"Gremlin Leader","floor":25,"turns":3},{"damage":2,"enemies":"Book of Stabbing","floor":27,"turns":5},{"damage":16,"enemies":"Snake Plant","floor":28,"turns":4},{"damage":11,"enemies":"Shelled Parasite and Fungi","floor":29,"turns":4},{"damage":14,"enemies":"Gremlin Leader","floor":30,"turns":5},{"damage":6,"enemies":"Cultist and Chosen","floor":31,"turns":5},{"damage":79,"enemies":"Automaton","floor":33,"turns":8},{"damage":5,"enemies":"Orb Walker","floor":35,"turns":2},{"damage":5,"enemies":"3 Shapes","floor":37,"turns":3},{"damage":45,"enemies":"2 Orb Walkers","floor":38,"turns":6},{"damage":5,"enemies":"Giant Head","floor":40,"turns":6},{"damage":11,"enemies":"Sphere and 2 Shapes","floor":42,"turns":3},{"damage":9,"enemies":"Reptomancer","floor":44,"turns":2},{"damage":13,"enemies":"Giant Head","floor":46,"turns":3},{"damage":30,"enemies":"4 Shapes","floor":47,"turns":4},{"damage":24,"enemies":"Donu and Deca","floor":50,"turns":5},{"damage":10,"enemies":"Shield and Spear","floor":54,"turns":3},{"damage":66,"enemies":"The Heart","floor":55,"turns":6}],"seed_played":"7174136542707795386","potions_obtained":[{"floor":1,"key":"SpeedPotion"},{"floor":5,"key":"Weak Potion"},{"floor":8,"key":"Fruit Juice"},{"floor":10,"key":"ElixirPotion"},{"floor":14,"key":"Strength Potion"},{"floor":19,"key":"LiquidMemories"},{"floor":23,"key":"Swift Potion"},{"floor":25,"key":"Swift Potion"},{"floor":27,"key":"LiquidBronze"},{"floor":28,"key":"FearPotion"},{"floor":33,"key":"Ancient Potion"},{"floor":37,"key":"GamblersBrew"},{"floor":38,"key":"Strength Potion"},{"floor":42,"key":"BloodPotion"},{"floor":54,"key":"DistilledChaos"}],"is_trial":false,"path_per_floor":["M","$","?","?","M","E","R","E","T","M","?","?","R","M","R","B",null,"M","?","$","?","M","E","E","E","T","E","M","M","E","M","R","B",null,"M","?","M","?","$","E","R","M","T","E","T","E","M","$","R","B",null,"R","$","E","B",null],"character_chosen":"IRONCLAD","items_purchased":["Inflame","Fruit Juice","Pummel","EntropicBrew","Fruit Juice","Paper Frog","TheAbacus"],"campfire_rested":5,"item_purchase_floors":[2,20,20,39,48,48,48],"current_hp_per_floor":[80,80,73,73,79,78,78,65,65,73,67,67,85,85,85,85,85,85,64,64,64,66,59,60,42,42,52,48,51,51,57,87,24,81,82,82,91,62,62,79,100,99,99,97,97,100,84,105,105,100,104,105,105,105,61],"gold":52,"neow_bonus":"RANDOM_COLORLESS_2","is_daily":false,"chose_seed":false,"campfire_upgraded":1,"win_rate":0.0,"timestamp":1612591091,"path_taken":["M","$","?","?","M","E","R","E","T","?","?","?","R","M","R","BOSS","M","?","$","?","M","E","E","E","T","E","M","M","E","M","R","BOSS","M","?","?","?","$","E","R","M","T","E","?","E","M","?","R","BOSS","R","$","E","BOSS"],"items_purchased_type":["Card","Potion","Card","Potion","Potion","Relic","Relic"],"build_version":"2020-12-22","purchased_purges":2,"victory":true,"max_hp_per_floor":[80,80,80,80,80,80,80,80,80,85,85,85,85,85,85,85,85,85,85,85,85,90,90,100,100,100,100,100,100,100,100,100,100,100,100,100,100,100,100,100,100,100,100,100,100,100,100,105,105,105,105,105,105,105,105],"card_choices":[{"not_picked":["Secret Weapon","The Bomb"],"picked":"Apotheosis","floor":0},{"not_picked":["Blood for Blood","Sword Boomerang"],"picked":"True Grit","floor":1},{"not_picked":["Rage","Armaments","Clothesline"],"picked":"SKIP","floor":5},{"not_picked":["Dual Wield","Rupture","Evolve"],"picked":"SKIP","floor":6},{"not_picked":["Anger","Clash"],"picked":"Sentinel","floor":8},{"not_picked":["Havoc","Combust"],"picked":"Battle Trance","floor":10},{"not_picked":["Thunderclap","Rupture"],"picked":"Body Slam","floor":14},{"not_picked":["Exhume","Juggernaut"],"picked":"Demon Form","floor":16},{"not_picked":["Havoc","Metallicize+1"],"picked":"Dark Embrace","floor":18},{"not_picked":["Headbutt+1","Flex"],"picked":"Cleave","floor":19},{"not_picked":["Battle Trance+1","Anger+1","Clothesline"],"picked":"SKIP","floor":22},{"not_picked":["Battle Trance+1","Anger+1","Clothesline"],"picked":"SKIP","floor":22},{"not_picked":["Bloodletting","Disarm"],"picked":"Feel No Pain+1","floor":23},{"not_picked":["Double Tap","Dropkick"],"picked":"Body Slam+1","floor":24},{"not_picked":["Carnage+1","Feel No Pain"],"picked":"Heavy Blade+1","floor":25},{"not_picked":["Iron Wave+1","Headbutt+1"],"picked":"Barricade","floor":27},{"not_picked":["Heavy Blade+1","Armaments","Pommel Strike+1"],"picked":"SKIP","floor":28},{"not_picked":["Intimidate","Sever Soul+1","Combust"],"picked":"SKIP","floor":29},{"not_picked":["Intimidate","Burning Pact","Combust+1"],"picked":"SKIP","floor":30},{"not_picked":["Carnage+1","Headbutt+1","True Grit"],"picked":"SKIP","floor":31},{"not_picked":["Brutality","Immolate+1"],"picked":"Offering","floor":33},{"not_picked":["Power Through+1","Blood for Blood+1"],"picked":"Shrug It Off","floor":35},{"not_picked":["Anger+1","Perfected Strike+1"],"picked":"Feel No Pain","floor":37},{"not_picked":["Iron Wave+1","Thunderclap+1"],"picked":"Feel No Pain+1","floor":38},{"not_picked":["Dual Wield","Havoc"],"picked":"Sword Boomerang+1","floor":40},{"not_picked":["Anger+1","Rage","Dark Embrace+1"],"picked":"SKIP","floor":42},{"not_picked":["Iron Wave+1","Blood for Blood+1","Heavy Blade+1"],"picked":"SKIP","floor":44},{"not_picked":["Heavy Blade+1","Searing Blow+1"],"picked":"Entrench+1","floor":46},{"not_picked":["Barricade","Clash+1"],"picked":"Spot Weakness","floor":47},{"not_picked":["Fire Breathing","Sword Boomerang+1"],"picked":"Metallicize+1","floor":54}],"player_experience":361011,"relics_obtained":[{"floor":6,"key":"Bottled Lightning"},{"floor":8,"key":"Mercury Hourglass"},{"floor":9,"key":"HornCleat"},{"floor":19,"key":"Red Mask"},{"floor":23,"key":"Bird Faced Urn"},{"floor":24,"key":"Pear"},{"floor":25,"key":"Kunai"},{"floor":27,"key":"Molten Egg 2"},{"floor":30,"key":"CeramicFish"},{"floor":38,"key":"Dead Branch"},{"floor":40,"key":"Ancient Tea Set"},{"floor":43,"key":"Eternal Feather"},{"floor":44,"key":"Bag of Preparation"},{"floor":45,"key":"Pocketwatch"},{"floor":46,"key":"Du-Vu Doll"},{"floor":54,"key":"Mummified Hand"}],"event_choices":[{"damage_healed":0,"gold_gain":0,"player_choice":"Success","damage_taken":7,"relics_obtained":["TungstenRod"],"max_hp_gain":0,"max_hp_loss":0,"event_name":"Scrap Ooze","floor":3,"gold_loss":0},{"damage_healed":0,"gold_gain":0,"cards_transformed":["Strike_R"],"player_choice":"Transformed","damage_taken":0,"max_hp_gain":0,"max_hp_loss":0,"event_name":"Transmorgrifier","floor":4,"gold_loss":0,"cards_obtained":["Fiend Fire"]},{"cards_removed":["Strike_R"],"damage_healed":0,"gold_gain":0,"player_choice":"Card Removal","damage_taken":7,"max_hp_gain":0,"max_hp_loss":0,"event_name":"Golden Wing","floor":11,"gold_loss":0},{"damage_healed":0,"gold_gain":0,"player_choice":"Ignored","damage_taken":0,"max_hp_gain":0,"max_hp_loss":0,"event_name":"Liars Game","floor":12,"gold_loss":0},{"damage_healed":0,"gold_gain":0,"player_choice":"Fought Bandits","damage_taken":0,"max_hp_gain":0,"max_hp_loss":0,"event_name":"Masked Bandits","floor":19,"gold_loss":0},{"damage_healed":0,"gold_gain":0,"player_choice":"Opened","damage_taken":0,"relics_obtained":["WingedGreaves"],"max_hp_gain":0,"max_hp_loss":0,"event_name":"The Mausoleum","floor":21,"gold_loss":0},{"damage_healed":0,"gold_gain":0,"player_choice":"Gave Potion","damage_taken":0,"relics_obtained":["PreservedInsect"],"max_hp_gain":0,"max_hp_loss":0,"event_name":"WeMeetAgain","floor":36,"gold_loss":0},{"damage_healed":0,"gold_gain":0,"player_choice":"Fight","damage_taken":0,"max_hp_gain":0,"max_hp_loss":0,"event_name":"Mysterious Sphere","floor":38,"gold_loss":0}],"is_beta":false,"boss_relics":[{"not_picked":["Busted Crown","Black Blood"],"picked":"Empty Cage"},{"not_picked":["Astrolabe","Pandora\u0027s Box"],"picked":"SlaversCollar"}],"items_purged_floors":[2,39],"is_endless":false,"potions_floor_spawned":[1,5,8,10,14,19,23,25,27,28,33,37,38,42,54],"ascension_level":5}}