{"host":"zsnmfqgcm92hlreo","time":1612591739,"event":{"mods":["AchievementEnabler","BaseMod","Bestiary","Block Reminder","Colored Map","Colored Powertips","Minty Spire (QoL Compilation)","Permanent Neow","Quick Restart","Relic Stats","StSLib","Weighted Paths"],"gold_per_floor":[413,432,407,407,431,431,459,459,486,498,498,255,255,280,280,280,280],"floor_reached":16,"language":"ENG","playtime":627,"items_purged":[],"score":212,"play_id":"2e03f27c-799b-464d-a949-18717d427bc6","local_time":"20210206000859","is_ascension_mode":true,"campfire_choices":[{"floor":6.0,"key":"REST"},{"floor":11.0,"key":"REST"},{"data":"Adrenaline","floor":13.0,"key":"SMITH"},{"data":"Neutralize","floor":15,"key":"SMITH"}],"circlet_count":0,"master_deck":["AscendersBane","Strike_G","Strike_G","Strike_G","Strike_G","Strike_G","Defend_G","Defend_G","Defend_G","Defend_G","Defend_G","Survivor","Neutralize+1","CurseOfTheBell","Backflip","Night Terror","Quick Slash","Flying Knee","Cloak And Dagger","Neutralize","Burst","Adrenaline+1","Riddle With Holes","PiercingWail","Backflip","Caltrops","Leg Sweep"],"relics":["Calling Bell","Vajra","Blue Candle","Old Coin","Anchor","Bag of Preparation","Tiny Chest","Omamori","Orrery","Toy Ornithopter"],"acts_visited":["Exordium"],"potions_floor_usage":[14],"damage_taken":[{"damage":6.0,"enemies":"Cultist","floor":1.0,"turns":4.0},{"damage":2.0,"enemies":"Jaw Worm","floor":2.0,"turns":4.0},{"damage":39.0,"enemies":"3 Sentries","floor":7.0,"turns":16.0},{"damage":0.0,"enemies":"Small Slimes","floor":10.0,"turns":3.0},{"damage":1,"enemies":"Gremlin Nob","floor":14,"turns":3},{"damage":41,"enemies":"Hexaghost","floor":16,"turns":9}],"seed_played":"719717100725804282","potions_obtained":[{"floor":1.0,"key":"SteroidPotion"},{"floor":2.0,"key":"Block Potion"}],"is_trial":false,"path_per_floor":["M","M","$","?","T","R","E","?","T","M","R","$","R","E","R","B"],"character_chosen":"THE_SILENT","items_purchased":["Quick Slash","Orrery","Caltrops"],"campfire_rested":2,"item_purchase_floors":[3,12,12],"current_hp_per_floor":[53,51,51,40,40,59,20,20,20,20,39,39,39,38,38,0,0],"gold":280,"neow_bonus":"BOSS_RELIC","is_daily":false,"chose_seed":false,"campfire_upgraded":2,"win_rate":0.0,"timestamp":1612591739,"path_taken":["M","M","?","?","?","R","E","?","T","?","R","$","R","E","R","BOSS"],"items_purchased_type":["Card","Relic","Card"],"build_version":"2020-12-22","purchased_purges":0,"victory":false,"max_hp_per_floor":[66,66,66,66,66,66,66,66,66,66,66,66,66,66,66,66,66],"relic_stats":{"counters":[6,39],"Blue Candle":[0],"Tiny Chest":0,"Bag of Preparation":[8],"obtain_stats":[{"Calling Bell":0,"Anchor":4,"Blue Candle":0,"Vajra":0,"Orrery":12,"Tiny Chest":7,"Bag of Preparation":5,"Omamori":9,"Toy Ornithopter":14,"Ring of the Snake":0,"Old Coin":0},{"Calling Bell":0,"Anchor":2,"Blue Candle":0,"Vajra":0,"Orrery":4,"Tiny Chest":3,"Bag of Preparation":2,"Omamori":3,"Toy Ornithopter":5,"Ring of the Snake":0,"Old Coin":0},{"Calling Bell":0,"Anchor":8,"Blue Candle":0,"Vajra":0,"Orrery":27,"Tiny Chest":24,"Bag of Preparation":8,"Omamori":24,"Toy Ornithopter":30,"Ring of the Snake":0,"Old Coin":0}],"Toy Ornithopter":0},"card_choices":[{"not_picked":["Sucker Punch","Expertise"],"picked":"Backflip","floor":1.0},{"not_picked":["Bane","Sucker Punch"],"picked":"Night Terror","floor":2.0},{"not_picked":["Dodge and Roll","Acrobatics"],"picked":"Flying Knee","floor":7.0},{"not_picked":["Dagger Throw","Deadly Poison"],"picked":"Burst","floor":10.0},{"not_picked":["Riddle With Holes","Acrobatics"],"picked":"Adrenaline","floor":12.0},{"not_picked":["Phantasmal Killer","Underhanded Strike"],"picked":"Riddle With Holes","floor":12.0},{"not_picked":["Outmaneuver","Predator"],"picked":"PiercingWail","floor":12.0},{"not_picked":["Dagger Throw","Outmaneuver"],"picked":"Backflip","floor":12.0},{"not_picked":["Flechettes","Cloak And Dagger"],"picked":"Leg Sweep","floor":14}],"player_experience":1033382,"relics_obtained":[{"floor":0.0,"key":"Vajra"},{"floor":0.0,"key":"Blue Candle"},{"floor":0.0,"key":"Old Coin"},{"floor":5.0,"key":"Bag of Preparation"},{"floor":7.0,"key":"Tiny Chest"},{"floor":9.0,"key":"Omamori"},{"floor":14,"key":"Toy Ornithopter"}],"event_choices":[{"damage_healed":0.0,"max_hp_gain":0.0,"max_hp_loss":0.0,"gold_gain":0.0,"event_name":"Scrap Ooze","player_choice":"Success","floor":4.0,"gold_loss":0.0,"damage_taken":11.0,"relics_obtained":["Anchor"]},{"damage_healed":0.0,"max_hp_gain":0.0,"max_hp_loss":0.0,"gold_gain":0.0,"event_name":"Match and Keep!","player_choice":"2 cards matched","floor":8.0,"gold_loss":0.0,"damage_taken":0.0,"cards_obtained":["Cloak And Dagger","Neutralize"]}],"is_beta":false,"boss_relics":[],"items_purged_floors":[],"is_endless":false,"potions_floor_spawned":[1,2],"killed_by":"Hexaghost","ascension_level":20}}