{"host":"3e3mwsgb9gfqiuxm","time":1612604074,"event":{"mods":["Act Like it!","BaseMod","BetterRewards","Colored Map","Colored Powertips","Downfall","Gensokyo","Hermit","Infinite Spire","Koishi","Marisa????????","Minty Spire (QoL Compilation)","Quick Restart","Reimu??????","Remilia??????","Replay The Spire","Shop Mod","StSLib","SuperFastMode","The Animator","The Bug Knight","The Cursed","The Jungle","The Servant 0.9.4","everything is the same but u backflip on backflip"],"gold_per_floor":[99,117,133,133,83,94,94,142,142,142,169,213,113,141,160,160,160],"floor_reached":16,"language":"ENG","playtime":611,"items_purged":["Defend_MRS"],"score":158,"play_id":"47e24d9f-675c-4b6c-b480-ce50c630077a","local_time":"20210206043434","is_ascension_mode":true,"campfire_choices":[{"data":"MasterSpark","floor":1.0,"key":"SMITH"},{"data":"BinaryStars","floor":13.0,"key":"SMITH"}],"circlet_count":0,"master_deck":["Strike_MRS","Strike_MRS","Defend_MRS","Defend_MRS","MasterSpark+1","UpSweep","DoubleSpark","WitchLeyline","Gensokyo:BlessingOfConstitution","MaximisePower","BinaryStars+1","WitchOfGreed","AsteroidBelt","Pain","AsteroidBelt","WitchOfGreed","EarthLightRay"],"relics":["MiniHakkero","NeowsBlessing","infinitespire:WardingShard","Replay:Rubber Ducky","Gensokyo:LunaticRedEyes","Gensokyo:MarisaIngredientList","infinitespire:Broken Mirror","downfall:HeartBlessingGreen"],"acts_visited":["Gensokyo:Gensokyo"],"potions_floor_usage":[16,16],"damage_taken":[{"damage":0.0,"enemies":"Gensokyo:Gryphon","floor":2.0,"turns":1.0},{"damage":0.0,"enemies":"Gensokyo:3_Fairies","floor":3.0,"turns":1.0},{"damage":0.0,"enemies":"downfall:FleeingMerchant","floor":6.0,"turns":1.0},{"damage":23.0,"enemies":"Gensokyo:Cirno","floor":8.0,"turns":6.0},{"damage":2.0,"enemies":"Gensokyo:2_Kodama","floor":11.0,"turns":4.0},{"damage":7.0,"enemies":"Gensokyo:Mamizou","floor":12.0,"turns":7.0},{"damage":0.0,"enemies":"Gensokyo:VengefulSpirit","floor":14.0,"turns":2.0},{"damage":3.0,"enemies":"Gensokyo:Python_and_Kodama","floor":15.0,"turns":3.0},{"damage":15,"enemies":"DF_ARCHETYPE_STREAMLINE","floor":16,"turns":5}],"seed_played":"5712498419583851474","potions_obtained":[{"floor":8.0,"key":"Languid Potion"},{"floor":8.0,"key":"Explosive Potion"},{"floor":11.0,"key":"Reflective Coating"},{"floor":11.0,"key":"Flashbang"},{"floor":12.0,"key":"hexamod:SoulburnPotion"},{"floor":14.0,"key":"BottledSpark"},{"floor":15.0,"key":"AttackPotion"}],"is_trial":false,"path_per_floor":["R","M","M","?","?","$","T","E","?","?","M","E","R","M","M","B"],"character_chosen":"MARISA","items_purchased":["BinaryStars","WitchOfGreed","GalacticHalo"],"campfire_rested":0,"item_purchase_floors":[6,6,6],"current_hp_per_floor":[75,75,75,45,45,45,45,22,22,22,20,13,13,13,14,3,3],"gold":160,"neow_bonus":"THREE_ENEMY_KILL","is_daily":false,"chose_seed":false,"campfire_upgraded":2,"win_rate":0.0,"timestamp":1612604074,"path_taken":["R","M","M","?","?","?","T","E","?","?","M","E","R","M","M","BOSS"],"items_purchased_type":["Card","Card","Card"],"build_version":"2020-12-22","purchased_purges":1,"victory":false,"max_hp_per_floor":[75,75,75,75,75,75,75,75,75,75,75,75,75,75,75,75,75],"card_choices":[{"not_picked":["IllusionStar","MilkyWay"],"picked":"DoubleSpark","floor":2.0},{"not_picked":["EnergyFlow","GravityBeat"],"picked":"WitchLeyline","floor":3.0},{"not_picked":["DC","Acceleration"],"picked":"MaximisePower","floor":6.0},{"not_picked":["OpenUniverse","DC"],"picked":"AsteroidBelt","floor":8.0},{"not_picked":["GravityBeat","DoubleSpark"],"picked":"AsteroidBelt","floor":11.0},{"not_picked":["AbsoluteMagnitude","Acceleration"],"picked":"WitchOfGreed","floor":12.0},{"not_picked":["DC","MeteoricShower"],"picked":"EarthLightRay","floor":14.0},{"not_picked":["EnergyRecoil","SporeBomb","BlazeAway"],"picked":"SKIP","floor":15.0}],"player_experience":1364444,"relics_obtained":[{"floor":7.0,"key":"infinitespire:WardingShard"},{"floor":8.0,"key":"Replay:Rubber Ducky"},{"floor":12.0,"key":"infinitespire:Broken Mirror"}],"event_choices":[],"is_beta":false,"boss_relics":[],"items_purged_floors":[6],"is_endless":false,"potions_floor_spawned":[8,11,15],"killed_by":"DF_ARCHETYPE_STREAMLINE","ascension_level":4}}