{"host":"5m2js577gj4e7pak","time":1612586584,"event":{"mods":["AchievementEnabler","BaseMod","Better Match","BetterRewards","Colored Map","Colored Powertips","Googly Eyes","Highlight Path","Lobotomy","LobotomyExtend","Minty Spire (QoL Compilation)","Quick Restart","Relic Filter","StSLib"],"gold_per_floor":[118,118,128,8,8,8,39,50,50,50,64,81,113,125,125,223,223,233,233,233,233,16,16,30,62,89,89,105,105,117,133,133,228,228,240,240,240,253,273,273,273,288,288,303,303,303],"floor_reached":45,"language":"ENG","playtime":1495,"items_purged":[],"score":547,"play_id":"5052c134-3628-49e1-8a0e-b2e315136ef4","local_time":"20210206054304","is_ascension_mode":false,"campfire_choices":[],"circlet_count":0,"master_deck":["SpecialBullet","SpecialBullet","SpecialBullet","SpecialBullet","SpecialBullet","SpecialBullet","SpecialBullet","SpecialBullet","InformationCode","SecurityCode","TrainingCode","OSAHOGD","Heaven+1","Gaze","Horn","Justitia","GreedKing","Christmas","Harmony","LongBird","Regret_ego","TheSmile","ShedSkin","Harvest","BeautyBeast","Twilight","Noise","Heaven","Enlightenment","WristCuter","RecordCode","Wingbeat+1","RapturousDream","WristCuter","RitualDagger","FourthMatchFlame","FourthMatchFlame","BigBird","CENSORED_ego","Tough+1","Horn+1","ShyLook","Christmas+1","Jack Of All Trades","ControlCode","TT2Protocol","Christmas"],"relics":["CogitoBucket","Ice Cream","LetterFromLob","Blood Vial","Mango","LuminousBracelet","MealTicket","Philosopher\u0027s Stone","Enchiridion","SkinProphecy","Bag of Preparation","Regal Pillow","Oddly Smooth Stone","Snecko Eye","BackwardClock","AtMidnight","Orichalcum"],"acts_visited":["Exordium","TheCity","TheBeyond"],"potions_floor_usage":[16,16,18,35,35,35,35,39],"damage_taken":[{"damage":7,"enemies":"Small Slimes","floor":1,"turns":2},{"damage":11,"enemies":"Jaw Worm","floor":3,"turns":3},{"damage":43,"enemies":"Lagavulin","floor":7,"turns":6},{"damage":6,"enemies":"Cultist","floor":8,"turns":3},{"damage":17,"enemies":"Large Slime","floor":11,"turns":5},{"damage":36,"enemies":"Gremlin Gang","floor":12,"turns":4},{"damage":22,"enemies":"3 Sentries","floor":13,"turns":5},{"damage":24,"enemies":"Blue Slaver","floor":14,"turns":3},{"damage":53,"enemies":"Hexaghost","floor":16,"turns":9},{"damage":22,"enemies":"2 Thieves","floor":18,"turns":3},{"damage":75,"enemies":"3 Byrds","floor":24,"turns":8},{"damage":86,"enemies":"Book of Stabbing","floor":25,"turns":8},{"damage":16,"enemies":"Snecko","floor":28,"turns":4},{"damage":19,"enemies":"Sentry and Sphere","floor":30,"turns":5},{"damage":15,"enemies":"Snake Plant","floor":31,"turns":3},{"damage":64,"enemies":"Collector","floor":33,"turns":8},{"damage":81,"enemies":"3 Shapes","floor":35,"turns":8},{"damage":0,"enemies":"3 Darklings","floor":38,"turns":3},{"damage":0,"enemies":"4 Shapes","floor":39,"turns":3},{"damage":10,"enemies":"Spire Growth","floor":42,"turns":2},{"damage":0,"enemies":"Maw","floor":44,"turns":5},{"damage":116,"enemies":"Reptomancer","floor":45,"turns":3}],"seed_played":"-1930620602720941838","potions_obtained":[{"floor":7,"key":"FearPotion"},{"floor":13,"key":"Fire Potion"},{"floor":16,"key":"DistilledChaos"},{"floor":24,"key":"Explosive Potion"},{"floor":25,"key":"BlessingOfTheForge"},{"floor":28,"key":"Dexterity Potion"},{"floor":33,"key":"Strength Potion"},{"floor":38,"key":"PowerPotion"},{"floor":42,"key":"AttackPotion"}],"is_trial":false,"path_per_floor":["M","?","M","$","?","R","E","M","T","R","M","M","E","M","R","B",null,"M","?","?","?","$","R","M","E","T","?","M","?","M","M","R","B",null,"M","?","?","M","M","?","R","M","T","M","E"],"character_chosen":"Angela","items_purchased":["Gaze","Horn","Heaven","Enlightenment","WristCuter"],"campfire_rested":0,"item_purchase_floors":[4,4,22,22,22],"current_hp_per_floor":[70,70,67,67,67,67,35,47,61,61,46,47,48,47,47,80,96,76,76,76,60,75,75,96,69,69,69,86,80,95,104,104,79,106,40,40,40,51,53,53,53,63,63,95,0,0],"gold":303,"neow_bonus":"ONE_RARE_RELIC","is_daily":false,"chose_seed":false,"campfire_upgraded":0,"win_rate":0.0,"timestamp":1612586584,"path_taken":["M","?","M","$","?","R","E","M","T","R","M","?","E","?","R","BOSS","M","?","?","?","$","R","?","E","T","?","M","?","M","M","R","BOSS","M","?","?","M","M","?","R","M","T","M","E"],"items_purchased_type":["Card","Card","Card","Card","Card"],"build_version":"2020-12-22","purchased_purges":0,"victory":false,"max_hp_per_floor":[70,70,70,70,70,70,70,70,84,84,84,99,99,99,99,96,96,96,96,96,96,96,96,96,98,98,98,100,100,102,104,104,106,106,110,110,110,112,104,104,104,106,106,108,110,110],"card_choices":[{"not_picked":["MeatLantern","FairyFestival"],"picked":"OSAHOGD","floor":1},{"not_picked":["WristCuter"],"picked":"Heaven","floor":1},{"not_picked":["TodaysExpression"],"picked":"FourthMatchFlame","floor":3},{"not_picked":["CrumblingArmor","Woodsman"],"picked":"GreedKing","floor":7},{"not_picked":["RedEyes"],"picked":"Christmas","floor":7},{"not_picked":["ParadiseLost"],"picked":"Harmony","floor":8},{"not_picked":["DreamingCurrent","Porccubus"],"picked":"LongBird","floor":11},{"not_picked":["TodaysExpression"],"picked":"Regret_ego","floor":11},{"not_picked":["Regret_ego"],"picked":"TheSmile","floor":12},{"not_picked":["Freischutz","SnowQueen"],"picked":"HeroicMonk","floor":13},{"not_picked":["Lantern"],"picked":"ShedSkin","floor":13},{"not_picked":["Loneliness"],"picked":"Harvest","floor":14},{"not_picked":["SpiderBud","ShyLook"],"picked":"BeautyBeast","floor":16},{"not_picked":["ParadiseLost"],"picked":"Twilight","floor":16},{"not_picked":["Laetitia_ego+1"],"picked":"Noise","floor":18},{"not_picked":["Regret_ego"],"picked":"Wingbeat+1","floor":24},{"not_picked":["Galaxy"],"picked":"RapturousDream","floor":25},{"not_picked":["Lantern"],"picked":"WristCuter","floor":28},{"not_picked":["SwordSharpenedByTears+1"],"picked":"FourthMatchFlame","floor":30},{"not_picked":["Hypocrisy"],"picked":"FourthMatchFlame","floor":31},{"not_picked":["FairyFestival","Variant"],"picked":"BigBird","floor":33},{"not_picked":["Justitia"],"picked":"CENSORED_ego","floor":33},{"not_picked":["RapturousDream+1"],"picked":"Tough+1","floor":35},{"not_picked":["Laetitia_ego"],"picked":"Horn+1","floor":38},{"not_picked":["DespairKnight","LaLuna"],"picked":"ShyLook","floor":39},{"not_picked":["FourthMatchFlame+1"],"picked":"Christmas+1","floor":39},{"not_picked":["Sadistic Nature"],"picked":"Jack Of All Trades","floor":40},{"not_picked":["Tough","CUTE"],"picked":"SKIP","floor":42},{"not_picked":["RedEyes"],"picked":"Christmas","floor":44}],"player_experience":51359,"relics_obtained":[{"floor":1,"key":"LetterFromLob"},{"floor":7,"key":"Blood Vial"},{"floor":9,"key":"Mango"},{"floor":13,"key":"MealTicket"},{"floor":21,"key":"Enchiridion"},{"floor":25,"key":"Bag of Preparation"},{"floor":26,"key":"Regal Pillow"},{"floor":35,"key":"AtMidnight"},{"floor":43,"key":"Orichalcum"}],"event_choices":[{"damage_healed":0,"gold_gain":0,"player_choice":"Grow","damage_taken":0,"max_hp_gain":0,"max_hp_loss":0,"event_name":"Living Wall","floor":2,"gold_loss":0,"cards_upgraded":["Heaven"]},{"damage_healed":0,"gold_gain":0,"cards_transformed":["FourthMatchFlame"],"player_choice":"Transformed","damage_taken":0,"max_hp_gain":0,"max_hp_loss":0,"event_name":"Transmorgrifier","floor":5,"gold_loss":0,"cards_obtained":["Justitia"]},{"damage_healed":0,"gold_gain":0,"player_choice":"Ignored","damage_taken":0,"max_hp_gain":0,"max_hp_loss":0,"event_name":"Vampires","floor":19,"gold_loss":0},{"damage_healed":0,"gold_gain":0,"player_choice":"Simplicity","damage_taken":0,"max_hp_gain":0,"max_hp_loss":0,"event_name":"Back to Basics","floor":20,"gold_loss":0,"cards_upgraded":[]},{"damage_healed":0,"gold_gain":0,"player_choice":"Obtained Book","damage_taken":16,"max_hp_gain":0,"max_hp_loss":0,"event_name":"Cursed Tome","floor":21,"gold_loss":0},{"damage_healed":0,"gold_gain":0,"player_choice":"Stole Relic","damage_taken":0,"relics_obtained":["Oddly Smooth Stone"],"max_hp_gain":0,"max_hp_loss":0,"event_name":"Addict","floor":27,"gold_loss":0,"cards_obtained":["Shame"]},{"damage_healed":0,"gold_gain":0,"player_choice":"Joined the Cult","damage_taken":6,"max_hp_gain":0,"max_hp_loss":0,"event_name":"Nest","floor":29,"gold_loss":0,"cards_obtained":["RitualDagger"]},{"damage_healed":0,"gold_gain":0,"player_choice":"Ignored","damage_taken":0,"max_hp_gain":0,"max_hp_loss":0,"event_name":"The Moai Head","floor":36,"gold_loss":0},{"cards_removed":["HeroicMonk"],"damage_healed":0,"gold_gain":0,"player_choice":"Removed Skill","damage_taken":0,"max_hp_gain":0,"max_hp_loss":0,"event_name":"Falling","floor":37,"gold_loss":0},{"damage_healed":0,"gold_gain":0,"player_choice":"Memory 1","damage_taken":0,"max_hp_gain":0,"max_hp_loss":0,"event_name":"SensoryStone","floor":40,"gold_loss":0}],"is_beta":false,"boss_relics":[{"not_picked":["Busted Crown","Ectoplasm"],"picked":"Philosopher\u0027s Stone"},{"not_picked":["Astrolabe","Tiny House"],"picked":"Snecko Eye"}],"items_purged_floors":[],"is_endless":false,"potions_floor_spawned":[7,13,16,24,25,28,33,38,42],"killed_by":"Reptomancer","ascension_level":0}}