{"host":"klqcd4cqxrk2p1u3","time":1612574552,"event":{"mods":["BaseMod","Downfall","Minty Spire (QoL Compilation)","StSLib"],"gold_per_floor":[199,212,242,255,272,284,310,325,51,51,66,76,104,124,136,136,136,136],"floor_reached":16,"language":"ENG","playtime":3034,"items_purged":[],"score":108,"play_id":"27255a3f-ecbe-4537-874e-2a9ffcc96fa5","local_time":"20210205202232","is_ascension_mode":false,"campfire_choices":[{"floor":1,"key":"RECALL"},{"data":"bronze:ItsAFeature","floor":10,"key":"SMITH"}],"circlet_count":0,"master_deck":["bronze:Strike","bronze:Strike","bronze:Strike","bronze:Strike","bronze:Defend","bronze:Defend","bronze:Defend","bronze:Defend","bronze:Replicate","bronze:Goto","bronze:ClassDefault","bronze:Shield","bronze:BuggyMess","bronze:Separator","bronze:Branch","bronze:CutThrough","bronze:BuggyMess","bronze:ItsAFeature+1","bronze:Return","bronze:Constructor","bronze:DelayedSlice","bronze:MaxOutput","bronze:CutThrough"],"relics":["bronze:BronzeCore","Lee\u0027s Waffle","Lantern"],"acts_visited":["Exordium"],"potions_floor_usage":[2,13,14,16,16],"damage_taken":[{"damage":2,"enemies":"Jaw Worm","floor":2,"turns":4},{"damage":9,"enemies":"Small Slimes","floor":4,"turns":5},{"damage":3,"enemies":"2 Louse","floor":5,"turns":4},{"damage":10,"enemies":"Large Slime","floor":6,"turns":10},{"damage":10,"enemies":"Exordium Wildlife","floor":8,"turns":7},{"damage":0,"enemies":"downfall:FleeingMerchant","floor":9,"turns":4},{"damage":0,"enemies":"3 Louse","floor":11,"turns":5},{"damage":13,"enemies":"Lots of Slimes","floor":12,"turns":5},{"damage":16,"enemies":"Gremlin Nob","floor":13,"turns":4},{"damage":0,"enemies":"Blue Slaver","floor":14,"turns":4},{"damage":0,"enemies":"2 Fungi Beasts","floor":15,"turns":3},{"damage":48,"enemies":"DF_ARCHETYPE_STREAMLINE","floor":16,"turns":12}],"seed_played":"748186685560107384","potions_obtained":[{"floor":2,"key":"EntropicBrew"},{"floor":8,"key":"Ancient Potion"},{"floor":13,"key":"Swift Potion"},{"floor":15,"key":"Guardian:BlockOnCardUsePotion"}],"is_trial":false,"path_per_floor":["R","M","?","M","M","M","T","M","$","R","M","M","E","M","M","B"],"character_chosen":"THE_AUTOMATON","items_purchased":["Lee\u0027s Waffle","bronze:BuggyMess","bronze:ItsAFeature"],"campfire_rested":0,"item_purchase_floors":[9,9,9],"current_hp_per_floor":[70,68,68,59,56,46,46,36,77,77,77,64,48,48,48,0,0,0],"gold":136,"neow_bonus":"HUNDRED_GOLD","is_daily":false,"chose_seed":false,"campfire_upgraded":1,"win_rate":0.0,"timestamp":1612574552,"path_taken":["R","M","?","M","M","M","T","M","$","R","M","M","E","M","M","BOSS"],"items_purchased_type":["Relic","Card","Card"],"build_version":"2020-12-22","purchased_purges":0,"victory":false,"max_hp_per_floor":[70,70,70,70,70,70,70,70,77,77,77,77,77,77,77,77,77,77],"card_choices":[{"not_picked":["bronze:NullPointer","bronze:OilSpill"],"picked":"bronze:ClassDefault","floor":2},{"not_picked":["bronze:Backtrace","bronze:Allocate"],"picked":"bronze:Shield","floor":4},{"not_picked":["bronze:Turbo","bronze:MaxOutput"],"picked":"bronze:BuggyMess","floor":5},{"not_picked":["bronze:OilSpill","bronze:Safeguard"],"picked":"bronze:Separator","floor":6},{"not_picked":["bronze:ForLoop","bronze:MaxOutput"],"picked":"bronze:Branch","floor":8},{"not_picked":["bronze:WildBeam","bronze:Backtrace"],"picked":"bronze:CutThrough","floor":9},{"not_picked":["bronze:Fortify","bronze:WildBeam"],"picked":"bronze:Return","floor":11},{"not_picked":["bronze:Branch","bronze:Repair"],"picked":"bronze:Constructor","floor":12},{"not_picked":["bronze:ThunderWave","bronze:BronzeArmor"],"picked":"bronze:DelayedSlice","floor":13},{"not_picked":["bronze:DelayedGuard","bronze:Shield"],"picked":"bronze:MaxOutput","floor":14},{"not_picked":["bronze:Refactor","bronze:ClassDefault"],"picked":"bronze:CutThrough","floor":15}],"player_experience":1446446,"relics_obtained":[{"floor":13,"key":"Lantern"}],"event_choices":[],"is_beta":false,"boss_relics":[],"items_purged_floors":[],"is_endless":false,"potions_floor_spawned":[2,4,8,13,15],"killed_by":"DF_ARCHETYPE_STREAMLINE","ascension_level":0}}