{"host":"bf5upntvbdompq33","time":1612650667,"event":{"mods":["BaseMod","Colored Map","Colored Powertips","Curses Come First","Minty Spire (QoL Compilation)","StSLib","The Dragon Tamer","The Hierophant","The Marked","The Mystic","The Servant 0.9.4"],"gold_per_floor":[109,109,109,109,4,44,62,78,78,78,78,78,99,118,118,118,118],"floor_reached":16,"language":"ENG","playtime":980,"items_purged":[],"score":138,"play_id":"efd643cc-57af-4a32-9bdd-4271bab501d9","local_time":"20210206153107","is_ascension_mode":true,"campfire_choices":[{"data":"Eruption","floor":10,"key":"SMITH"},{"data":"MentalFortress","floor":12,"key":"SMITH"},{"data":"TalkToTheHand","floor":15,"key":"SMITH"}],"circlet_count":0,"master_deck":["Strike_P","Strike_P","Strike_P","Defend_P","Defend_P","Defend_P","Defend_P","Eruption+1","Vigilance","Consecrate","Wallop","FollowUp","Scrawl","MentalFortress+1","TalkToTheHand+1","Regret","Protect","DevaForm"],"relics":["PureWater","NeowsBlessing","Golden Idol","Kunai","Bottled Flame","Meat on the Bone"],"acts_visited":["Exordium"],"potions_floor_usage":[16],"damage_taken":[{"damage":0,"enemies":"Cultist","floor":1,"turns":1},{"damage":0,"enemies":"Gremlin Nob","floor":6,"turns":1},{"damage":0,"enemies":"Small Slimes","floor":7,"turns":1},{"damage":0,"enemies":"2 Louse","floor":8,"turns":2},{"damage":6,"enemies":"Blue Slaver","floor":13,"turns":5},{"damage":9,"enemies":"Large Slime","floor":14,"turns":6},{"damage":49,"enemies":"Hexaghost","floor":16,"turns":7}],"seed_played":"-6003372113615392148","potions_obtained":[{"floor":7,"key":"ColorlessPotion"},{"floor":14,"key":"SteroidPotion"}],"is_trial":false,"path_per_floor":["M","?","$","?","$","E","M","M","T","R","?","R","M","M","R","B"],"character_chosen":"WATCHER","items_purchased":["Wallop","FollowUp"],"campfire_rested":0,"item_purchase_floors":[5,5],"current_hp_per_floor":[72,67,67,60,60,60,60,60,60,60,60,60,54,45,45,0,0],"gold":118,"neow_bonus":"THREE_ENEMY_KILL","is_daily":false,"chose_seed":false,"campfire_upgraded":3,"win_rate":0.0,"timestamp":1612650667,"path_taken":["M","?","$","?","$","E","M","M","T","R","?","R","M","M","R","BOSS"],"items_purchased_type":["Card","Card"],"build_version":"2020-12-22","purchased_purges":0,"victory":false,"max_hp_per_floor":[72,67,67,67,67,67,67,67,67,67,67,67,67,67,67,67,67],"card_choices":[{"not_picked":["Evaluate","CutThroughFate"],"picked":"Consecrate","floor":1},{"not_picked":["FearNoEvil","Halt"],"picked":"Scrawl","floor":6},{"not_picked":["Study","CrushJoints"],"picked":"MentalFortress","floor":7},{"not_picked":["Prostrate","Perseverance"],"picked":"TalkToTheHand","floor":8},{"not_picked":["FlyingSleeves","FollowUp"],"picked":"Protect","floor":13},{"not_picked":["CarveReality","CrushJoints"],"picked":"DevaForm","floor":14}],"player_experience":1470738,"relics_obtained":[{"floor":6,"key":"Kunai"},{"floor":9,"key":"Bottled Flame"}],"event_choices":[{"damage_healed":0,"gold_gain":0,"player_choice":"Lose Max HP","damage_taken":0,"relics_obtained":["Golden Idol"],"max_hp_gain":0,"max_hp_loss":5,"event_name":"Golden Idol","floor":2,"gold_loss":0},{"cards_removed":["Strike_P"],"damage_healed":0,"gold_gain":0,"player_choice":"Card Removal","damage_taken":7,"max_hp_gain":0,"max_hp_loss":0,"event_name":"Golden Wing","floor":4,"gold_loss":0},{"damage_healed":0,"gold_gain":0,"player_choice":"Box","damage_taken":0,"relics_obtained":["Meat on the Bone"],"max_hp_gain":0,"max_hp_loss":0,"event_name":"Big Fish","floor":11,"gold_loss":0,"cards_obtained":["Regret"]}],"is_beta":false,"boss_relics":[],"items_purged_floors":[],"is_endless":false,"potions_floor_spawned":[7,14],"killed_by":"Hexaghost","ascension_level":2}}