{"host":"23qk1co0p3p8qz56","time":1612602381,"event":{"mods":["100% Spire Juice","AchievementEnabler","Act Like it!","Arknights","BaseMod","Better Note","Better Third Choice","BetterRewards","CapriCore","Chen","Colored Map","Downfall","Friendly Minions","Gensokyo","Gold Saver","KinomotoSakuraMod(木之本?)","Koishi","Lobotomy","LobotomyExtend","Marisa（霧雨　魔理沙）","Minty Spire (QoL Compilation)","Prisma Mod","Reimu（博??梦）","Remilia（蕾米莉?）","StSLib","The Administrix","The Alterego","The Animator","The Immortal","The Senshi","Waifu the Spire","WarShipGirlsR/??少女R mod","Yakumo Yukari mod","Yohane!","Yuyuko"],"gold_per_floor":[354,368,388,388,403,403,368,368,368,391,405,417,417,417,417,513,513,523,227,227,227,251,251,251,251,275,288,300,300,300,310,310,411,411,411,431,431,197,211,211,223,239,265,283,283,294,294,310,310,310],"floor_reached":51,"language":"ENG","playtime":3186,"items_purged":[],"score":739,"play_id":"345c1560-fb79-4cc3-a0d7-d8dc11d55a98","local_time":"20210206020621","is_ascension_mode":false,"campfire_choices":[{"data":"PrismaMod:MiyuOrbIncreasePerm","floor":6,"key":"SMITH"},{"data":"PrismaMod:MiyuUncommonDefend","floor":8,"key":"SMITH"},{"data":"PrismaMod:MiyuEvokeAllDefend","floor":15,"key":"SMITH"},{"data":"PrismaMod:MiyuUncommonDexBuff","floor":23,"key":"SMITH"},{"data":"PrismaMod:MiyuChannelDefendEvoke","floor":25,"key":"SMITH"},{"data":"PrismaMod:MiyuCheapDefend1","floor":29,"key":"SMITH"},{"data":"PrismaMod:MiyuOrbIncreasePerm","floor":32,"key":"SMITH"},{"data":"PrismaMod:MiyuOrbIncreasePerm","floor":40,"key":"SMITH"},{"data":"PrismaMod:MiyuCarnivalDefend","floor":45,"key":"SMITH"},{"data":"PrismaMod:MiyuCheapChannelAttack","floor":49,"key":"SMITH"}],"circlet_count":0,"master_deck":["PrismaMod:MiyuCommonDefend","PrismaMod:MiyuCommonDefend","PrismaMod:MiyuCommonDefend","PrismaMod:MiyuCommonDefend","PrismaMod:MiyuCommonDefend","PrismaMod:MiyuCommonAttack","PrismaMod:MiyuCommonAttack","PrismaMod:MiyuCommonAttack","PrismaMod:MiyuCommonAttack","PrismaMod:MiyuCommonAttack","PrismaMod:MiyuCheapChannelAttack+1","PrismaMod:MiyuCheapChannelDefend+1","PrismaMod:MiyuCheapAttack1","PrismaMod:MiyuOrbIncreasePerm+1","PrismaMod:MiyuAttackChannelWeak","PrismaMod:MiyuUncommonDefend+1","PrismaMod:MiyuUberAOEAttack","PrismaMod:MiyuCheapDexBuff","PrismaMod:MiyuEvokeAllDefend+1","PrismaMod:MiyuChannelDefendEvoke+1","PrismaMod:MiyuCheapDefend1+1","PrismaMod:MiyuUncommonDexBuff+1","PrismaMod:MiyuCheapStrBuff+1","PrismaMod:MiyuCheapAttack2+1","PrismaMod:MiyuOrbIncreasePerm+1","PrismaMod:MiyuCarnivalDefend+1","PrismaMod:MiyuEvokeCheapAttack+1","PrismaMod:MiyuDevil","PrismaMod:MiyuOrbIncreasePerm+1","PrismaMod:MiyuCheapChannelVul+1","PrismaMod:MiyuCheapChannelDefend+1","PrismaMod:MiyuCheapChannelAttack+1","PrismaMod:MiyuCheapAttack1+1","PrismaMod:MiyuUncommonStrBuff+1"],"relics":["PrismaMod:PrismaSapphire","Bag of Marbles","LetterFromLob","Odd Mushroom","Ornamental Fan","Coffee Dripper","Bottled Tornado","Happy Flower","Pen Nib","SlaversCollar","Bag of Preparation","Regal Pillow"],"acts_visited":["Exordium","TheCity","TheBeyond"],"potions_floor_usage":[10,12,16,16,33,50,50,50],"damage_taken":[{"damage":0,"enemies":"Cultist","floor":1,"turns":4},{"damage":4,"enemies":"2 Louse","floor":2,"turns":3},{"damage":8,"enemies":"Small Slimes","floor":3,"turns":3},{"damage":3,"enemies":"Exordium Wildlife","floor":5,"turns":4},{"damage":8,"enemies":"The Mushroom Lair","floor":10,"turns":6},{"damage":6,"enemies":"2 Fungi Beasts","floor":11,"turns":3},{"damage":9,"enemies":"Large Slime","floor":12,"turns":8},{"damage":29,"enemies":"Slime Boss","floor":16,"turns":19},{"damage":0,"enemies":"Spheric Guardian","floor":18,"turns":7},{"damage":0,"enemies":"3 Byrds","floor":27,"turns":6},{"damage":14,"enemies":"Centurion and Healer","floor":28,"turns":7},{"damage":11,"enemies":"Snake Plant","floor":31,"turns":4},{"damage":0,"enemies":"Automaton","floor":33,"turns":11},{"damage":1,"enemies":"Orb Walker","floor":36,"turns":5},{"damage":2,"enemies":"3 Darklings","floor":39,"turns":8},{"damage":3,"enemies":"Maw","floor":41,"turns":10},{"damage":10,"enemies":"Spire Growth","floor":42,"turns":6},{"damage":0,"enemies":"3 Darklings","floor":44,"turns":8},{"damage":36,"enemies":"Sphere and 2 Shapes","floor":46,"turns":8},{"damage":8,"enemies":"Spire Growth","floor":48,"turns":7},{"damage":0,"enemies":"Time Eater","floor":50,"turns":12}],"seed_played":"-2701348500114312731","potions_obtained":[{"floor":1,"key":"ZuzhouPotion:ReiMu"},{"floor":5,"key":"Dexterity Potion"},{"floor":11,"key":"ColorlessPotion"},{"floor":12,"key":"champ:CounterPotion"},{"floor":18,"key":"FearPotion"},{"floor":31,"key":"SpeedPotion"},{"floor":42,"key":"sneckomod:MuddlingPotion"},{"floor":48,"key":"SteroidPotion"}],"is_trial":false,"path_per_floor":["M","M","M","?","M","R","?","R","T","?","M","M","?","T","R","B",null,"M","$","?","?","T","R","?","R","T","M","M","R","?","M","R","B",null,"M","M","?","$","M","R","M","M","T","M","R","M","$","M","R","B",null],"character_chosen":"MIYU","items_purchased":["PrismaMod:MiyuUncommonDexBuff","Bottled Tornado","Bag of Preparation","PrismaMod:MiyuDevil"],"campfire_rested":0,"item_purchase_floors":[19,19,38,38],"current_hp_per_floor":[75,71,63,63,60,60,75,75,75,67,61,52,52,52,52,23,75,75,75,75,75,75,75,63,63,63,63,49,49,49,38,38,38,75,75,74,74,74,72,72,69,59,59,59,59,23,23,15,15,15],"gold":310,"neow_bonus":"RANDOM_COMMON_RELIC","is_daily":false,"chose_seed":false,"campfire_upgraded":10,"win_rate":0.0,"timestamp":1612602381,"path_taken":["M","?","M","?","M","R","?","R","T","?","?","M","?","?","R","BOSS","M","$","?","?","?","R","?","R","T","M","?","R","?","?","R","BOSS","M","M","?","$","M","R","M","M","T","M","R","M","$","M","R","BOSS"],"items_purchased_type":["Card","Relic","Relic","Card"],"build_version":"2020-12-22","purchased_purges":0,"victory":true,"max_hp_per_floor":[75,75,75,75,75,75,75,75,75,75,75,75,75,75,75,75,75,75,75,75,75,75,75,75,75,75,75,75,75,75,75,75,75,75,75,75,75,75,75,75,75,75,75,75,75,75,75,75,75,75],"card_choices":[{"not_picked":["PrismaMod:MiyuCheapChannelAttack","PrismaMod:MiyuUncommonAttack"],"picked":"PrismaMod:MiyuCheapAttack1","floor":1},{"not_picked":["PrismaMod:MiyuCheapChannelWeak","PrismaMod:MiyuDefenseExplosion"],"picked":"PrismaMod:MiyuOrbIncreasePerm","floor":2},{"not_picked":["PrismaMod:MiyuMaid","PrismaMod:MiyuEvokeCheapDefend"],"picked":"PrismaMod:MiyuAttackChannelWeak","floor":3},{"not_picked":["PrismaMod:MiyuChristmas","PrismaMod:MiyuEvokeAll"],"picked":"PrismaMod:MiyuUncommonDefend","floor":5},{"not_picked":["PrismaMod:MiyuEvokeAll","PrismaMod:MiyuAttackChannelWeak"],"picked":"PrismaMod:MiyuUberAOEAttack","floor":10},{"not_picked":["PrismaMod:MiyuCheapAttack1","PrismaMod:MiyuCheapChannelWeak"],"picked":"PrismaMod:MiyuCheapDexBuff","floor":11},{"not_picked":["PrismaMod:MiyuCommonAOEAttack","PrismaMod:MiyuEvokeCheapDefend"],"picked":"PrismaMod:MiyuEvokeAllDefend","floor":12},{"not_picked":["PrismaMod:MiyuDefenseAbsorbMinor","PrismaMod:MiyuChannelAttackEvoke"],"picked":"PrismaMod:MiyuChannelDefendEvoke","floor":16},{"not_picked":["PrismaMod:MiyuCheapChannelRandom","PrismaMod:MiyuEvokeBuffStr"],"picked":"PrismaMod:MiyuCheapDefend1","floor":18},{"not_picked":["PrismaMod:MiyuEvokeBuffStr","PrismaMod:MiyuChannelAttackEvoke"],"picked":"PrismaMod:MiyuCheapStrBuff+1","floor":27},{"not_picked":["PrismaMod:MiyuEvokeCheapAttack","PrismaMod:MiyuCheapChannelDefend+1"],"picked":"PrismaMod:MiyuCheapAttack2+1","floor":28},{"not_picked":["PrismaMod:MiyuAttackChannelWeak+1","PrismaMod:MiyuEvokeCheapAttack"],"picked":"PrismaMod:MiyuOrbIncreasePerm","floor":31},{"not_picked":["PrismaMod:MiyuChannelDefendEvoke","PrismaMod:MiyuEvokeAllDefend"],"picked":"PrismaMod:MiyuCarnivalDefend","floor":33},{"not_picked":["PrismaMod:MiyuUncommonDexBuff+1","PrismaMod:MiyuCheapChannelDefend+1"],"picked":"PrismaMod:MiyuEvokeCheapAttack+1","floor":36},{"not_picked":["PrismaMod:MiyuCheapChannelAttack+1","PrismaMod:MiyuMaid"],"picked":"PrismaMod:MiyuOrbIncreasePerm","floor":39},{"not_picked":["PrismaMod:MiyuCheapChannelWeak","PrismaMod:MiyuCheapAttack2+1"],"picked":"PrismaMod:MiyuCheapChannelVul+1","floor":41},{"not_picked":["PrismaMod:MiyuUncommonDexBuff+1","PrismaMod:MiyuCheapAttack2"],"picked":"PrismaMod:MiyuCheapChannelDefend+1","floor":42},{"not_picked":["PrismaMod:MiyuUncommonAOEAttack","PrismaMod:MiyuCarnivalDefend"],"picked":"PrismaMod:MiyuCheapChannelAttack+1","floor":44},{"not_picked":["PrismaMod:MiyuCheapChannelVul","PrismaMod:MiyuUncommonPlate+1"],"picked":"PrismaMod:MiyuCheapAttack1+1","floor":46},{"not_picked":["PrismaMod:MiyuUncommonAOEAttack","PrismaMod:MiyuDevil"],"picked":"PrismaMod:MiyuUncommonStrBuff+1","floor":48}],"player_experience":61468,"relics_obtained":[{"floor":1,"key":"LetterFromLob"},{"floor":10,"key":"Odd Mushroom"},{"floor":14,"key":"Ornamental Fan"},{"floor":22,"key":"Happy Flower"},{"floor":26,"key":"Pen Nib"},{"floor":43,"key":"Regal Pillow"}],"event_choices":[{"damage_healed":0,"gold_gain":0,"player_choice":"Ignored","damage_taken":0,"max_hp_gain":0,"max_hp_loss":0,"event_name":"Golden Idol","floor":4,"gold_loss":0},{"damage_healed":18,"gold_gain":0,"player_choice":"Healed","damage_taken":0,"max_hp_gain":0,"max_hp_loss":0,"event_name":"The Cleric","floor":7,"gold_loss":35},{"damage_healed":0,"gold_gain":0,"player_choice":"Fought Mushrooms","damage_taken":0,"max_hp_gain":0,"max_hp_loss":0,"event_name":"Mushrooms","floor":10,"gold_loss":0},{"damage_healed":0,"gold_gain":0,"player_choice":"Ignored","damage_taken":0,"max_hp_gain":0,"max_hp_loss":0,"event_name":"betterNote:BetterNote","floor":20,"gold_loss":0,"cards_obtained":["animator:Megumin"]},{"damage_healed":0,"gold_gain":0,"player_choice":"Ignored","damage_taken":0,"max_hp_gain":0,"max_hp_loss":0,"event_name":"The Mausoleum","floor":21,"gold_loss":0},{"damage_healed":0,"gold_gain":0,"player_choice":"POTION ","damage_taken":12,"max_hp_gain":0,"max_hp_loss":0,"event_name":"Knowing Skull","floor":24,"potions_obtained":["Explosive Potion"],"gold_loss":0,"cards_obtained":[]},{"damage_healed":0,"gold_gain":0,"player_choice":"Upgraded","damage_taken":0,"max_hp_gain":0,"max_hp_loss":0,"event_name":"Upgrade Shrine","floor":30,"gold_loss":0,"cards_upgraded":["PrismaMod:MiyuCheapChannelDefend"]},{"damage_healed":0,"gold_gain":0,"player_choice":"Ignored","damage_taken":0,"max_hp_gain":0,"max_hp_loss":0,"event_name":"Mysterious Sphere","floor":37,"gold_loss":0}],"is_beta":false,"boss_relics":[{"not_picked":["Empty Cage","Tiny House"],"picked":"Coffee Dripper"},{"not_picked":["Runic Pyramid","Black Star"],"picked":"SlaversCollar"}],"items_purged_floors":[],"is_endless":false,"potions_floor_spawned":[1,5,11,12,18,31,42,44,48],"ascension_level":0}}