{"host":"fzjk61lpi4bwj033","time":1612641003,"event":{"mods":["BaseMod","Hermit","Jorbs\u0027s Wanderer Trilogy","Minty Spire (QoL Compilation)","Rare Cards Sparkle","Relic Stats","StSLib"],"gold_per_floor":[219,219,236,69,86,86,11,37,37,37,37,52,52,62,62,62,62],"floor_reached":16,"language":"ENG","playtime":611,"items_purged":["Strike_G"],"score":200,"play_id":"3e96867d-e3fe-4f83-97c8-d35db421d42a","local_time":"20210206135003","is_ascension_mode":true,"campfire_choices":[{"data":"Neutralize","floor":6,"key":"SMITH"},{"data":"Caltrops","floor":10,"key":"SMITH"},{"data":"Cloak And Dagger","floor":13,"key":"SMITH"},{"data":"Deadly Poison","floor":15,"key":"SMITH"}],"circlet_count":0,"master_deck":["AscendersBane","Strike_G","Strike_G","Strike_G","Defend_G","Defend_G","Defend_G","Defend_G","Defend_G","Survivor","Neutralize+1","PiercingWail","Deadly Poison+1","Dagger Spray","Caltrops+1","Quick Slash","Cloak And Dagger+1","Pain"],"relics":["Ring of the Snake","Dead Branch","Eternal Feather","WarpedTongs"],"acts_visited":["Exordium"],"potions_floor_usage":[8],"damage_taken":[{"damage":9,"enemies":"Jaw Worm","floor":1,"turns":6},{"damage":3,"enemies":"Small Slimes","floor":3,"turns":6},{"damage":0,"enemies":"2 Louse","floor":5,"turns":3},{"damage":21,"enemies":"3 Sentries","floor":8,"turns":7},{"damage":8,"enemies":"Lots of Slimes","floor":12,"turns":4},{"damage":12,"enemies":"Exordium Thugs","floor":14,"turns":5},{"damage":39,"enemies":"Hexaghost","floor":16,"turns":7}],"seed_played":"4632747370068365538","potions_obtained":[{"floor":3,"key":"Explosive Potion"},{"floor":5,"key":"Fire Potion"},{"floor":14,"key":"Explosive Potion"}],"is_trial":false,"path_per_floor":["M","?","M","$","M","R","?","E","T","R","?","M","R","M","R","B"],"character_chosen":"THE_SILENT","items_purchased":["Dagger Spray","Caltrops"],"campfire_rested":0,"item_purchase_floors":[4,4],"current_hp_per_floor":[50,55,52,52,52,52,52,31,31,40,40,32,41,29,38,0,0],"gold":62,"neow_bonus":"HUNDRED_GOLD","is_daily":false,"chose_seed":false,"campfire_upgraded":4,"win_rate":0.0,"timestamp":1612641003,"path_taken":["M","?","M","$","M","R","?","E","T","R","?","?","R","M","R","BOSS"],"items_purchased_type":["Card","Card"],"build_version":"2020-12-22","purchased_purges":1,"victory":false,"max_hp_per_floor":[66,71,71,71,71,71,71,71,71,71,71,71,71,71,71,71,71],"relic_stats":{"counters":[7,38],"Dead Branch":[28],"Eternal Feather":27,"obtain_stats":[{"Dead Branch":8,"Eternal Feather":9,"Ring of the Snake":0,"WarpedTongs":11},{"Dead Branch":4,"Eternal Feather":4,"Ring of the Snake":0,"WarpedTongs":4},{"Dead Branch":22,"Eternal Feather":22,"Ring of the Snake":0,"WarpedTongs":22}],"Ring of the Snake":[14],"WarpedTongs":[16]},"card_choices":[{"not_picked":["Deflect","Tactician"],"picked":"PiercingWail","floor":1},{"not_picked":["Deflect","Bane"],"picked":"Deadly Poison","floor":3},{"not_picked":["Deflect","Choke"],"picked":"Quick Slash","floor":5},{"not_picked":["Flechettes","Heel Hook"],"picked":"Cloak And Dagger","floor":8},{"not_picked":["Expertise","Dodge and Roll","Underhanded Strike"],"picked":"SKIP","floor":12},{"not_picked":["Deflect","Dodge and Roll","Bane"],"picked":"SKIP","floor":14}],"player_experience":787416,"relics_obtained":[{"floor":8,"key":"Dead Branch"},{"floor":9,"key":"Eternal Feather"}],"event_choices":[{"damage_healed":0,"gold_gain":0,"player_choice":"Donut","damage_taken":0,"max_hp_gain":5,"max_hp_loss":0,"event_name":"Big Fish","floor":2,"gold_loss":0},{"cards_removed":["Strike_G"],"damage_healed":0,"gold_gain":0,"player_choice":"Card Removal","damage_taken":0,"max_hp_gain":0,"max_hp_loss":0,"event_name":"The Cleric","floor":7,"gold_loss":75},{"damage_healed":0,"gold_gain":0,"player_choice":"Rummage","damage_taken":0,"relics_obtained":["WarpedTongs"],"max_hp_gain":0,"max_hp_loss":0,"event_name":"Accursed Blacksmith","floor":11,"gold_loss":0,"cards_obtained":["Pain"]}],"is_beta":false,"boss_relics":[],"items_purged_floors":[4],"is_endless":false,"potions_floor_spawned":[3,5,14],"killed_by":"Hexaghost","ascension_level":20}}