{"host":"c44ey07ufggfw2m8","time":1612595145,"event":{"mods":["2.2 Compatiblity","BaseMod","Colored Map","DeckTracker","Highlight Path","Keyboard Shortcuts","Minty Spire (QoL Compilation)","Permanent Neow","Quick Restart","StSLib","SuperFastMode","UnlockEverythingMod"],"gold_per_floor":[114,114,126,126,201,241,264,307,334,320,341,341,384,39,39,170,170,183,183,282,322,11,11,35,50,50,66,66,81,112,131,131,252,252,270,270,285,122,147,147,168,168,216,216,230,230,243,257,257,257,257],"floor_reached":50,"language":"KOR","playtime":2111,"items_purged":["Strike_G","Riddle With Holes"],"score":842,"play_id":"e4f8ddf5-c17a-44d2-8058-e21c5e3d9c72","local_time":"20210206160545","is_ascension_mode":true,"campfire_choices":[{"data":"Bouncing Flask","floor":15,"key":"SMITH"},{"data":"Burst","floor":23,"key":"SMITH"},{"data":"Prepared","floor":28,"key":"SMITH"},{"data":"Night Terror","floor":32,"key":"SMITH"},{"data":"Reflex","floor":40,"key":"SMITH"},{"data":"Doppelganger","floor":42,"key":"SMITH"},{"data":"Prepared","floor":44,"key":"SMITH"},{"data":"Ghostly","floor":46,"key":"SMITH"},{"data":"Sadistic Nature","floor":49,"key":"SMITH"}],"circlet_count":0,"master_deck":["AscendersBane","Survivor","Neutralize","Escape Plan","Backflip","Dagger Spray","Masterful Stab","Dagger Throw","Bouncing Flask+1","Terror","Reflex+1","Night Terror+1","Crippling Poison","Doppelganger+1","Heel Hook","Predator","Poisoned Stab","Burst+1","Sucker Punch","Phantasmal Killer","PiercingWail","Ghostly","Ghostly","Ghostly","Ghostly","Ghostly+1","Outmaneuver+1","Concentrate","Prepared+1","Escape Plan","Sadistic Nature+1","Prepared+1"],"relics":["Ring of the Snake","NeowsBlessing","Anchor","Golden Idol","Oddly Smooth Stone","MealTicket","Toy Ornithopter","Bag of Preparation","TwistedFunnel","Pandora\u0027s Box","Red Mask","Chemical X","Pear","Mummified Hand","Busted Crown","Blood Vial"],"acts_visited":["Exordium","TheCity","TheBeyond"],"potions_floor_usage":[8,8,13,21,24,30,31,33,50,50],"damage_taken":[{"damage":0.0,"enemies":"2 Louse","floor":1.0,"turns":1.0},{"damage":0.0,"enemies":"Cultist","floor":3.0,"turns":1.0},{"damage":0,"enemies":"Gremlin Nob","floor":6,"turns":1},{"damage":0,"enemies":"Small Slimes","floor":7,"turns":2},{"damage":8,"enemies":"Lagavulin","floor":8,"turns":8},{"damage":0,"enemies":"Exordium Thugs","floor":10,"turns":4},{"damage":0,"enemies":"Blue Slaver","floor":11,"turns":2},{"damage":17,"enemies":"Gremlin Nob","floor":13,"turns":4},{"damage":22,"enemies":"Slime Boss","floor":16,"turns":9},{"damage":8,"enemies":"3 Byrds","floor":18,"turns":3},{"damage":14,"enemies":"Masked Bandits","floor":21,"turns":4},{"damage":3,"enemies":"Spheric Guardian","floor":24,"turns":4},{"damage":3,"enemies":"3 Cultists","floor":25,"turns":6},{"damage":3,"enemies":"Snake Plant","floor":27,"turns":3},{"damage":1,"enemies":"Centurion and Healer","floor":29,"turns":4},{"damage":9,"enemies":"Gremlin Leader","floor":30,"turns":8},{"damage":2,"enemies":"3 Cultists","floor":31,"turns":4},{"damage":41,"enemies":"Collector","floor":33,"turns":13},{"damage":29,"enemies":"3 Darklings","floor":35,"turns":10},{"damage":0,"enemies":"Orb Walker","floor":37,"turns":3},{"damage":12,"enemies":"Sphere and 2 Shapes","floor":39,"turns":4},{"damage":1,"enemies":"4 Shapes","floor":41,"turns":5},{"damage":1,"enemies":"Transient","floor":45,"turns":5},{"damage":1,"enemies":"Maw","floor":47,"turns":7},{"damage":0,"enemies":"Spire Growth","floor":48,"turns":4},{"damage":19,"enemies":"Awakened One","floor":50,"turns":12}],"seed_played":"3273534634179499833","potions_obtained":[{"floor":1.0,"key":"BlessingOfTheForge"},{"floor":6,"key":"BlessingOfTheForge"},{"floor":7,"key":"DistilledChaos"},{"floor":8,"key":"GamblersBrew"},{"floor":16,"key":"Fire Potion"},{"floor":24,"key":"Fruit Juice"},{"floor":25,"key":"DistilledChaos"},{"floor":27,"key":"Dexterity Potion"},{"floor":30,"key":"Swift Potion"},{"floor":35,"key":"Poison Potion"},{"floor":41,"key":"LiquidMemories"},{"floor":45,"key":"Swift Potion"}],"is_trial":false,"path_per_floor":["M","?","M","?","?","E","M","E","T","M","M","?","E","$","R","B",null,"M","?","?","?","$","R","M","M","T","M","R","M","E","M","R","B",null,"M","?","M","$","M","R","M","R","T","R","M","R","M","M","R","B"],"character_chosen":"THE_SILENT","items_purchased":["Terror","Reflex","TwistedFunnel","Concentrate","Chemical X","Sadistic Nature"],"campfire_rested":0,"item_purchase_floors":[14,14,14,22,22,38],"current_hp_per_floor":[63,63,63,63,57,57,57,49,49,49,49,49,37,52,52,30,56,48,32,32,18,32,32,37,34,44,41,41,40,36,39,39,3,36,7,7,7,22,10,10,9,9,9,9,10,10,11,13,13,6,6],"gold":257,"neow_bonus":"THREE_ENEMY_KILL","is_daily":false,"chose_seed":false,"campfire_upgraded":9,"win_rate":0.0,"timestamp":1612595145,"path_taken":["M","?","?","?","?","E","M","E","T","M","?","?","E","$","R","BOSS","M","?","?","?","?","R","M","M","T","M","R","M","E","M","R","BOSS","M","?","M","$","M","R","M","R","T","R","M","R","M","?","R","BOSS"],"items_purchased_type":["Card","Card","Relic","Card","Relic","Card"],"build_version":"2020-12-22","purchased_purges":2,"victory":false,"max_hp_per_floor":[70,70,70,65,65,65,65,65,65,65,65,65,65,65,65,65,65,65,32,32,32,32,32,37,37,47,47,47,47,47,47,47,47,47,47,47,47,47,47,47,47,47,47,47,47,47,47,47,47,47,47],"card_choices":[{"not_picked":["Dodge and Roll","Heel Hook"],"picked":"Escape Plan","floor":1.0},{"not_picked":["PiercingWail","Endless Agony"],"picked":"Backflip","floor":3.0},{"not_picked":["Backflip","Deflect"],"picked":"Dagger Spray","floor":6},{"not_picked":["Slice","Choke"],"picked":"Masterful Stab","floor":7},{"not_picked":["Underhanded Strike","All Out Attack"],"picked":"Sucker Punch","floor":8},{"not_picked":["Grand Finale","Deflect"],"picked":"Dagger Throw","floor":10},{"not_picked":["Infinite Blades","Caltrops"],"picked":"Riddle With Holes","floor":11},{"not_picked":["Underhanded Strike","Bane"],"picked":"Bouncing Flask","floor":13},{"not_picked":["Doppelganger","Glass Knife"],"picked":"Night Terror","floor":16},{"not_picked":["Acrobatics","Dagger Spray"],"picked":"PiercingWail","floor":18},{"not_picked":["Reflex","Poisoned Stab"],"picked":"Outmaneuver+1","floor":21},{"not_picked":["Slice","Endless Agony","Underhanded Strike+1"],"picked":"SKIP","floor":24},{"not_picked":["Distraction+1","A Thousand Cuts","Flying Knee"],"picked":"SKIP","floor":25},{"not_picked":["Reflex","Slice"],"picked":"Prepared","floor":27},{"not_picked":["Blade Dance","Cloak And Dagger","Die Die Die"],"picked":"SKIP","floor":29},{"not_picked":["Outmaneuver","Endless Agony+1"],"picked":"Escape Plan","floor":30},{"not_picked":["Infinite Blades","Dodge and Roll","Outmaneuver"],"picked":"SKIP","floor":31},{"not_picked":["Slice"],"picked":"SKIP","floor":35},{"not_picked":["Dodge and Roll+1"],"picked":"SKIP","floor":37},{"not_picked":["Masterful Stab"],"picked":"SKIP","floor":39},{"not_picked":[],"picked":"Prepared","floor":41},{"not_picked":["Deflect"],"picked":"SKIP","floor":45},{"not_picked":["Poisoned Stab"],"picked":"SKIP","floor":47},{"not_picked":["Flechettes"],"picked":"SKIP","floor":48}],"player_experience":110586,"relics_obtained":[{"floor":6,"key":"Oddly Smooth Stone"},{"floor":8,"key":"MealTicket"},{"floor":9,"key":"Toy Ornithopter"},{"floor":13,"key":"Bag of Preparation"},{"floor":21,"key":"Red Mask"},{"floor":26,"key":"Pear"},{"floor":30,"key":"Mummified Hand"},{"floor":43,"key":"Blood Vial"}],"event_choices":[{"damage_healed":0.0,"max_hp_gain":0.0,"max_hp_loss":0.0,"gold_gain":0.0,"event_name":"WeMeetAgain","player_choice":"Gave Potion","floor":2.0,"gold_loss":0.0,"damage_taken":0.0,"relics_obtained":["Anchor"]},{"damage_healed":0.0,"max_hp_gain":0.0,"max_hp_loss":5.0,"gold_gain":0.0,"event_name":"Golden Idol","player_choice":"Lose Max HP","floor":4.0,"gold_loss":0.0,"damage_taken":0.0,"relics_obtained":["Golden Idol"]},{"damage_healed":0,"gold_gain":75,"player_choice":"Touch","damage_taken":6,"max_hp_gain":0,"max_hp_loss":0,"event_name":"FaceTrader","floor":5,"gold_loss":0},{"cards_removed":["Strike_G"],"damage_healed":0,"gold_gain":0,"player_choice":"Offered Basic","damage_taken":0,"max_hp_gain":0,"max_hp_loss":0,"event_name":"Bonfire Elementals","floor":12,"gold_loss":0},{"damage_healed":0,"gold_gain":0,"player_choice":"Became a Ghost","damage_taken":0,"max_hp_gain":0,"max_hp_loss":33,"event_name":"Ghosts","floor":19,"gold_loss":0,"cards_obtained":["Ghostly","Ghostly","Ghostly","Ghostly","Ghostly"]},{"damage_healed":0,"gold_gain":99,"player_choice":"Stole From Cult","damage_taken":0,"max_hp_gain":0,"max_hp_loss":0,"event_name":"Nest","floor":20,"gold_loss":0},{"damage_healed":0,"gold_gain":0,"player_choice":"Fought Bandits","damage_taken":0,"max_hp_gain":0,"max_hp_loss":0,"event_name":"Masked Bandits","floor":21,"gold_loss":0},{"cards_removed":["Sucker Punch"],"damage_healed":0,"gold_gain":0,"player_choice":"Purged","damage_taken":0,"max_hp_gain":0,"max_hp_loss":0,"event_name":"Purifier","floor":36,"gold_loss":0}],"is_beta":false,"boss_relics":[{"not_picked":["Philosopher\u0027s Stone","Runic Pyramid"],"picked":"Pandora\u0027s Box"},{"not_picked":["Runic Dome","Empty Cage"],"picked":"Busted Crown"}],"items_purged_floors":[14,22],"is_endless":false,"potions_floor_spawned":[1,6,7,8,16,24,25,27,29,30,35,41,45],"killed_by":"Awakened One","ascension_level":11}}