{"host":"ishme5wb80o83upk","time":1612606248,"event":{"mods":["BaseMod","HololiveMod","Minty Spire (QoL Compilation)","StSLib"],"gold_per_floor":[86,106,120,133,133,160,12,39,39,57,57,91,91,102,102,176,176,194,207,218,230,230,259,184,184,184,210,110,139,152,152,152,225,225,238,289,289,305,325,357,357,387,387,412,412,412,431,446,446,446,446,446,301,334,334],"floor_reached":56,"language":"KOR","playtime":2640,"items_purged":["Hololive_Defend","Hololive_Defend"],"score":2949,"play_id":"f450f54f-932a-4155-9d94-1e51af9ddb30","local_time":"20210206191048","is_ascension_mode":true,"campfire_choices":[{"data":"Hololive_CallDoris","floor":11,"key":"SMITH"},{"data":"Hololive_CallAmaneKanata","floor":13,"key":"SMITH"},{"data":"Hololive_CallAZKi","floor":15,"key":"SMITH"},{"data":"Hololive_CallArtia","floor":25,"key":"SMITH"},{"data":"Hololive_CallTsunomakiWatame","floor":32,"key":"SMITH"},{"floor":41,"key":"RECALL"},{"data":"Hololive_FlareMind","floor":46,"key":"SMITH"},{"data":"Hololive_CallHoshimachiSuisei","floor":49,"key":"SMITH"},{"data":"Hololive_CallOkamiMio","floor":52,"key":"SMITH"}],"circlet_count":0,"master_deck":["AscendersBane","Hololive_Psychosis","Hololive_CallShirakamiFubuki","Hololive_CallHoshimachiSuisei+1","Hololive_CallTokinoSora","Hololive_CallDoris+1","Hololive_CallAkaiHaato","Hololive_FlyingPonyTail","Hololive_CallArtia+1","Hololive_CallRosalyn","Hololive_CallAmaneKanata+1","Hololive_CallTsunomakiWatame+1","Hololive_CallAZKi+1","Hololive_CallNekomataOkayu","Hololive_CallOkamiMio+1","Hololive_ScarfAndHalo+1","Hololive_CallNatsuiroMatsuri","Hololive_Rebirth","Hololive_CallMurasakiShion","Hololive_FlareMind+1","Hololive_CallUruhaRushia","Hololive_StarCraft","Hololive_CallOzoraSubaru","Hololive_CallYozoraMel","Hololive_CallShiranuiFlare"],"relics":["Hololive_TheStar","Molten Egg 2","Singing Bowl","Art of War","Coffee Dripper","Kunai","Pantograph","Nunchaku","Eternal Feather","Sozu","Incense Burner","InkBottle","Blood Vial","Hololive_FriedShrimpLion","StrikeDummy","Potion Belt","Bronze Scales","Bottled Lightning"],"acts_visited":["Exordium","TheCity","TheBeyond","TheEnding"],"potions_floor_usage":[55,55],"damage_taken":[{"damage":0,"enemies":"2 Louse","floor":1,"turns":3},{"damage":0,"enemies":"Cultist","floor":2,"turns":3},{"damage":0,"enemies":"Jaw Worm","floor":3,"turns":3},{"damage":0,"enemies":"Looter","floor":4,"turns":3},{"damage":0,"enemies":"Gremlin Nob","floor":6,"turns":5},{"damage":0,"enemies":"Lagavulin","floor":8,"turns":4},{"damage":0,"enemies":"Blue Slaver","floor":10,"turns":3},{"damage":0,"enemies":"3 Sentries","floor":12,"turns":4},{"damage":0,"enemies":"Exordium Wildlife","floor":14,"turns":3},{"damage":0,"enemies":"Slime Boss","floor":16,"turns":6},{"damage":0,"enemies":"Chosen","floor":18,"turns":3},{"damage":0,"enemies":"2 Thieves","floor":19,"turns":2},{"damage":0,"enemies":"Snake Plant","floor":20,"turns":2},{"damage":0,"enemies":"Shelled Parasite and Fungi","floor":21,"turns":3},{"damage":0,"enemies":"Slavers","floor":23,"turns":5},{"damage":0,"enemies":"Book of Stabbing","floor":27,"turns":4},{"damage":0,"enemies":"Gremlin Leader","floor":29,"turns":5},{"damage":0,"enemies":"Centurion and Healer","floor":30,"turns":5},{"damage":0,"enemies":"Collector","floor":33,"turns":6},{"damage":0,"enemies":"3 Shapes","floor":35,"turns":3},{"damage":0,"enemies":"2 Orb Walkers","floor":36,"turns":3},{"damage":0,"enemies":"3 Darklings","floor":38,"turns":4},{"damage":0,"enemies":"Transient","floor":39,"turns":5},{"damage":0,"enemies":"Reptomancer","floor":40,"turns":4},{"damage":0,"enemies":"Giant Head","floor":42,"turns":7},{"damage":0,"enemies":"Nemesis","floor":44,"turns":5},{"damage":3,"enemies":"4 Shapes","floor":47,"turns":4},{"damage":0,"enemies":"3 Darklings","floor":48,"turns":3},{"damage":0,"enemies":"Donu and Deca","floor":50,"turns":7},{"damage":24,"enemies":"Shield and Spear","floor":54,"turns":6},{"damage":6,"enemies":"The Heart","floor":55,"turns":9}],"seed_played":"7502959653857784051","potions_obtained":[{"floor":2,"key":"DuplicationPotion"},{"floor":3,"key":"Energy Potion"}],"is_trial":false,"path_per_floor":["M","M","M","M","?","E","$","E","T","M","R","E","R","M","R","B",null,"M","M","M","M","?","E","?","R","T","E","$","E","M","?","R","B",null,"M","?","T","M","M","E","R","E","T","E","$","R","M","M","R","B",null,"R","$","E","B",null],"character_chosen":"Hololive_HololiveCharacter","items_purchased":["Hololive_CallAZKi","Bronze Scales"],"campfire_rested":0,"item_purchase_floors":[7,53],"current_hp_per_floor":[27,27,27,27,23,23,23,23,23,25,25,25,25,27,27,27,32,34,34,36,36,36,38,38,38,38,40,40,40,42,42,44,44,44,46,46,46,46,46,46,46,48,48,48,48,48,47,51,52,52,52,52,52,30,48],"gold":334,"neow_bonus":"THREE_CARDS","is_daily":false,"chose_seed":false,"campfire_upgraded":8,"win_rate":0.0,"timestamp":1612606248,"path_taken":["M","M","M","M","?","E","$","E","T","M","R","E","R","?","R","BOSS","M","M","M","M","?","E","?","R","T","E","?","E","M","?","R","BOSS","M","?","?","M","M","E","R","E","T","E","?","R","M","M","R","BOSS","R","$","E","BOSS"],"items_purchased_type":["Card","Relic"],"build_version":"2020-12-22","purchased_purges":2,"victory":true,"max_hp_per_floor":[30,30,30,30,30,30,30,30,30,32,32,32,32,34,34,34,34,36,36,38,38,38,40,40,40,40,42,42,42,44,44,44,44,44,46,46,46,46,46,46,46,48,48,48,48,48,50,52,52,52,52,52,52,54,54],"card_choices":[{"not_picked":["Hololive_CallHoshimachiSuisei","Hololive_Psychosis"],"picked":"Hololive_FlyingPonyTail","floor":0},{"not_picked":["Hololive_Trident","Hololive_Sequa","Hololive_CocoNews"],"picked":"Hololive_CallArtia","floor":1},{"not_picked":["Hololive_HuntDinosaur","Hololive_LuckPotion","Hololive_CallYogiri"],"picked":"Hololive_CallRosalyn","floor":2},{"not_picked":["Hololive_Drill","Hololive_Sequa","Hololive_Breathe"],"picked":"Hololive_CallAmaneKanata","floor":3},{"not_picked":["Hololive_Rebound","Hololive_HuntDinosaur","Hololive_OvertimeWork","Hololive_LuckPotion"],"picked":"SKIP","floor":4},{"not_picked":["Hololive_CallOzoraSubaru","Hololive_HuntDinosaur","Hololive_RevenueBasedLive"],"picked":"Hololive_CallTsunomakiWatame","floor":6},{"not_picked":["Hololive_Rebound","Hololive_Psychosis+1","Hololive_DiamondStrike+1"],"picked":"Hololive_CallNekomataOkayu","floor":8},{"not_picked":["Hololive_HuntDinosaur","Hololive_DevilCharm","Hololive_StrengthChampion+1","Hololive_FlyingPonyTail"],"picked":"Singing Bowl","floor":10},{"not_picked":["Hololive_CallManoAloe","Hololive_HuntDinosaur","Hololive_Sequa+1"],"picked":"Hololive_CallOkamiMio","floor":12},{"not_picked":["Hololive_Sequa+1","Hololive_CallAiraniIofifteen","Hololive_Drill+1","Hololive_Breathe"],"picked":"Singing Bowl","floor":14},{"not_picked":["Hololive_IdolExercise","Hololive_HighAtkLowDef","Hololive_MaximGun+1"],"picked":"Hololive_ScarfAndHalo+1","floor":16},{"not_picked":["Hololive_RevenueBasedLive","Hololive_LuckPotion+1","Hololive_FlyingPonyTail","Hololive_CallOmaruPolka"],"picked":"Singing Bowl","floor":18},{"not_picked":["Hololive_Psychosis+1","Hololive_SummonFox","Hololive_Rebound"],"picked":"Hololive_CallNatsuiroMatsuri","floor":19},{"not_picked":["Hololive_Breathe","Hololive_HuntDinosaur","Hololive_RevenueBasedLive","Hololive_Watashimo"],"picked":"Singing Bowl","floor":20},{"not_picked":["Hololive_Sequa+1","Hololive_Trident+1","Hololive_CandyCastle"],"picked":"Hololive_Rebirth","floor":21},{"not_picked":["Hololive_SummonFox","Hololive_HuntDinosaur","Hololive_CocoNews+1","Hololive_Psychosis+1"],"picked":"Singing Bowl","floor":23},{"not_picked":["Hololive_CallMinatoAqua","Hololive_StrengthChampion+1","Hololive_ASMR+1","Hololive_CallTokinoSora"],"picked":"Singing Bowl","floor":27},{"not_picked":["Hololive_Trident+1","Hololive_OvertimeWork+1","Hololive_Drill+1"],"picked":"Hololive_CallMurasakiShion","floor":29},{"not_picked":["Hololive_StrengthChampion+1","Hololive_CallAyundaRisu","Hololive_LuckPotion","Hololive_CocoNews+1"],"picked":"Singing Bowl","floor":30},{"not_picked":["Hololive_AWSL","Hololive_DurableLive","Hololive_OpenUp+1"],"picked":"Hololive_FlareMind","floor":33},{"not_picked":["Hololive_CocoNews+1","Hololive_HuntDinosaur+1","Hololive_FlyingPonyTail","Hololive_CallShirakamiFubuki"],"picked":"Singing Bowl","floor":35},{"not_picked":["Hololive_FlyingPonyTail","Hololive_StrengthChampion+1","Hololive_CallTokinoSora"],"picked":"Hololive_CallUruhaRushia","floor":36},{"not_picked":["Hololive_CallOmaruPolka","Hololive_Breathe","Hololive_LuckPotion"],"picked":"Hololive_StarCraft","floor":38},{"not_picked":["Hololive_FlyingPonyTail","Hololive_CocoNews+1","Hololive_Psychosis+1"],"picked":"Hololive_CallOzoraSubaru","floor":39},{"not_picked":["Hololive_Breathe","Hololive_CallAyundaRisu","Hololive_ScarfAndHalo+1"],"picked":"Hololive_CallYozoraMel","floor":40},{"not_picked":["Hololive_Recruit","Hololive_Psychosis+1","Hololive_CallHoshimachiSuisei","Hololive_RevenueBasedLive"],"picked":"Singing Bowl","floor":42},{"not_picked":["Hololive_ManjiGathering+1","Hololive_CallOzoraSubaru+1","Hololive_Psychosis+1"],"picked":"Hololive_CallShiranuiFlare","floor":44},{"not_picked":["Hololive_StrengthChampion+1","Hololive_OvertimeWork+1","Hololive_WolfAndLamb","Hololive_CallNatsuiroMatsuri"],"picked":"Singing Bowl","floor":47},{"not_picked":["Hololive_CallNekomataOkayu","Hololive_LuckPotion","Hololive_HuntDinosaur+1","Hololive_CallOkamiMio"],"picked":"Singing Bowl","floor":48},{"not_picked":["Hololive_Recruit","Hololive_CallDoris+1","Hololive_LuckPotion+1","Hololive_RevenueBasedLive"],"picked":"Singing Bowl","floor":54}],"player_experience":1112546,"relics_obtained":[{"floor":6,"key":"Molten Egg 2"},{"floor":8,"key":"Singing Bowl"},{"floor":12,"key":"Art of War"},{"floor":23,"key":"Kunai"},{"floor":26,"key":"Pantograph"},{"floor":27,"key":"Nunchaku"},{"floor":29,"key":"Eternal Feather"},{"floor":36,"key":"Incense Burner"},{"floor":37,"key":"InkBottle"},{"floor":40,"key":"Blood Vial"},{"floor":42,"key":"Hololive_FriedShrimpLion"},{"floor":43,"key":"StrikeDummy"},{"floor":44,"key":"Potion Belt"},{"floor":54,"key":"Bottled Lightning"}],"event_choices":[{"damage_healed":0,"gold_gain":0,"player_choice":"Damaged","damage_taken":4,"max_hp_gain":0,"max_hp_loss":0,"event_name":"Wheel of Change","floor":5,"gold_loss":0},{"damage_healed":0,"gold_gain":0,"player_choice":"Ignored","damage_taken":0,"max_hp_gain":0,"max_hp_loss":0,"event_name":"The Mausoleum","floor":22,"gold_loss":0},{"cards_removed":["Hololive_Strike"],"damage_healed":0,"gold_gain":0,"player_choice":"Gave Gold","damage_taken":0,"max_hp_gain":0,"max_hp_loss":0,"event_name":"Beggar","floor":24,"gold_loss":75},{"cards_removed":["Hololive_Strike"],"damage_healed":0,"gold_gain":0,"player_choice":"Elegance","damage_taken":0,"max_hp_gain":0,"max_hp_loss":0,"event_name":"Back to Basics","floor":31,"gold_loss":0},{"damage_healed":0,"gold_gain":0,"player_choice":"Fight","damage_taken":0,"max_hp_gain":0,"max_hp_loss":0,"event_name":"Mysterious Sphere","floor":36,"gold_loss":0}],"is_beta":false,"boss_relics":[{"not_picked":["Black Star","Velvet Choker"],"picked":"Coffee Dripper"},{"not_picked":["SacredBark","Fusion Hammer"],"picked":"Sozu"}],"items_purged_floors":[7,28],"is_endless":false,"potions_floor_spawned":[2,3,6,14,19,21,27,30,33,38,40,44],"ascension_level":15}}