{"host":"2xnjhc1nuqzfyzm4","time":1612575709,"event":{"mods":["100% Spire Juice","Act Like it!","Arknights","BaseMod","Beaked The Cultist","Bestiary","Better Match","Better Note","Better Sensory Stone","Better Third Choice","Block Reminder","CapriCore","CatGirl Mod","ChefMod","Colored Powertips","Displayed Cursed Tome","Dota2Spire","Downfall","Ekko","Elementarium","GungeonMod","Hallownest","Hermit","Hubris","Humility","Infinite Spire","Jedi Mod","Jorbs\u0027s Wanderer Trilogy","Luminous","Mad Scientist","Marisa????????","Menagerie","Minty Spire (QoL Compilation)","Potionbrewer","Prisma Mod","QueenMod","Relic Stats","Reliquary","Replay The Spire","Robot Space Explorer","SIMod","Shade Mod","Spikes Relics","StSLib","The Alterego","The Animator","The Blackbeard","The Bug Knight","The Cursed","The Death Knight","The Disciple","The Dragon Tamer","The Dragonkin","The Druid","The Elementalist","The Exalted","The Fake Hero","The Florist","The Gatherer","The Hayseed","The Hierophant","The Immortal","The Jungle","The Mystic","The Necromancer","The Poker Player","The Runesmith","The Sage","The Senshi","The Servant 0.9.4","The Showman","The Valiant","The Wild Card","TheBandit","TheSwordswoman","TheVacant","TheVelvet","TheWitcher","Trackpad","Waifu the Spire","WarShipGirlsR/????R mod","Yakumo Yukari mod"],"gold_per_floor":[115,115,0,0,12,44,44,44,44],"floor_reached":8,"language":"ENG","playtime":264,"items_purged":[],"score":79,"play_id":"a64b754e-732c-428f-bc4a-fb2a620efebb","local_time":"20210205174149","is_ascension_mode":false,"campfire_choices":[{"floor":7,"key":"RECALL"}],"circlet_count":0,"master_deck":["Strike_G","Strike_G","Strike_G","Strike_G","Strike_G","Defend_G","Defend_G","Defend_G","Defend_G","Defend_G","Survivor","Neutralize","Dagger Spray","Blade Dance","Footwork"],"relics":["Ring of the Snake","NeowsBlessing","DemoMod:GnawedKey","hubris:TenFootPole","infinitespire:Bottled Soul"],"acts_visited":["Exordium"],"potions_floor_usage":[8],"damage_taken":[{"damage":0,"enemies":"Small Slimes","floor":1,"turns":1},{"damage":0,"enemies":"2 Louse","floor":5,"turns":1},{"damage":0,"enemies":"3 Sentries","floor":6,"turns":1},{"damage":13,"enemies":"Gremlin Nob","floor":8,"turns":3}],"seed_played":"-1672455700792246878","potions_obtained":[{"floor":1,"key":"Dexterity Potion"}],"is_trial":false,"path_per_floor":["M","?","$","?","M","E","R","E"],"character_chosen":"THE_SILENT","items_purchased":["DemoMod:GnawedKey"],"campfire_rested":0,"item_purchase_floors":[3],"current_hp_per_floor":[70,70,70,45,45,45,45,32,32],"gold":44,"neow_bonus":"THREE_ENEMY_KILL","is_daily":false,"chose_seed":false,"campfire_upgraded":0,"win_rate":0.0,"timestamp":1612575709,"path_taken":["M","?","$","?","M","E","R","E"],"items_purchased_type":["Relic"],"build_version":"2020-12-22","purchased_purges":0,"victory":false,"max_hp_per_floor":[70,70,70,70,70,70,70,70,70],"relic_stats":{"counters":[4,6],"obtain_stats":[{"NeowsBlessing":0,"infinitespire:Bottled Soul":6,"DemoMod:GlassGuonStoneRelic":1,"DemoMod:GnawedKey":3,"hubris:TenFootPole":4,"Ring of the Snake":0},{"NeowsBlessing":0,"infinitespire:Bottled Soul":3,"DemoMod:GlassGuonStoneRelic":1,"DemoMod:GnawedKey":1,"hubris:TenFootPole":1,"Ring of the Snake":0},{"NeowsBlessing":0,"infinitespire:Bottled Soul":3,"DemoMod:GlassGuonStoneRelic":1,"DemoMod:GnawedKey":1,"hubris:TenFootPole":1,"Ring of the Snake":0}],"Ring of the Snake":[8]},"card_choices":[{"not_picked":["Calculated Gamble","Quick Slash"],"picked":"Dagger Spray","floor":1},{"not_picked":["Leg Sweep","Reflex"],"picked":"Blade Dance","floor":5},{"not_picked":["Dash","jedi:acidrain"],"picked":"Footwork","floor":6}],"player_experience":194961,"relics_obtained":[{"floor":6,"key":"infinitespire:Bottled Soul"}],"event_choices":[{"damage_healed":0,"gold_gain":0,"player_choice":"Relic ","damage_taken":25,"max_hp_gain":0,"max_hp_loss":0,"event_name":"betterThird:BetterScrap","floor":4,"gold_loss":0,"cards_obtained":["Bloodletting"]}],"is_beta":false,"boss_relics":[],"items_purged_floors":[],"is_endless":false,"potions_floor_spawned":[1],"killed_by":"Gremlin Nob","ascension_level":0,"is_humility":true}}