{"host":"o9lehcdjc4u6j9un","time":1612651564,"event":{"mods":["BaseMod","Better-Laid Plans","Colored Map","Downfall","Hermit","Marisa£®ÏF”Í°°ƒß¿Ì…≥£©","Minty Spire (QoL Compilation)","Reimu£®≤©¿ˆ¡È√Œ£©","Remilia£®¿Ÿ√◊¿Ú—«£©","StSLib","The Runesmith","The Senshi"],"gold_per_floor":[110,122,122,13,30,63,63,63,89,1,36,49,14,44,44,143,143,155,30,30,45,65,65,91,109,135,166,185,195,213,15,15,119,119,138,151,170,170,170],"floor_reached":38,"language":"ZHS","playtime":3529,"items_purged":["Strike_Lin:ReiMu","Strike_Lin:ReiMu","Strike_Lin:ReiMu","Defend_Lin:ReiMu"],"score":513,"play_id":"484b13c1-c289-463c-9f73-c7265961b311","local_time":"20210207064604","is_ascension_mode":false,"campfire_choices":[{"floor":8,"key":"REST"},{"data":"Gathering:ReiMu","floor":15,"key":"SMITH"},{"floor":23,"key":"REST"},{"data":"SpringWay:ReiMu","floor":32,"key":"SMITH"}],"circlet_count":0,"master_deck":["Defend_Lin:ReiMu","Defend_Lin:ReiMu","Defend_Lin:ReiMu","NB:ReiMu","Stagnation:ReiMu","EmergencyTakeOff:ReiMu","CareerPray:ReiMu","Gathering:ReiMu+1","Revelation:ReiMu","CareerPray:ReiMu+1","OrbThrow:ReiMu","SealNeedle:ReiMu","AirStrike:ReiMu","Authority:ReiMu","SpringWay:ReiMu+1","Iron Wave","ForcedLanding:ReiMu","Amulet:ReiMu+1","Enchanting:ReiMu","Amulet:ReiMu","Enchanting:ReiMu","LovePray:ReiMu+1","SafetyPray:ReiMu","DependentForm:ReiMu","CurseOfTheBell","PrepareRite:ReiMu+1","Amulet:ReiMu+1","SubcavityInstant:ReiMu","KamiSacrifice:ReiMu+1","Amulet:ReiMu+1","RainPray2:ReiMu"],"relics":["FlyPower:ReiMu","RuthlessExorcism:ReiMu","MealTicket","MawBank","HornCleat","Anchor","Black Star","TurtleShell:ReiMu","Lantern","War Paint","Vajra","Dream Catcher","Calling Bell","PreservedInsect","Question Card","Prayer Wheel"],"acts_visited":["Exordium","TheCity","TheBeyond"],"potions_floor_usage":[6,14,16,16,24,27,29,30,36,38],"damage_taken":[{"damage":0,"enemies":"Jaw Worm","floor":1,"turns":4},{"damage":0,"enemies":"Small Slimes","floor":2,"turns":3},{"damage":0,"enemies":"2 Louse","floor":5,"turns":3},{"damage":32,"enemies":"3 Sentries","floor":6,"turns":12},{"damage":4,"enemies":"Lagavulin","floor":11,"turns":5},{"damage":6,"enemies":"Gremlin Gang","floor":12,"turns":4},{"damage":0,"enemies":"3 Sentries","floor":14,"turns":4},{"damage":12,"enemies":"The Guardian","floor":16,"turns":8},{"damage":4,"enemies":"Spheric Guardian","floor":18,"turns":4},{"damage":0,"enemies":"Chosen","floor":21,"turns":4},{"damage":24,"enemies":"Snake Plant","floor":22,"turns":5},{"damage":25,"enemies":"Book of Stabbing","floor":24,"turns":7},{"damage":10,"enemies":"Cultist and Chosen","floor":25,"turns":5},{"damage":0,"enemies":"Slavers","floor":27,"turns":4},{"damage":0,"enemies":"Centurion and Healer","floor":28,"turns":5},{"damage":0,"enemies":"Shelled Parasite and Fungi","floor":29,"turns":5},{"damage":0,"enemies":"Sentry and Sphere","floor":30,"turns":3},{"damage":18,"enemies":"Champ","floor":33,"turns":11},{"damage":0,"enemies":"Orb Walker","floor":35,"turns":4},{"damage":1,"enemies":"3 Darklings","floor":36,"turns":8},{"damage":63,"enemies":"Transient","floor":37,"turns":5},{"damage":8,"enemies":"4 Shapes","floor":38,"turns":6}],"seed_played":"8385753726713882803","potions_obtained":[{"floor":2,"key":"SpeedPotion"},{"floor":5,"key":"FearPotion"},{"floor":12,"key":"Fire Potion"},{"floor":14,"key":"ColorlessPotion"},{"floor":22,"key":"Weak Potion"},{"floor":25,"key":"Fire Potion"},{"floor":27,"key":"Block Potion"},{"floor":28,"key":"Swift Potion"},{"floor":29,"key":"SteroidPotion"},{"floor":33,"key":"Block Potion"},{"floor":35,"key":"champ:CounterPotion"}],"is_trial":false,"path_per_floor":["M","M","?","$","M","E","?","R","T","$","E","M","?","E","R","B",null,"M","$","?","M","M","R","E","M","T","E","M","M","M","$","R","B",null,"M","M","M","M"],"character_chosen":"REIMU","items_purchased":["Gathering:ReiMu","SafetyPray:ReiMu"],"campfire_rested":2,"item_purchase_floors":[4,31],"current_hp_per_floor":[71,71,71,71,71,39,21,42,42,57,53,47,64,64,64,52,71,67,71,71,71,47,68,43,33,33,33,33,33,33,48,48,30,71,71,70,7,0,0],"gold":170,"neow_bonus":"TEN_PERCENT_HP_BONUS","is_daily":false,"chose_seed":false,"campfire_upgraded":2,"win_rate":0.0,"timestamp":1612651564,"path_taken":["M","M","?","$","M","E","?","R","T","$","E","M","?","E","R","BOSS","M","$","?","M","M","R","E","M","T","E","?","M","M","$","R","BOSS","M","M","M","M"],"items_purchased_type":["Card","Card"],"build_version":"2020-12-22","purchased_purges":4,"victory":false,"max_hp_per_floor":[71,71,71,71,71,71,71,71,71,71,71,71,71,71,71,71,71,71,71,71,71,71,71,71,71,71,71,71,71,71,71,71,71,71,71,71,71,71,71],"card_choices":[{"not_picked":["AlertArray:ReiMu","FoulBorder2:ReiMu"],"picked":"EmergencyTakeOff:ReiMu","floor":1},{"not_picked":["FantasyMoon:ReiMu","UniversalSpiritual:ReiMu"],"picked":"CareerPray:ReiMu","floor":2},{"not_picked":["DoubleButterfly:ReiMu","Conquer:ReiMu"],"picked":"Revelation:ReiMu","floor":5},{"not_picked":["Meditation:ReiMu","AlertArray:ReiMu"],"picked":"CareerPray:ReiMu","floor":6},{"not_picked":["TightArray:ReiMu","FoulBorder2:ReiMu"],"picked":"OrbThrow:ReiMu","floor":11},{"not_picked":["EmergencyTakeOff:ReiMu","FineLineFantasy:ReiMu"],"picked":"SealNeedle:ReiMu","floor":12},{"not_picked":["OrbThrow:ReiMu","SubAcupoint:ReiMu"],"picked":"AirStrike:ReiMu","floor":14},{"not_picked":["CleanRite:ReiMu","PrayRite:ReiMu"],"picked":"Authority:ReiMu","floor":16},{"not_picked":["CollectionFlower2:ReiMu","RainPray2:ReiMu"],"picked":"SpringWay:ReiMu","floor":18},{"not_picked":["MountainWay:ReiMu","TightArray:ReiMu"],"picked":"ForcedLanding:ReiMu","floor":21},{"not_picked":["Intuition:ReiMu","WonderfulDomain:ReiMu+1"],"picked":"Amulet:ReiMu","floor":22},{"not_picked":["AlertArray:ReiMu","PayForSelf:ReiMu","CeremonyResonance:ReiMu"],"picked":"SKIP","floor":24},{"not_picked":["MountainWay:ReiMu","AlertArray:ReiMu"],"picked":"Enchanting:ReiMu","floor":25},{"not_picked":["SubAcupoint:ReiMu+1","ManaGlint:ReiMu"],"picked":"Amulet:ReiMu","floor":27},{"not_picked":["SpreadBorder2:ReiMu","WonderfulDomain:ReiMu"],"picked":"Enchanting:ReiMu","floor":28},{"not_picked":["CareerPray:ReiMu+1","SubAcupoint:ReiMu+1"],"picked":"LovePray:ReiMu+1","floor":29},{"not_picked":["CollectionFlower2:ReiMu","AlertArray:ReiMu","WonderfulDomain:ReiMu"],"picked":"SKIP","floor":30},{"not_picked":["CeremonyResonance:ReiMu","HakureiPhantom:ReiMu"],"picked":"DependentForm:ReiMu","floor":33},{"not_picked":["LovePray:ReiMu","TightArray:ReiMu","Intuition:ReiMu"],"picked":"PrepareRite:ReiMu+1","floor":35},{"not_picked":["AlertArray:ReiMu+1","NineCharacters:ReiMu+1","DoubleButterfly:ReiMu"],"picked":"Amulet:ReiMu+1","floor":35},{"not_picked":["SpringWay:ReiMu","InherentArray:ReiMu+1","ForcedLanding:ReiMu+1"],"picked":"SubcavityInstant:ReiMu","floor":36},{"not_picked":["SubAcupoint:ReiMu+1","Shading:ReiMu","SpiritualOutbreak2:ReiMu+1"],"picked":"KamiSacrifice:ReiMu+1","floor":36},{"not_picked":["Intuition:ReiMu","SubcavityInstant:ReiMu+1","SpreadBorder2:ReiMu+1"],"picked":"Amulet:ReiMu+1","floor":37},{"not_picked":["Enchanting:ReiMu","PayForSelf:ReiMu","PassingAway:ReiMu+1"],"picked":"RainPray2:ReiMu","floor":37}],"player_experience":125216,"relics_obtained":[{"floor":6,"key":"RuthlessExorcism:ReiMu"},{"floor":9,"key":"MawBank"},{"floor":11,"key":"HornCleat"},{"floor":14,"key":"Anchor"},{"floor":24,"key":"TurtleShell:ReiMu"},{"floor":24,"key":"Lantern"},{"floor":26,"key":"War Paint"},{"floor":27,"key":"Vajra"},{"floor":27,"key":"Dream Catcher"},{"floor":34,"key":"PreservedInsect"},{"floor":34,"key":"Question Card"},{"floor":34,"key":"Prayer Wheel"}],"event_choices":[{"damage_healed":0,"gold_gain":0,"player_choice":"Ignored","damage_taken":0,"max_hp_gain":0,"max_hp_loss":0,"event_name":"Liars Game","floor":3,"gold_loss":0},{"damage_healed":0,"gold_gain":0,"player_choice":"Success","damage_taken":18,"relics_obtained":["MealTicket"],"max_hp_gain":0,"max_hp_loss":0,"event_name":"Scrap Ooze","floor":7,"gold_loss":0},{"damage_healed":17,"gold_gain":0,"player_choice":"Healed","damage_taken":0,"max_hp_gain":0,"max_hp_loss":0,"event_name":"The Cleric","floor":13,"gold_loss":35},{"cards_removed":["Strike_Lin:ReiMu"],"damage_healed":0,"gold_gain":0,"player_choice":"Took Card","damage_taken":0,"max_hp_gain":0,"max_hp_loss":0,"event_name":"NoteForYourself","floor":20,"gold_loss":0,"cards_obtained":["Iron Wave"]}],"is_beta":false,"boss_relics":[{"not_picked":["Busted Crown","SacredBark"],"picked":"Black Star"},{"not_picked":["Coffee Dripper","Runesmith:UraniumAnvil"],"picked":"Calling Bell"}],"items_purged_floors":[4,10,19,31],"is_endless":false,"potions_floor_spawned":[2,5,12,14,22,25,27,28,29,33,35],"killed_by":"4 Shapes","ascension_level":0}}