{"host":"hv7yb09uheo1d113","time":1612655204,"event":{"mods":["Act Like it!","Ascension Unlocker","BaseMod","Better Altar","Better Note","Colored Map","Colored Powertips","Conspire","Gensokyo","GifTheSpireLib","Hallownest","Minty Spire (QoL Compilation)","Replay The Spire","Reworked Bosses","Shop Mod","StSLib","Stuff the Spire","Synergy Search"],"gold_per_floor":[19,19,35,140,11,11,42,42,42,67,79,79,89,89,89,101,101,175,175,186,20,30,2,19,19,33,33,56,90,90,90],"floor_reached":30,"language":"ENG","playtime":4338,"items_purged":["Regret","ReplayTheSpireMod:Restless Dread"],"score":516,"play_id":"b4f813a7-6c5a-45fd-9bf7-396243d2e223","local_time":"20210206174644","is_ascension_mode":true,"campfire_choices":[{"floor":6.0,"key":"REST"},{"floor":8.0,"key":"REST"},{"floor":17.0,"key":"REST"},{"floor":25,"key":"REST"},{"floor":27,"key":"REST"}],"circlet_count":0,"master_deck":["AscendersBane","Strike_G","Strike_G","Strike_G","Strike_G","Strike_G","Defend_G","Defend_G","Defend_G","Defend_G","Defend_G","Survivor","Neutralize","Flying Knee","Infinite Blades","StuffTheSpire:DoubleShiv","Quick Slash","Slice","Footwork+1","Cloak And Dagger","Escape Plan","Outmaneuver","StuffTheSpire:Shiver","Cloak And Dagger","Die Die Die","Clumsy","StuffTheSpire:MirrorStance","Backflip","Blade Dance","Poison Darts","ReplayTheSpireMod:IOU","Sneak Up","Sneak Up","Dodge and Roll"],"relics":["StuffTheSpire:OccultApparatus","StuffTheSpire:NeowsTribute","Replay:Wax Seal","Iron Hammer","Shovel","Replay:Ancient Bell","Smiling Mask","Meat on the Bone","Byrd Skull","StuffTheSpire:PointBlank"],"acts_visited":["Exordium","TheCity"],"potions_floor_usage":[18],"damage_taken":[{"damage":1.0,"enemies":"2 Louse","floor":1.0,"turns":4.0},{"damage":1.0,"enemies":"conspire:RoseBush","floor":3.0,"turns":6.0},{"damage":32.0,"enemies":"Gremlin Nob","floor":7.0,"turns":5.0},{"damage":15.0,"enemies":"3 Sentries","floor":10.0,"turns":10.0},{"damage":4.0,"enemies":"Jaw Worm","floor":11.0,"turns":2.0},{"damage":0.0,"enemies":"2 Fungi Beasts","floor":13.0,"turns":4.0},{"damage":0.0,"enemies":"Red Slaver","floor":16.0,"turns":5.0},{"damage":40,"enemies":"Fading Forest","floor":18,"turns":13},{"damage":31,"enemies":"3 Byrds","floor":20,"turns":6},{"damage":23,"enemies":"Chosen","floor":22,"turns":7},{"damage":20,"enemies":"Snake Plant","floor":24,"turns":5},{"damage":27,"enemies":"conspire:HollyBat","floor":26,"turns":8},{"damage":55,"enemies":"Slavers","floor":29,"turns":10},{"damage":32,"enemies":"Cultist and Chosen","floor":30,"turns":8}],"seed_played":"-4414364506046430490","potions_obtained":[{"floor":1.0,"key":"Dexterity Potion"},{"floor":3.0,"key":"Block Potion"},{"floor":13.0,"key":"Adrenaline Potion"},{"floor":18,"key":"FairyPotion"},{"floor":24,"key":"Strength Potion"},{"floor":29,"key":"conspire:TimeTravelPotion"}],"is_trial":false,"path_per_floor":["M","?","M","?","$","R","E","R","T","E","M","?","M","PTL","PTL","M","R","B",null,"M","$","M","$","M","R","M","R","T","E","M"],"character_chosen":"THE_SILENT","items_purchased":["Footwork","Cloak And Dagger","Backflip","Blade Dance","Sneak Up"],"campfire_rested":5,"item_purchase_floors":[5,5,21,21,23],"current_hp_per_floor":[58,58,57,31,31,50,18,37,37,22,18,18,18,18,18,18,37,5,51,32,32,21,21,13,32,17,36,36,14,0,0],"gold":90,"neow_bonus":"ONE_RARE_RELIC","is_daily":false,"chose_seed":false,"campfire_upgraded":0,"win_rate":0.0,"timestamp":1612655204,"path_taken":["M","?","M","?","$","R","E","R","T","E","M","?","M","PTL","PTL","?","R","BOSS","M","$","M","$","M","R","M","R","T","E","M"],"items_purchased_type":["Card","Card","Card","Card","Card"],"build_version":"2020-12-22","purchased_purges":2,"victory":false,"max_hp_per_floor":[66,66,66,66,66,66,66,66,66,66,66,66,66,66,66,66,66,66,66,66,66,66,66,66,66,66,66,66,66,66,66],"card_choices":[{"not_picked":["Heel Hook","Outmaneuver"],"picked":"Flying Knee","floor":1.0},{"not_picked":["StuffTheSpire:BumpUp","Bane"],"picked":"Infinite Blades","floor":3.0},{"not_picked":["Dodge and Roll","Finisher"],"picked":"StuffTheSpire:DoubleShiv","floor":4.0},{"not_picked":["Flying Knee","Prepared"],"picked":"Quick Slash","floor":4.0},{"not_picked":["StuffTheSpire:ClusterCrunch","Underhanded Strike"],"picked":"Slice","floor":4.0},{"not_picked":["StuffTheSpire:Python","StuffTheSpire:Sprint"],"picked":"Escape Plan","floor":7.0},{"not_picked":["Underhanded Strike","StuffTheSpire:BumpUp","StuffTheSpire:ClusterCrunch"],"picked":"SKIP","floor":10.0},{"not_picked":["Dagger Spray","ReplayTheSpireMod:Shiv Toss"],"picked":"Outmaneuver","floor":11.0},{"not_picked":["Acrobatics","Deflect"],"picked":"StuffTheSpire:Shiver","floor":13.0},{"not_picked":["Glass Knife","Quick Slash"],"picked":"Cloak And Dagger","floor":16.0},{"not_picked":["Glass Knife","Storm of Steel"],"picked":"Die Die Die","floor":18},{"not_picked":["Pain","Normality"],"picked":"Regret","floor":19},{"not_picked":["Delirium","CommonCold"],"picked":"Clumsy","floor":19},{"not_picked":["Pain","Gensokyo:ImpossibleRequest"],"picked":"ReplayTheSpireMod:Restless Dread","floor":19},{"not_picked":["Outmaneuver","Dodge and Roll"],"picked":"StuffTheSpire:MirrorStance","floor":20},{"not_picked":["Dagger Throw","StuffTheSpire:BumpUp"],"picked":"Poison Darts","floor":22},{"not_picked":["Acrobatics","StuffTheSpire:Python"],"picked":"Sneak Up","floor":24},{"not_picked":["Underhanded Strike","Sucker Punch"],"picked":"Dodge and Roll","floor":26},{"not_picked":["Concentrate","StuffTheSpire:ClusterCrunch","Grand Finale"],"picked":"SKIP","floor":29}],"player_experience":212188,"relics_obtained":[{"floor":7.0,"key":"Replay:Wax Seal"},{"floor":9.0,"key":"Iron Hammer"},{"floor":10.0,"key":"Shovel"},{"floor":29,"key":"StuffTheSpire:PointBlank"}],"event_choices":[{"damage_healed":0.0,"max_hp_gain":0.0,"max_hp_loss":0.0,"gold_gain":0.0,"event_name":"Accursed Blacksmith","player_choice":"Forge","floor":12.0,"gold_loss":0.0,"damage_taken":0.0,"cards_upgraded":["Footwork"]}],"is_beta":false,"boss_relics":[{"not_picked":["StuffTheSpire:Kangaroo","Pandora\u0027s Box"],"picked":"Replay:Ancient Bell"},{"not_picked":["StuffTheSpire:Barrel","Potion Belt"],"picked":"Smiling Mask"},{"not_picked":["StuffTheSpire:Tea","Replay:Accelerometer"],"picked":"Meat on the Bone"},{"not_picked":["Lizard Tail","Girya"],"picked":"Byrd Skull"}],"items_purged_floors":[21,23],"is_endless":false,"potions_floor_spawned":[1,3,13,18,24,29],"killed_by":"Cultist and Chosen","ascension_level":20}}