{"host":"y7b1p9nkx4idorr2","time":1612623670,"event":{"mods":["AchievementEnabler","Act Like it!","BaseMod","Colored Map","Downfall","GifTheSpireLib","Googly Eyes","Highlight Path","Mimic Mod","Minty Spire (QoL Compilation)","Shop Mod","Spicy Shops","StSLib","Unceasing Turn Reminder"],"gold_per_floor":[99,110,110,123,139,150,186,86,86,86,120,105,137,151,165,265,265,165,165,181,191,23,34,34,34,34,60,60,93,93,103,118,118,118,118],"floor_reached":33,"language":"ENG","playtime":1876,"items_purged":[],"score":297,"play_id":"ea8e30cb-697c-45de-b281-3f3d2d0b6427","local_time":"20210206090110","is_ascension_mode":false,"campfire_choices":[{"floor":1,"key":"RECALL"},{"data":"sneckomod:RainOfDice","floor":8,"key":"SMITH"},{"data":"sneckomod:WideSting","floor":10,"key":"SMITH"},{"data":"sneckomod:UnknownBoss","floor":18,"key":"SMITH"},{"data":"sneckomod:UnendingSupply","floor":28,"key":"SMITH"},{"floor":30,"key":"REST"}],"circlet_count":0,"master_deck":["sneckomod:Strike","sneckomod:Strike","sneckomod:Defend","sneckomod:Defend","sneckomod:Defend","sneckomod:TailWhip","sneckomod:SnekBite","sneckomod:Unknown","sneckomod:Unknown","sneckomod:SnakeSap","sneckomod:WideSting+1","sneckomod:RainOfDice+1","sneckomod:UnknownBlock","sneckomod:QuickBite","sneckomod:SerpentIdol","sneckomod:UnknownCommonAttack","sneckomod:UnknownBlock","sneckomod:UnknownBoss+1","sneckomod:UnknownUncommonSkill","sneckomod:UnknownRareSkill","sneckomod:SoulDraw+1","sneckomod:Cheat","sneckomod:DiceCrush","sneckomod:WideSting+1","Injury","Decay","sneckomod:UnendingSupply+1","sneckomod:UnlimitedRolls","sneckomod:DiceBlock","sneckomod:UnknownX+1"],"relics":["Sozu","Tiny Chest","downfall:HeartBlessingRed","MealTicket","Cursed Key","downfall:HeartBlessingGreen","Nloth\u0027s Gift","sneckomod:LoadedDie","Blue Candle","Incense Burner","Akabeko","Bird Faced Urn"],"acts_visited":["Exordium","TheCity"],"potions_floor_usage":[],"damage_taken":[{"damage":0,"enemies":"Cultist","floor":2,"turns":2},{"damage":2,"enemies":"Small Slimes","floor":4,"turns":3},{"damage":0,"enemies":"Jaw Worm","floor":5,"turns":2},{"damage":4,"enemies":"Blue Slaver","floor":6,"turns":2},{"damage":1,"enemies":"Red Slaver","floor":7,"turns":7},{"damage":12,"enemies":"3 Sentries","floor":11,"turns":5},{"damage":5,"enemies":"downfall:FleeingMerchant","floor":12,"turns":4},{"damage":37,"enemies":"Lagavulin","floor":13,"turns":5},{"damage":0,"enemies":"Red Slaver","floor":14,"turns":2},{"damage":0,"enemies":"Exordium Wildlife","floor":15,"turns":4},{"damage":3,"enemies":"WA_ARCHETYPE_RETAIN","floor":16,"turns":4},{"damage":0,"enemies":"Spheric Guardian","floor":20,"turns":3},{"damage":15,"enemies":"Sentry and Sphere","floor":21,"turns":4},{"damage":0,"enemies":"downfall:FleeingMerchant","floor":22,"turns":4},{"damage":0,"enemies":"Snecko","floor":23,"turns":3},{"damage":38,"enemies":"Gremlin Leader","floor":27,"turns":6},{"damage":36,"enemies":"Book of Stabbing","floor":29,"turns":5},{"damage":11,"enemies":"Centurion and Healer","floor":31,"turns":5},{"damage":20,"enemies":"Snake Plant","floor":32,"turns":5},{"damage":25,"enemies":"IC_MUSHROOM_ARCHETYPE","floor":33,"turns":6}],"seed_played":"-5906035420522388668","potions_obtained":[],"is_trial":false,"path_per_floor":["R","M","?","M","M","M","MIM","R","?","R","E","$","E","M","M","B",null,"R","?","M","M","$","M","T","T","?","E","R","E","R","M","M","B"],"character_chosen":"THE_SNECKO","items_purchased":["sneckomod:LoadedDie"],"campfire_rested":1,"item_purchase_floors":[22],"current_hp_per_floor":[90,90,90,88,88,84,83,83,83,83,71,81,44,44,44,41,90,90,90,90,75,90,90,90,90,90,52,52,16,43,36,16,0,0,0],"gold":118,"neow_bonus":"BOSS_RELIC","is_daily":false,"chose_seed":false,"campfire_upgraded":4,"win_rate":0.0,"timestamp":1612623670,"path_taken":["R","M","?","M","M","?","MIM","R","?","R","E","$","E","M","M","BOSS","R","?","M","?","$","M","T","?","?","E","R","E","R","M","M","BOSS"],"items_purchased_type":["Relic"],"build_version":"2020-12-22","purchased_purges":0,"victory":false,"max_hp_per_floor":[90,90,90,90,90,90,90,90,90,90,90,90,90,90,90,90,90,90,90,90,90,90,90,90,90,90,90,90,90,90,90,90,90,90,90],"card_choices":[{"not_picked":["sneckomod:DiceBlock","sneckomod:SlitherStrike"],"picked":"sneckomod:SnakeSap","floor":2},{"not_picked":["sneckomod:DiceBlock","sneckomod:SoulRoll"],"picked":"sneckomod:WideSting","floor":4},{"not_picked":["sneckomod:SnakeSap","sneckomod:SlitherStrike"],"picked":"sneckomod:RainOfDice","floor":5},{"not_picked":["sneckomod:UnknownCommonAttack","sneckomod:Nope"],"picked":"sneckomod:UnknownBlock","floor":6},{"not_picked":["sneckomod:TrashToTreasure","sneckomod:SoulRoll"],"picked":"sneckomod:QuickBite","floor":7},{"not_picked":["sneckomod:UnknownWeak","sneckomod:Nope"],"picked":"sneckomod:SerpentIdol","floor":11},{"not_picked":["sneckomod:DefensiveFlair","sneckomod:UnknownCommonSkill"],"picked":"sneckomod:UnknownCommonAttack","floor":12},{"not_picked":["sneckomod:MasterEye","sneckomod:QuickMove"],"picked":"sneckomod:UnknownBlock","floor":13},{"not_picked":["sneckomod:UnknownCommonAttack","sneckomod:SoulDraw"],"picked":"sneckomod:UnknownBoss","floor":14},{"not_picked":["sneckomod:SoulDraw","sneckomod:UnknownCommonSkill"],"picked":"sneckomod:UnknownUncommonSkill","floor":15},{"not_picked":["sneckomod:Mudshield","sneckomod:SoulExchange"],"picked":"sneckomod:UnknownRareSkill","floor":16},{"not_picked":["sneckomod:SoulRoll+1","sneckomod:SoulCleanse"],"picked":"sneckomod:SoulDraw+1","floor":20},{"not_picked":["sneckomod:SlitherStrike","sneckomod:UnknownBlock"],"picked":"sneckomod:Cheat","floor":21},{"not_picked":["sneckomod:UnknownUncommonSkill","sneckomod:WideSting"],"picked":"sneckomod:DiceCrush","floor":22},{"not_picked":["sneckomod:PureSnecko+1","sneckomod:UnknownCommonSkill"],"picked":"sneckomod:WideSting+1","floor":23},{"not_picked":["sneckomod:Mudshield","sneckomod:Unknown0Cost"],"picked":"sneckomod:UnendingSupply","floor":27},{"not_picked":["sneckomod:UnknownRareAttack","sneckomod:ImprovisedGuard"],"picked":"sneckomod:UnlimitedRolls","floor":29},{"not_picked":["sneckomod:UnknownClassSLIMEBOUND","sneckomod:SoulDraw"],"picked":"sneckomod:DiceBlock","floor":31},{"not_picked":["sneckomod:SoulRoll","sneckomod:SoulDraw"],"picked":"sneckomod:UnknownX+1","floor":32}],"player_experience":2302961,"relics_obtained":[{"floor":7,"key":"Tiny Chest"},{"floor":11,"key":"MealTicket"},{"floor":13,"key":"Anchor"},{"floor":24,"key":"Blue Candle"},{"floor":25,"key":"Incense Burner"},{"floor":27,"key":"Akabeko"},{"floor":29,"key":"Bird Faced Urn"}],"event_choices":[{"damage_healed":0,"gold_gain":0,"player_choice":"Ignored","damage_taken":0,"max_hp_gain":0,"max_hp_loss":0,"event_name":"NoteForYourself","floor":3,"gold_loss":0}],"is_beta":false,"boss_relics":[{"not_picked":["Philosopher\u0027s Stone","Tiny House"],"picked":"Cursed Key"}],"items_purged_floors":[],"is_endless":false,"potions_floor_spawned":[4,5,13,15,20,21,27,32],"killed_by":"IC_MUSHROOM_ARCHETYPE","ascension_level":0}}