{"host":"92108ef2q9tm8rod","time":1612650425,"event":{"mods":["BaseMod","Defuse TimeMaze Blight","Minty Spire (QoL Compilation)","StSLib","The Jungle"],"gold_per_floor":[116,133,133,147,147,147,147,147,147,157,191,191,223,256,256,354,354,371,371,385,139,149,149,149,183,237,250,263,289,289,301,301,406,406,418,274,289,301,99,130,165,165,189,189,189,203,219,237,237,237],"floor_reached":51,"language":"ENG","playtime":2283,"items_purged":["Conserve Battery","Backflip"],"score":1042,"play_id":"b8deb30f-e461-4228-bf5c-b4caaae35559","local_time":"20210206222705","daily_mods":["SealedDeck","Blue Cards","Heirloom","Flight"],"is_ascension_mode":false,"campfire_choices":[{"data":"Gash","floor":6.0,"key":"SMITH"},{"data":"Coolheaded","floor":7.0,"key":"SMITH"},{"floor":8.0,"key":"REST"},{"data":"Deflect","floor":12.0,"key":"SMITH"},{"data":"Choke","floor":15.0,"key":"SMITH"},{"data":"Sadistic Nature","floor":23.0,"key":"SMITH"},{"data":"Deadly Poison","floor":24.0,"key":"SMITH"},{"data":"Coolheaded","floor":30.0,"key":"SMITH"},{"data":"Conserve Battery","floor":32.0,"key":"SMITH"},{"floor":42,"key":"REST"},{"floor":44,"key":"REST"},{"data":"Bane","floor":45,"key":"SMITH"},{"floor":49,"key":"REST"}],"circlet_count":0,"master_deck":["Bane+1","Choke+1","Deflect+1","Conserve Battery+1","Coolheaded+1","Deadly Poison+1","Gash+1","Coolheaded+1","Recycle+1","Sadistic Nature+1"],"relics":["Ring of the Snake","FossilizedHelix","Mercury Hourglass","Bottled Lightning","Lizard Tail","Singing Bowl","Juzu Bracelet","Busted Crown","Pantograph","Smiling Mask","Meat on the Bone","HoveringKite","TwistedFunnel","Anchor","Bag of Marbles","Orichalcum"],"acts_visited":["Exordium","Exordium","TheBeyond"],"potions_floor_usage":[38,41,41,50],"damage_taken":[{"damage":0.0,"enemies":"Cultist","floor":1.0,"turns":3.0},{"damage":0.0,"enemies":"Jaw Worm","floor":2.0,"turns":2.0},{"damage":0.0,"enemies":"Small Slimes","floor":4.0,"turns":3.0},{"damage":0.0,"enemies":"Blue Slaver","floor":10.0,"turns":2.0},{"damage":0.0,"enemies":"Lagavulin","floor":11.0,"turns":4.0},{"damage":0.0,"enemies":"Gremlin Nob","floor":13.0,"turns":3.0},{"damage":0.0,"enemies":"Lagavulin","floor":14.0,"turns":4.0},{"damage":0.0,"enemies":"The Guardian","floor":16.0,"turns":7.0},{"damage":0.0,"enemies":"theJungle:MUSHROOMGANG","floor":18.0,"turns":3.0},{"damage":0.0,"enemies":"Shell Parasite","floor":20.0,"turns":3.0},{"damage":0.0,"enemies":"theJungle:JungleHuntersEncounter","floor":22.0,"turns":3.0},{"damage":0.0,"enemies":"theJungle:2_Phrogs","floor":25.0,"turns":4.0},{"damage":0.0,"enemies":"theJungle:Lyon","floor":27.0,"turns":2.0},{"damage":0.0,"enemies":"theJungle:2_Snecko_Cultists","floor":28.0,"turns":2.0},{"damage":0.0,"enemies":"theJungle:Cassacara","floor":29.0,"turns":4.0},{"damage":0.0,"enemies":"theJungle:JungleHuntersEncounter","floor":31.0,"turns":3.0},{"damage":0.0,"enemies":"theJungle:TotemBoss","floor":33.0,"turns":8.0},{"damage":0,"enemies":"Orb Walker","floor":35,"turns":2},{"damage":0,"enemies":"3 Darklings","floor":37,"turns":3},{"damage":13,"enemies":"Sphere and 2 Shapes","floor":38,"turns":4},{"damage":28,"enemies":"Reptomancer","floor":40,"turns":6},{"damage":42,"enemies":"Nemesis","floor":41,"turns":7},{"damage":0,"enemies":"Maw","floor":46,"turns":5},{"damage":0,"enemies":"3 Darklings","floor":47,"turns":3},{"damage":0,"enemies":"Spire Growth","floor":48,"turns":3},{"damage":60,"enemies":"Donu and Deca","floor":50,"turns":9}],"seed_played":"-4395864426780238102","potions_obtained":[{"floor":1.0,"key":"DuplicationPotion"},{"floor":11.0,"key":"Regen Potion"},{"floor":13.0,"key":"FearPotion"},{"floor":18.0,"key":"Explosive Potion"},{"floor":20.0,"key":"DuplicationPotion"},{"floor":31.0,"key":"Dexterity Potion"},{"floor":33.0,"key":"BlessingOfTheForge"},{"floor":37,"key":"ColorlessPotion"},{"floor":38,"key":"SkillPotion"},{"floor":40,"key":"CultistPotion"}],"is_trial":true,"path_per_floor":["M","M","?","M","?","R","R","R","T","M","E","R","E","E","R","B",null,"M","?","M","$","M","R","R","E","T","M","M","E","R","M","R","B",null,"M","$","M","M","$","E","E","R","T","R","R","M","M","M","R","B",null],"character_chosen":"THE_SILENT","items_purchased":["Sadistic Nature","TwistedFunnel","Anchor"],"campfire_rested":4,"item_purchase_floors":[21,36,39],"current_hp_per_floor":[70,70,70,70,58,58,58,70,70,70,70,70,72,74,74,76,76,78,78,80,80,82,82,82,84,84,86,88,90,90,92,92,94,94,96,96,98,87,87,61,47,78,78,104,104,106,108,110,110,62],"gold":237,"neow_bonus":"","is_daily":false,"chose_seed":false,"campfire_upgraded":9,"win_rate":0.0,"timestamp":1612650425,"path_taken":["M","M","?","M","?","R","R","R","T","M","E","R","E","E","R","BOSS","M","?","M","$","M","R","R","E","T","M","M","E","R","M","R","BOSS","M","$","M","M","$","E","E","R","T","R","R","M","M","M","R","BOSS"],"items_purchased_type":["Card","Relic","Relic"],"build_version":"2020-12-22","purchased_purges":2,"victory":true,"max_hp_per_floor":[70,70,70,70,70,70,70,70,70,70,70,70,72,74,74,76,76,78,78,80,80,82,82,82,84,84,86,88,90,90,92,92,94,94,96,96,98,100,100,102,104,104,104,104,104,106,108,110,110,110],"card_choices":[{"not_picked":["Slice","Gash"],"picked":"Recycle","floor":1.0},{"not_picked":["Recycle","Acrobatics","Dash"],"picked":"SKIP","floor":2.0},{"not_picked":["Fusion","Backflip","Glacier"],"picked":"SKIP","floor":4.0},{"not_picked":["Double Energy","Leap","Self Repair"],"picked":"SKIP","floor":10.0},{"not_picked":["Skewer","Blade Dance","Terror"],"picked":"SKIP","floor":11.0},{"not_picked":["Dodge and Roll","Fission","Poisoned Stab"],"picked":"Singing Bowl","floor":13.0},{"not_picked":["Cold Snap","Compile Driver","Aggregate"],"picked":"Singing Bowl","floor":14.0},{"not_picked":["Bullet Time","Echo Form","Burst"],"picked":"Singing Bowl","floor":16.0},{"not_picked":["Auto Shields"],"picked":"Singing Bowl","floor":18.0},{"not_picked":["Ball Lightning+1"],"picked":"Singing Bowl","floor":20.0},{"not_picked":["Ball Lightning"],"picked":"Singing Bowl","floor":22.0},{"not_picked":["Force Field"],"picked":"Singing Bowl","floor":25.0},{"not_picked":["Darkness+1"],"picked":"Singing Bowl","floor":27.0},{"not_picked":["Cloak And Dagger"],"picked":"Singing Bowl","floor":28.0},{"not_picked":["Backstab"],"picked":"Singing Bowl","floor":29.0},{"not_picked":["Stack+1"],"picked":"Singing Bowl","floor":31.0},{"not_picked":["Seek"],"picked":"Singing Bowl","floor":33.0},{"not_picked":["Predator+1"],"picked":"Singing Bowl","floor":35},{"not_picked":["Setup+1"],"picked":"Singing Bowl","floor":37},{"not_picked":["Acrobatics"],"picked":"Singing Bowl","floor":38},{"not_picked":["Skewer"],"picked":"Singing Bowl","floor":40},{"not_picked":["Outmaneuver"],"picked":"Singing Bowl","floor":41},{"not_picked":["Underhanded Strike+1"],"picked":"Singing Bowl","floor":46},{"not_picked":["Conserve Battery"],"picked":"Singing Bowl","floor":47},{"not_picked":["Predator"],"picked":"Singing Bowl","floor":48}],"player_experience":3396533,"relics_obtained":[{"floor":9.0,"key":"Bottled Lightning"},{"floor":11.0,"key":"Lizard Tail"},{"floor":13.0,"key":"Singing Bowl"},{"floor":14.0,"key":"Juzu Bracelet"},{"floor":25.0,"key":"Pantograph"},{"floor":26.0,"key":"Smiling Mask"},{"floor":29.0,"key":"Meat on the Bone"},{"floor":41,"key":"Bag of Marbles"},{"floor":43,"key":"Orichalcum"}],"event_choices":[{"damage_healed":0.0,"max_hp_gain":0.0,"max_hp_loss":0.0,"gold_gain":0.0,"event_name":"Living Wall","player_choice":"Grow","floor":3.0,"gold_loss":0.0,"damage_taken":0.0,"cards_upgraded":["Recycle"]},{"damage_healed":0.0,"max_hp_gain":0.0,"max_hp_loss":0.0,"gold_gain":0.0,"event_name":"Scrap Ooze","player_choice":"Success","floor":5.0,"gold_loss":0.0,"damage_taken":12.0,"relics_obtained":["Mercury Hourglass"]}],"is_beta":false,"boss_relics":[{"not_picked":["Ring of the Serpent","Sozu"],"picked":"Busted Crown"},{"not_picked":["Velvet Choker","Runic Dome"],"picked":"HoveringKite"}],"items_purged_floors":[21,39],"is_endless":false,"potions_floor_spawned":[1,11,13,18,20,31,33,37,38,40],"ascension_level":0}}