{"host":"xsuxkwaivmtd234a","time":1612630938,"event":{"mods":["BaseMod","Colored Map","Filter the Spire","Minty Spire (QoL Compilation)","Relic Stats","StSLib"],"gold_per_floor":[366,366,7,17,17,50,50,50,50],"floor_reached":8,"language":"ENG","playtime":318,"items_purged":["Injury"],"score":68,"play_id":"f4b9a5ba-cd24-4474-9054-99076a876674","local_time":"20210206120218","is_ascension_mode":true,"campfire_choices":[{"data":"Cleave","floor":7,"key":"SMITH"}],"circlet_count":0,"master_deck":["Strike_R","Strike_R","Strike_R","Strike_R","Defend_R","Defend_R","Defend_R","Defend_R+1","Bash","Heavy Blade+1","Feel No Pain","Cleave+1","Rampage","Burning Pact"],"relics":["Burning Blood","Membership Card","HornCleat","Gremlin Horn"],"acts_visited":["Exordium"],"potions_floor_usage":[],"damage_taken":[{"damage":12,"enemies":"Jaw Worm","floor":1,"turns":3},{"damage":7,"enemies":"Small Slimes","floor":4,"turns":3},{"damage":18,"enemies":"3 Sentries","floor":6,"turns":9},{"damage":63,"enemies":"Lagavulin","floor":8,"turns":9}],"seed_played":"-5135657227761396192","potions_obtained":[],"is_trial":false,"path_per_floor":["M","?","$","M","?","E","R","E"],"character_chosen":"IRONCLAD","items_purchased":["Membership Card","Feel No Pain","HornCleat"],"campfire_rested":0,"item_purchase_floors":[3,3,3],"current_hp_per_floor":[74,58,58,57,57,45,45,0,0],"gold":50,"neow_bonus":"TWO_FIFTY_GOLD","is_daily":false,"chose_seed":false,"campfire_upgraded":1,"win_rate":0.0,"timestamp":1612630938,"path_taken":["M","?","$","M","?","E","R","E"],"items_purchased_type":["Relic","Card","Relic"],"build_version":"2020-12-22","purchased_purges":1,"victory":false,"max_hp_per_floor":[80,80,80,80,80,80,80,80,80],"relic_stats":{"Gremlin Horn":[0,0],"counters":[4,24],"obtain_stats":[{"HornCleat":3,"Gremlin Horn":6,"Membership Card":3,"Burning Blood":0},{"HornCleat":1,"Gremlin Horn":3,"Membership Card":1,"Burning Blood":0},{"HornCleat":3,"Gremlin Horn":15,"Membership Card":3,"Burning Blood":0}],"Burning Blood":18},"card_choices":[{"not_picked":["Searing Blow","Battle Trance"],"picked":"Heavy Blade","floor":1},{"not_picked":["Sword Boomerang","Pommel Strike"],"picked":"Cleave","floor":4},{"not_picked":["Whirlwind","Armaments"],"picked":"Burning Pact","floor":6}],"player_experience":1215433,"relics_obtained":[{"floor":6,"key":"Gremlin Horn"}],"event_choices":[{"damage_healed":0,"gold_gain":0,"player_choice":"Entered Light","damage_taken":16,"max_hp_gain":0,"max_hp_loss":0,"event_name":"Shining Light","floor":2,"gold_loss":0,"cards_upgraded":["Defend_R","Heavy Blade"]},{"damage_healed":0,"gold_gain":0,"cards_transformed":["Strike_R"],"player_choice":"Change","damage_taken":0,"max_hp_gain":0,"max_hp_loss":0,"event_name":"Living Wall","floor":5,"gold_loss":0,"cards_obtained":["Rampage"]}],"is_beta":false,"boss_relics":[],"items_purged_floors":[3],"is_endless":false,"potions_floor_spawned":[],"killed_by":"Lagavulin","ascension_level":5}}