{"host":"7108daw7adv7mxyd","time":1612580137,"event":{"mods":["BaseMod","Minty Spire (QoL Compilation)","StSLib"],"gold_per_floor":[114,114,128,139,157,157,0,18,44,44,60,78,94,119,119,219,219,239,239,339,351,351,351],"floor_reached":22,"language":"ENG","playtime":951,"items_purged":["Fiend Fire"],"score":228,"play_id":"124f8a1a-a2f4-4d1f-86b5-bc0d34c80ba9","local_time":"20210205215537","is_ascension_mode":true,"campfire_choices":[{"data":"Bash","floor":6,"key":"SMITH"},{"floor":10,"key":"REST"},{"floor":15,"key":"REST"}],"circlet_count":0,"master_deck":["Strike_R","Strike_R","Strike_R","Strike_R","Defend_R+1","Defend_R+1","Defend_R","Defend_R","Bash+1","Cleave","Bandage Up","Feel No Pain","Dramatic Entrance","Inflame","Anger","Anger","Demon Form","Heavy Blade+1","Flex"],"relics":["Burning Blood","Oddly Smooth Stone","War Paint","Black Star"],"acts_visited":["Exordium","TheCity"],"potions_floor_usage":[4,12,14,16,18,21,22],"damage_taken":[{"damage":6,"enemies":"Small Slimes","floor":1,"turns":4},{"damage":6,"enemies":"Cultist","floor":3,"turns":3},{"damage":7,"enemies":"2 Louse","floor":4,"turns":2},{"damage":20,"enemies":"Lots of Slimes","floor":5,"turns":5},{"damage":24,"enemies":"Large Slime","floor":8,"turns":9},{"damage":11,"enemies":"Looter","floor":11,"turns":3},{"damage":9,"enemies":"Exordium Thugs","floor":12,"turns":4},{"damage":14,"enemies":"Red Slaver","floor":13,"turns":3},{"damage":16,"enemies":"Gremlin Nob","floor":14,"turns":3},{"damage":59,"enemies":"The Guardian","floor":16,"turns":9},{"damage":38,"enemies":"Shell Parasite","floor":18,"turns":4},{"damage":42,"enemies":"3 Byrds","floor":21,"turns":6},{"damage":47,"enemies":"Snake Plant","floor":22,"turns":4}],"seed_played":"-5212638517974230561","potions_obtained":[{"floor":3,"key":"Strength Potion"},{"floor":4,"key":"BloodPotion"},{"floor":11,"key":"EssenceOfSteel"},{"floor":13,"key":"Fire Potion"},{"floor":14,"key":"Fire Potion"},{"floor":16,"key":"LiquidBronze"},{"floor":21,"key":"Block Potion"}],"is_trial":false,"path_per_floor":["M","?","M","M","M","R","$","M","T","R","M","M","M","E","R","B",null,"M","?","?","M","M"],"character_chosen":"IRONCLAD","items_purchased":["Dramatic Entrance"],"campfire_rested":2,"item_purchase_floors":[7],"current_hp_per_floor":[80,80,80,79,69,69,69,55,55,79,74,75,71,61,80,31,80,52,52,52,36,0,0],"gold":351,"neow_bonus":"REMOVE_CARD","is_daily":false,"chose_seed":false,"campfire_upgraded":1,"win_rate":0.0,"timestamp":1612580137,"path_taken":["M","?","M","M","M","R","$","M","T","R","?","M","M","E","R","BOSS","M","?","?","?","M"],"items_purchased_type":["Card"],"build_version":"2020-12-22","purchased_purges":1,"victory":false,"max_hp_per_floor":[80,80,80,80,80,80,80,80,80,80,80,80,80,80,80,80,80,80,80,80,80,80,80],"card_choices":[{"not_picked":["Warcry","Twin Strike"],"picked":"Cleave","floor":1},{"not_picked":["True Grit","Sword Boomerang"],"picked":"Feel No Pain","floor":3},{"not_picked":["Clothesline","Armaments","Fiend Fire"],"picked":"SKIP","floor":4},{"not_picked":["Spot Weakness","Wild Strike","Dual Wield"],"picked":"SKIP","floor":5},{"not_picked":["Pommel Strike","Iron Wave"],"picked":"Inflame","floor":8},{"not_picked":["Battle Trance","Warcry"],"picked":"Anger","floor":11},{"not_picked":["Cleave","Rage","Clash"],"picked":"SKIP","floor":12},{"not_picked":["Twin Strike","Battle Trance","Havoc"],"picked":"SKIP","floor":13},{"not_picked":["Wild Strike","Reckless Charge"],"picked":"Anger","floor":14},{"not_picked":["Fiend Fire","Exhume"],"picked":"Demon Form","floor":16},{"not_picked":["Clash","Entrench+1"],"picked":"Heavy Blade+1","floor":18},{"not_picked":["Dual Wield","Thunderclap"],"picked":"Flex","floor":21}],"player_experience":304695,"relics_obtained":[{"floor":9,"key":"Oddly Smooth Stone"},{"floor":14,"key":"War Paint"}],"event_choices":[{"damage_healed":0,"gold_gain":0,"player_choice":"2 cards matched","damage_taken":0,"max_hp_gain":0,"max_hp_loss":0,"event_name":"Match and Keep!","floor":2,"gold_loss":0,"cards_obtained":["Fiend Fire","Bandage Up"]},{"damage_healed":0,"gold_gain":0,"player_choice":"Ignored","damage_taken":0,"max_hp_gain":0,"max_hp_loss":0,"event_name":"Vampires","floor":19,"gold_loss":0},{"damage_healed":0,"gold_gain":100,"player_choice":"Pray","damage_taken":0,"max_hp_gain":0,"max_hp_loss":0,"event_name":"Golden Shrine","floor":20,"gold_loss":0}],"is_beta":false,"boss_relics":[{"not_picked":["Busted Crown","Mark of Pain"],"picked":"Black Star"}],"items_purged_floors":[7],"is_endless":false,"potions_floor_spawned":[3,4,11,13,14,16,21],"killed_by":"Snake Plant","ascension_level":4}}