{"host":"l1sklxv2xf0eyui2","time":1612580691,"event":{"mods":["Act Like it!","BaseMod","Better Third Choice","BetterRewards","Marisa????????","Minty Spire (QoL Compilation)","Relic Sorter","Replay The Spire","Shade Mod","StSLib"],"gold_per_floor":[112,112,131,131,60,60,87,105,132,150,150,176,176,192,192,291,291,311,274,274,274,274,274,299,299,299,330,330,347,347,367,367,462,462,473,473,175,187,187,187],"floor_reached":39,"language":"ENG","playtime":1641,"items_purged":["Wraith"],"score":543,"play_id":"97407a3e-16de-4696-85a4-62dc72a67ac2","local_time":"20210206030451","is_ascension_mode":true,"campfire_choices":[{"data":"6A","floor":6.0,"key":"SMITH"},{"data":"CasketOfStar","floor":11.0,"key":"SMITH"},{"floor":13.0,"key":"REST"},{"data":"RefractionSpark","floor":15.0,"key":"SMITH"},{"data":"StarDustReverie","floor":23.0,"key":"SMITH"},{"data":"OrrerysSun","floor":25.0,"key":"SMITH"},{"data":"Singularity","floor":28.0,"key":"SMITH"},{"floor":32,"key":"REST"}],"circlet_count":0,"master_deck":["Defend_MRS","Defend_MRS+1","Defend_MRS","MasterSpark","UpSweep+1","Flash of Steel","6A+1","CasketOfStar+1","6A","Singularity+1","RefractionSpark+1","StarDustReverie+1","AbeCurse","OpenUniverse+1","BigCrunch+1","UltimateShortwave+1","6A+1","Bite","Bite","Bite","Bite","Bite","J.A.X.","OrrerysSun+1","FinalSpark","OneTimeOff+1","MagicAbsorber"],"relics":["MiniHakkero","Nunchaku","Replay:Wax Seal","Art of War","Replay:Grab Bag","Sozu","Abe\u0027s Treasure","Astrolabe","Eternal Feather","Mirror","Pocketwatch","ExperimentalFamiliar","Pet Ghost"],"acts_visited":["Exordium","TheCity","TheBeyond"],"potions_floor_usage":[29,31],"damage_taken":[{"damage":1.0,"enemies":"Cultist","floor":1.0,"turns":3.0},{"damage":0.0,"enemies":"2 Louse","floor":3.0,"turns":2.0},{"damage":13.0,"enemies":"Lagavulin","floor":7.0,"turns":6.0},{"damage":2.0,"enemies":"Jaw Worm","floor":8.0,"turns":3.0},{"damage":12.0,"enemies":"Exordium Thugs","floor":10.0,"turns":4.0},{"damage":6.0,"enemies":"Replay:BlueRogue","floor":12.0,"turns":4.0},{"damage":3.0,"enemies":"Exordium Wildlife","floor":14.0,"turns":3.0},{"damage":9.0,"enemies":"Slime Boss","floor":16.0,"turns":7.0},{"damage":23.0,"enemies":"Spheric Guardian","floor":18.0,"turns":4.0},{"damage":13.0,"enemies":"Replay:Snechameleon","floor":24.0,"turns":6.0},{"damage":42.0,"enemies":"Book of Stabbing","floor":27.0,"turns":5.0},{"damage":26,"enemies":"Shell Parasite","floor":29,"turns":3},{"damage":3,"enemies":"Snecko","floor":31,"turns":4},{"damage":31,"enemies":"Champ","floor":33,"turns":7},{"damage":6,"enemies":"3 Darklings","floor":35,"turns":2},{"damage":0,"enemies":"Orb Walker","floor":38,"turns":3},{"damage":55,"enemies":"2 Orb Walkers","floor":39,"turns":3}],"seed_played":"-7939634402342452601","potions_obtained":[{"floor":3.0,"key":"SteroidPotion"},{"floor":8.0,"key":"DuplicationPotion"},{"floor":14.0,"key":"PowerPotion"}],"is_trial":false,"path_per_floor":["M","?","M","?","$","R","E","M","T","M","R","E","R","M","R","B",null,"M","$","?","?","?","R","E","R","T","E","R","M","?","M","R","B",null,"M","?","$","M","?"],"character_chosen":"MARISA","items_purchased":["CasketOfStar","6A+1","Pet Ghost","MagicAbsorber"],"campfire_rested":2,"item_purchase_floors":[5,19,37,37],"current_hp_per_floor":[74,59,59,59,59,59,46,44,44,32,32,26,48,45,45,36,75,52,52,52,52,52,52,47,52,52,14,26,8,3,4,34,17,52,48,48,48,52,0,0],"gold":187,"neow_bonus":"RANDOM_COLORLESS","is_daily":false,"chose_seed":false,"campfire_upgraded":6,"win_rate":0.0,"timestamp":1612580691,"path_taken":["M","?","M","?","?","R","E","M","T","M","R","E","R","?","R","BOSS","M","$","?","?","?","R","E","R","T","E","R","M","?","?","R","BOSS","M","?","$","M","?"],"items_purchased_type":["Card","Card","Relic","Card"],"build_version":"2020-12-22","purchased_purges":1,"victory":false,"max_hp_per_floor":[75,75,75,75,75,75,75,75,75,75,75,75,75,75,75,75,75,75,75,52,52,52,52,52,52,52,52,52,52,52,52,52,52,52,52,52,52,52,52,52],"card_choices":[{"not_picked":["Dramatic Entrance","Bandage Up"],"picked":"Flash of Steel","floor":0.0},{"not_picked":["Singularity","DC"],"picked":"6A","floor":1.0},{"not_picked":["DragonMeteor","SporeBomb","LuminesStrike"],"picked":"SKIP","floor":3.0},{"not_picked":["LuminesStrike","DC"],"picked":"6A","floor":7.0},{"not_picked":["GrandCross","UnstableBomb"],"picked":"Singularity","floor":8.0},{"not_picked":["BigCrunch","WitchLeyline","ChargingUp"],"picked":"SKIP","floor":10.0},{"not_picked":["WitchOfGreed","FairyDestructionRay","PowerUp"],"picked":"SKIP","floor":12.0},{"not_picked":["GrandCross","PowerUp"],"picked":"RefractionSpark","floor":14.0},{"not_picked":["BigCrunch","MillisecondPulsars"],"picked":"StarDustReverie","floor":16.0},{"not_picked":["Acceleration+1","GrandCross","EnergyRecoil"],"picked":"SKIP","floor":18.0},{"not_picked":["UnstableBomb","OpenUniverse"],"picked":"OrrerysSun","floor":24.0},{"not_picked":["PowerUp","PropBag","GravityBeat"],"picked":"SKIP","floor":27.0},{"not_picked":["MagicAbsorber","OpenUniverse+1","PowerUp"],"picked":"SKIP","floor":29},{"not_picked":["MeteoricShower","NonDirectionalLaser+1"],"picked":"FinalSpark","floor":31},{"not_picked":["NonDirectionalLaser","OpenUniverse"],"picked":"OneTimeOff+1","floor":35},{"not_picked":["OortCloud","MeteoricShower+1","OneTimeOff+1"],"picked":"SKIP","floor":38}],"player_experience":269260,"relics_obtained":[{"floor":7.0,"key":"Nunchaku"},{"floor":9.0,"key":"Replay:Wax Seal"},{"floor":12.0,"key":"Art of War"},{"floor":24.0,"key":"Eternal Feather"},{"floor":26.0,"key":"Mirror"},{"floor":27.0,"key":"Pocketwatch"}],"event_choices":[{"damage_healed":74.0,"max_hp_gain":0.0,"max_hp_loss":75.0,"gold_gain":0.0,"event_name":"betterThird:BetterShining","player_choice":"Upgrade","floor":2.0,"gold_loss":0.0,"damage_taken":15.0,"cards_upgraded":["Defend_MRS","UpSweep"]},{"damage_healed":0.0,"max_hp_gain":0.0,"max_hp_loss":23.0,"gold_gain":0.0,"event_name":"Vampires","player_choice":"Became a vampire","floor":20.0,"gold_loss":0.0,"damage_taken":0.0,"cards_obtained":["Bite","Bite","Bite","Bite","Bite"]},{"damage_healed":0.0,"max_hp_gain":0.0,"max_hp_loss":0.0,"gold_gain":0.0,"event_name":"Drug Dealer","player_choice":"Obtain J.A.X.","floor":21.0,"gold_loss":0.0,"damage_taken":0.0,"cards_obtained":["J.A.X."]},{"damage_healed":0.0,"max_hp_gain":0.0,"max_hp_loss":0.0,"gold_gain":0.0,"event_name":"Ghosts","player_choice":"Ignored","floor":22.0,"gold_loss":0.0,"damage_taken":0.0},{"damage_healed":0,"gold_gain":0,"player_choice":"Damaged","damage_taken":5,"max_hp_gain":0,"max_hp_loss":0,"event_name":"Wheel of Change","floor":30,"gold_loss":0},{"damage_healed":0,"gold_gain":0,"player_choice":"Ignored","damage_taken":0,"max_hp_gain":0,"max_hp_loss":0,"event_name":"OrinTheCat","floor":36,"gold_loss":0},{"damage_healed":0,"gold_gain":0,"player_choice":"Fight","damage_taken":0,"max_hp_gain":0,"max_hp_loss":0,"event_name":"Mysterious Sphere","floor":39,"gold_loss":0}],"is_beta":false,"boss_relics":[{"not_picked":["Philosopher\u0027s Stone","Replay:Drink Me"],"picked":"Replay:Grab Bag"},{"not_picked":["Replay:Wanted Poster","Busted Crown"],"picked":"Sozu"},{"not_picked":["Runic Dome","ChewingGum"],"picked":"Abe\u0027s Treasure"},{"not_picked":["Empty Cage","Snecko Eye"],"picked":"Astrolabe"},{"not_picked":["Replay:Ancient Bell","RampagingMagicTools"],"picked":"ExperimentalFamiliar"}],"items_purged_floors":[37],"is_endless":false,"potions_floor_spawned":[3,8,14,29,33],"killed_by":"2 Orb Walkers","ascension_level":3}}