{"host":"06gxn1c1bsk424jw","time":1612632096,"event":{"mods":["BaseMod","DeckTracker","Minty Spire (QoL Compilation)","SuperFastMode"],"gold_per_floor":[115,115,115,115,125,151,166,185,208,208,238,250,250,285,285,361,361,379,392,407,200,210,210,210,226,226,226,241,241,270,22,22,22,22],"floor_reached":33,"language":"KOR","playtime":2556,"items_purged":["Corpse Explosion"],"score":562,"play_id":"a4e97096-d437-490d-a251-52e1f23ce5e9","local_time":"20210207022136","is_ascension_mode":true,"campfire_choices":[{"floor":10,"key":"REST"},{"floor":13,"key":"REST"},{"data":"Dagger Spray","floor":15,"key":"SMITH"},{"floor":23,"key":"REST"},{"data":"Footwork","floor":27,"key":"SMITH"},{"floor":32,"key":"REST"}],"circlet_count":0,"master_deck":["AscendersBane","Strike_G","Strike_G","Defend_G+1","Defend_G+1","Survivor","Neutralize+1","Crippling Poison","Blur","Dagger Spray+1","Leg Sweep","Venomology","Backstab","Poisoned Stab+1","Corpse Explosion+1","Predator+1","Flying Knee+1","Footwork+1","Dagger Throw+1","Backflip","Leg Sweep","Backstab","Burst","Decay","Eviscerate+1","Footwork"],"relics":["Ring of the Snake","NeowsBlessing","Bag of Marbles","Smiling Mask","Potion Belt","Happy Flower","Astrolabe","Orrery","Molten Egg 2","Thread and Needle","HandDrill"],"acts_visited":["Exordium","TheCity"],"potions_floor_usage":[11,14,16,16,18,19,22,22,30,33,33],"damage_taken":[{"damage":0,"enemies":"Small Slimes","floor":1,"turns":1},{"damage":0,"enemies":"2 Louse","floor":5,"turns":1},{"damage":0,"enemies":"Gremlin Nob","floor":6,"turns":1},{"damage":0,"enemies":"Cultist","floor":7,"turns":4},{"damage":0,"enemies":"2 Fungi Beasts","floor":8,"turns":3},{"damage":14,"enemies":"3 Sentries","floor":11,"turns":8},{"damage":0,"enemies":"Looter","floor":12,"turns":5},{"damage":11,"enemies":"Gremlin Nob","floor":14,"turns":5},{"damage":40,"enemies":"Slime Boss","floor":16,"turns":14},{"damage":1,"enemies":"3 Byrds","floor":18,"turns":3},{"damage":13,"enemies":"Shell Parasite","floor":19,"turns":5},{"damage":0,"enemies":"Snecko","floor":20,"turns":4},{"damage":14,"enemies":"Cultist and Chosen","floor":22,"turns":5},{"damage":1,"enemies":"Snake Plant","floor":25,"turns":5},{"damage":0,"enemies":"Snecko","floor":28,"turns":5},{"damage":4,"enemies":"Slavers","floor":30,"turns":4},{"damage":58,"enemies":"Champ","floor":33,"turns":16}],"seed_played":"8573036239677579624","potions_obtained":[{"floor":1,"key":"Swift Potion"},{"floor":5,"key":"FearPotion"},{"floor":11,"key":"FearPotion"},{"floor":16,"key":"AttackPotion"},{"floor":18,"key":"Ancient Potion"},{"floor":20,"key":"LiquidMemories"}],"is_trial":false,"path_per_floor":["M","?","?","?","M","E","M","M","T","R","E","M","R","E","R","B",null,"M","M","M","$","M","R","?","M","T","R","M","?","E","$","R","B"],"character_chosen":"THE_SILENT","items_purchased":["Orrery","HandDrill","Footwork"],"campfire_rested":4,"item_purchase_floors":[21,31,31],"current_hp_per_floor":[59,39,32,32,32,32,32,32,32,51,37,37,56,45,45,5,51,50,37,37,37,23,42,42,41,41,41,41,41,37,37,56,0,0],"gold":22,"neow_bonus":"THREE_ENEMY_KILL","is_daily":false,"chose_seed":false,"campfire_upgraded":2,"win_rate":0.0,"timestamp":1612632096,"path_taken":["M","?","?","?","M","E","M","?","T","R","E","M","R","E","R","BOSS","M","M","M","$","M","R","?","M","T","R","M","?","E","$","R","BOSS"],"items_purchased_type":["Relic","Relic","Card"],"build_version":"2020-12-22","purchased_purges":1,"victory":false,"max_hp_per_floor":[66,66,66,66,66,66,66,66,66,66,66,66,66,66,66,66,66,66,66,66,66,66,66,66,66,66,66,66,66,66,66,66,66,66],"card_choices":[{"not_picked":["Acrobatics","Backflip"],"picked":"Crippling Poison","floor":1},{"not_picked":["Quick Slash","Finisher","Prepared"],"picked":"SKIP","floor":5},{"not_picked":["Dodge and Roll","Poisoned Stab"],"picked":"Blur","floor":6},{"not_picked":["Flying Knee","Quick Slash"],"picked":"Dagger Spray","floor":7},{"not_picked":["Blade Dance","Underhanded Strike"],"picked":"Leg Sweep","floor":8},{"not_picked":["Setup","Distraction","Quick Slash"],"picked":"SKIP","floor":11},{"not_picked":["Outmaneuver","Backflip"],"picked":"Venomology","floor":12},{"not_picked":["Deflect","Doppelganger"],"picked":"Backstab","floor":14},{"not_picked":["Storm of Steel","Night Terror"],"picked":"Corpse Explosion","floor":16},{"not_picked":["Finisher","Choke","Deflect"],"picked":"SKIP","floor":18},{"not_picked":["Choke+1","Underhanded Strike"],"picked":"Flying Knee+1","floor":19},{"not_picked":["All Out Attack","Accuracy","Sucker Punch"],"picked":"SKIP","floor":20},{"not_picked":["Dagger Spray","Quick Slash"],"picked":"Footwork","floor":21},{"not_picked":["Caltrops","Expertise"],"picked":"Dagger Throw+1","floor":21},{"not_picked":["Well Laid Plans","Tactician"],"picked":"Backflip","floor":21},{"not_picked":["Underhanded Strike","Tactician","Bane"],"picked":"SKIP","floor":22},{"not_picked":["Dodge and Roll","Poisoned Stab","Outmaneuver"],"picked":"SKIP","floor":25},{"not_picked":["Flechettes+1","PiercingWail"],"picked":"Burst","floor":28},{"not_picked":["Flying Knee+1","Deflect"],"picked":"Eviscerate+1","floor":30}],"player_experience":777365,"relics_obtained":[{"floor":6,"key":"Bag of Marbles"},{"floor":9,"key":"Smiling Mask"},{"floor":11,"key":"Potion Belt"},{"floor":14,"key":"Happy Flower"},{"floor":26,"key":"Molten Egg 2"},{"floor":30,"key":"Thread and Needle"}],"event_choices":[{"damage_healed":0,"gold_gain":0,"player_choice":"Entered Light","damage_taken":20,"max_hp_gain":0,"max_hp_loss":0,"event_name":"Shining Light","floor":2,"gold_loss":0,"cards_upgraded":["Defend_G","Defend_G"]},{"cards_removed":["Defend_G"],"damage_healed":0,"gold_gain":0,"player_choice":"Card Removal","damage_taken":7,"max_hp_gain":0,"max_hp_loss":0,"event_name":"Golden Wing","floor":3,"gold_loss":0},{"damage_healed":0,"gold_gain":0,"player_choice":"Forge","damage_taken":0,"max_hp_gain":0,"max_hp_loss":0,"event_name":"Accursed Blacksmith","floor":4,"gold_loss":0,"cards_upgraded":["Neutralize"]},{"damage_healed":0,"gold_gain":0,"cards_transformed":["Defend_G","Strike_G"],"player_choice":"Became Test Subject","damage_taken":0,"max_hp_gain":0,"max_hp_loss":0,"event_name":"Drug Dealer","floor":24,"gold_loss":0,"cards_obtained":["Leg Sweep","Backstab"]},{"damage_healed":0,"gold_gain":0,"player_choice":"Smashed Altar","damage_taken":0,"max_hp_gain":0,"max_hp_loss":0,"event_name":"Forgotten Altar","floor":29,"gold_loss":0,"cards_obtained":["Decay"]}],"is_beta":false,"boss_relics":[{"not_picked":["Coffee Dripper","Cursed Key"],"picked":"Astrolabe"}],"items_purged_floors":[21],"is_endless":false,"potions_floor_spawned":[1,5,11,16,18,20],"killed_by":"Champ","ascension_level":16}}