{"host":"10b2ljh1rg6srmxa","time":1612602520,"event":{"mods":["AchievementEnabler","BaseMod","Better Third Choice","Colored Map","Colored Powertips","Conspire","Downfall","Googly Eyes","Highlight Path","Hubris","Infinite Spire","Minty Spire (QoL Compilation)","Replay The Spire","StSLib","The Animator","The Wild Card","everything is the same but u backflip on backflip"],"gold_per_floor":[117,132,132,149,149,181,181,181,208,239,260,260,185,209,209,329,329,342,342,342,353,365,365,35,35,35,35,61,73,89,89,89,199,199,223,373,373,373,409,409,450,450,450,16,16,16],"floor_reached":45,"language":"ENG","playtime":4394,"items_purged":["Injury","animator:Curse_Greed"],"score":745,"play_id":"70af7827-4ec7-4619-aa9b-af729fce2316","local_time":"20210206100840","is_ascension_mode":true,"campfire_choices":[{"floor":12,"key":"REST"},{"floor":15,"key":"DIG"},{"data":"Limit Break","floor":23,"key":"SMITH"},{"data":"Infernal Blade","floor":27,"key":"SMITH"},{"floor":32,"key":"REST"},{"data":"Feel No Pain","floor":40,"key":"SMITH"}],"circlet_count":0,"master_deck":["Strike_R","Strike_R","Strike_R","Strike_R","Strike_R","Defend_R","Defend_R","Defend_R","Bash","Feel No Pain+1","theWildCard:Arsene","Run Through","True Grit+1","Combust+1","Shrug It Off+1","Inflame","Battle Trance","Limit Break+1","Replay:Undeath\u0027s Touch","Ghostly Armor+1","Infernal Blade+1","Sword Boomerang+1","Massacre+1","ReplayTheSpireMod:Strike From Hell","infinitespire:FutureSight","infinitespire:FutureSight","Pot Of Greed","Pot Of Greed","Pot Of Greed","Body Slam+1"],"relics":["Burning Blood","NeowsBlessing","Replay:Wax Seal","ReplayTheSpireMod:Spearhead","Bloody Idol","Oddly Smooth Stone","hubris:DisguiseKit","King of Hearts","infinitespire:Cupcake","Self Forming Clay","War Paint","Champion Belt","infinitespire:EvilPickle","hubris:HollowSoul","ReplayTheSpireMod:CursedCoin","ChewingGum","hubris:Icosahedron","Bag of Marbles","Grinning Jar","PreservedInsect"],"acts_visited":["Exordium","TheCity","TheBeyond"],"potions_floor_usage":[16,33,41,42],"damage_taken":[{"damage":0,"enemies":"2 Louse","floor":1,"turns":1},{"damage":0,"enemies":"Jaw Worm","floor":2,"turns":1},{"damage":0,"enemies":"Small Slimes","floor":4,"turns":1},{"damage":17,"enemies":"3 Sentries","floor":6,"turns":12},{"damage":32,"enemies":"Gremlin Nob","floor":10,"turns":4},{"damage":9,"enemies":"Blue Slaver","floor":11,"turns":4},{"damage":4,"enemies":"Large Slime","floor":14,"turns":5},{"damage":22,"enemies":"Fading Forest","floor":16,"turns":11},{"damage":28,"enemies":"2 Thieves","floor":18,"turns":4},{"damage":5,"enemies":"3 Byrds","floor":21,"turns":4},{"damage":10,"enemies":"Snake Plant","floor":22,"turns":4},{"damage":37,"enemies":"Gremlin Leader","floor":28,"turns":7},{"damage":12,"enemies":"Snecko","floor":29,"turns":4},{"damage":24,"enemies":"Centurion and Healer","floor":30,"turns":5},{"damage":17,"enemies":"Pondfish","floor":33,"turns":9},{"damage":27,"enemies":"Orb Walker","floor":35,"turns":5},{"damage":20,"enemies":"3 Darklings","floor":39,"turns":7},{"damage":41,"enemies":"Maw","floor":41,"turns":8},{"damage":21,"enemies":"Giant Head","floor":42,"turns":6},{"damage":0,"enemies":"conspire:MimicChest","floor":45,"turns":1}],"seed_played":"-6251327405974426317","potions_obtained":[{"floor":1,"key":"PowerPotion"},{"floor":4,"key":"Swift Potion"},{"floor":6,"key":"SmokeBomb"},{"floor":18,"key":"PowerPotion"},{"floor":21,"key":"Explosive Potion"},{"floor":39,"key":"infinitespire:BlackPotion"}],"is_trial":false,"path_per_floor":["M","M","?","M","?","E","?","?","T","E","M","R","$","M","R_BF","B",null,"M","?","?","M","M","R","$","?","T","R","E","M","M","AVR","R","B",null,"M","AVR","?","?","M","R","M","E","T","$","?"],"character_chosen":"IRONCLAD","items_purchased":["Self Forming Clay","Infernal Blade","Grinning Jar","PreservedInsect","Body Slam+1"],"campfire_rested":2,"item_purchase_floors":[24,24,44,44,44],"current_hp_per_floor":[80,80,80,80,68,57,57,57,57,31,28,52,52,54,54,46,80,58,58,58,64,65,65,65,65,65,65,39,38,25,25,49,48,80,69,74,74,74,70,70,45,30,30,30,16,16],"gold":16,"neow_bonus":"THREE_ENEMY_KILL","is_daily":false,"chose_seed":false,"campfire_upgraded":3,"win_rate":0.0,"timestamp":1612602520,"path_taken":["M","M","?","M","?","E","?","?","T","E","M","R","$","M","R_BF","BOSS","M","?","?","M","M","R","$","?","T","R","E","M","M","AVR","R","BOSS","M","AVR","?","?","M","R","?","E","T","$","?"],"items_purchased_type":["Relic","Card","Relic","Relic","Card"],"build_version":"2020-12-22","purchased_purges":2,"victory":false,"max_hp_per_floor":[80,80,80,80,80,80,80,80,80,80,80,80,80,80,80,80,80,80,80,80,80,80,80,80,80,80,80,80,80,80,80,80,80,80,80,80,80,80,80,80,80,80,80,80,16,16],"card_choices":[{"not_picked":["Power Through","Flex","Heavy Blade"],"picked":"SKIP","floor":1},{"not_picked":["ReplayTheSpireMod:Limb From Limb","ReplayTheSpireMod:Strike From Hell"],"picked":"Feel No Pain","floor":2},{"not_picked":["Bloodletting","Pommel Strike"],"picked":"Run Through","floor":4},{"not_picked":["Exhume","Replay:Undeath\u0027s Touch"],"picked":"True Grit","floor":6},{"not_picked":["Clash","Bloodletting"],"picked":"Shrug It Off","floor":10},{"not_picked":["Body Slam","Sword Boomerang","Deadly Poison"],"picked":"Inflame","floor":11},{"not_picked":["Defy Death","Run Through","Deflect"],"picked":"Battle Trance","floor":14},{"not_picked":["Eclipse","Impervious","Venomology"],"picked":"Limit Break","floor":16},{"not_picked":["True Grit","Armaments","Dagger Spray"],"picked":"Replay:Undeath\u0027s Touch","floor":18},{"not_picked":["Rampage","True Grit+1","Underhanded Strike"],"picked":"Ghostly Armor","floor":21},{"not_picked":["Anger","Shrug It Off","conspire:ExplosiveBarrier","Deflect"],"picked":"SKIP","floor":22},{"not_picked":["Wild Strike+1","Clash","Underhanded Strike"],"picked":"Sword Boomerang+1","floor":28},{"not_picked":["Clothesline","Intimidate","Poisoned Stab"],"picked":"Massacre+1","floor":29},{"not_picked":["Sever Soul+1","Flame Barrier+1","Prepared"],"picked":"ReplayTheSpireMod:Strike From Hell","floor":30},{"not_picked":["Heavy Blade+1","Power Through+1","Anger","Accuracy"],"picked":"SKIP","floor":35},{"not_picked":["True Grit","Clothesline","ReplayTheSpireMod:Strike From Hell+1","ReplayTheSpireMod:Speed Training"],"picked":"SKIP","floor":39},{"not_picked":["Pommel Strike+1","Clothesline","Sword Boomerang","Calculated Gamble"],"picked":"SKIP","floor":41}],"player_experience":389721,"relics_obtained":[{"floor":6,"key":"ReplayTheSpireMod:Spearhead"},{"floor":9,"key":"Oddly Smooth Stone"},{"floor":10,"key":"hubris:DisguiseKit"},{"floor":15,"key":"King of Hearts"},{"floor":28,"key":"War Paint"},{"floor":43,"key":"Bag of Marbles"}],"event_choices":[{"damage_healed":0,"gold_gain":0,"player_choice":"Relic ","damage_taken":12,"max_hp_gain":0,"max_hp_loss":0,"event_name":"betterThird:BetterScrap","floor":5,"gold_loss":0,"cards_obtained":["ReplayTheSpireMod:Necrosis"]},{"damage_healed":0,"gold_gain":0,"player_choice":"Take Wound","damage_taken":0,"relics_obtained":["Golden Idol"],"max_hp_gain":0,"max_hp_loss":0,"event_name":"Golden Idol","floor":8,"gold_loss":0,"cards_obtained":["Injury"]},{"damage_healed":0,"gold_gain":0,"player_choice":"Gave Idol","damage_taken":0,"relics_obtained":["Bloody Idol"],"max_hp_gain":0,"max_hp_loss":0,"event_name":"Forgotten Altar","floor":20,"relics_lost":["Golden Idol"],"gold_loss":0},{"damage_healed":0,"gold_gain":0,"player_choice":"Copied","damage_taken":0,"max_hp_gain":0,"max_hp_loss":0,"event_name":"Duplicator","floor":38,"gold_loss":0,"cards_obtained":["infinitespire:FutureSight"]}],"is_beta":false,"boss_relics":[{"not_picked":["conspire:SeveredTorchhead","hubris:BlackHole"],"picked":"infinitespire:Cupcake"},{"not_picked":["Runic Dome","hubris:Stopwatch"],"picked":"hubris:HollowSoul"}],"items_purged_floors":[13,44],"is_endless":false,"potions_floor_spawned":[1,4,6,14,18,21,22,39],"killed_by":"conspire:MimicChest","ascension_level":4}}