{"host":"klqcd4cqxrk2p1u3","time":1612578807,"event":{"mods":["BaseMod","Downfall","Minty Spire (QoL Compilation)","StSLib"],"gold_per_floor":[99,112,124,136,24,24,74,74,92,102,102,102,113,145,157,258,258,58,77,77,77,77,162,162,62,47,47,58,58,58,92,106,106,106,106],"floor_reached":33,"language":"ENG","playtime":4228,"items_purged":["Regret"],"score":272,"play_id":"4c7240cb-e991-4498-b444-c1cc037c9dd3","local_time":"20210205213327","is_ascension_mode":false,"campfire_choices":[{"floor":1,"key":"RECALL"},{"floor":6,"key":"REST"},{"data":"bronze:GetLatest","floor":18,"key":"SMITH"},{"floor":25,"key":"REST"},{"data":"bronze:BuggyMess","floor":27,"key":"SMITH"},{"data":"Magnetism","floor":30,"key":"SMITH"}],"circlet_count":0,"master_deck":["bronze:Strike","bronze:Strike","bronze:Strike","bronze:Strike","bronze:Defend","bronze:Defend","bronze:Defend","bronze:Defend","bronze:Replicate","bronze:Goto","Magnetism+1","bronze:MaxOutput","bronze:Iterate","bronze:FineTuning","bronze:CutThrough","bronze:Shield","bronze:DelayedSlice","bronze:GetLatest+1","bronze:BronzeOrb","bronze:ShipIt","bronze:Branch","bronze:Assembly","bronze:Frontload+1","bronze:CutThrough","bronze:BuggyMess+1","bronze:ChosenStrike","bronze:Branch","bronze:Separator"],"relics":["bronze:BronzeCore","Bottled Tornado","Nunchaku","Runic Pyramid","downfall:HeartBlessingBlue","downfall:HeartBlessingRed","Centennial Puzzle","downfall:HeartBlessingGreen"],"acts_visited":["Exordium","TheCity"],"potions_floor_usage":[14,16,26,31],"damage_taken":[{"damage":8,"enemies":"Jaw Worm","floor":2,"turns":5},{"damage":7,"enemies":"Small Slimes","floor":3,"turns":4},{"damage":6,"enemies":"Cultist","floor":4,"turns":4},{"damage":12,"enemies":"downfall:FleeingMerchant","floor":5,"turns":4},{"damage":2,"enemies":"Large Slime","floor":9,"turns":6},{"damage":2,"enemies":"3 Louse","floor":10,"turns":2},{"damage":12,"enemies":"2 Fungi Beasts","floor":13,"turns":2},{"damage":19,"enemies":"3 Sentries","floor":14,"turns":5},{"damage":3,"enemies":"Gremlin Gang","floor":15,"turns":4},{"damage":5,"enemies":"SI_SHIV_ARCHETYPE","floor":16,"turns":6},{"damage":24,"enemies":"Spheric Guardian","floor":19,"turns":5},{"damage":0,"enemies":"Chosen","floor":22,"turns":1},{"damage":0,"enemies":"downfall:FleeingMerchant","floor":26,"turns":4},{"damage":23,"enemies":"Snecko","floor":28,"turns":9},{"damage":0,"enemies":"Shelled Parasite and Fungi","floor":31,"turns":5},{"damage":14,"enemies":"Snake Plant","floor":32,"turns":4},{"damage":51,"enemies":"IC_MUSHROOM_ARCHETYPE","floor":33,"turns":6}],"seed_played":"-6138303843843181712","potions_obtained":[{"floor":10,"key":"Swift Potion"},{"floor":13,"key":"bronze:FreeFunctionsPotion"},{"floor":14,"key":"DuplicationPotion"},{"floor":15,"key":"CultistPotion"},{"floor":19,"key":"bronze:BurnAndBuffPotion"},{"floor":28,"key":"Energy Potion"},{"floor":29,"key":"DistilledChaos"}],"is_trial":false,"path_per_floor":["R","M","M","M","$","R","T","?","M","M","T","?","M","E","M","B",null,"R","M","?","?","M","?","T","R","$","R","M","?","R","M","M","B"],"character_chosen":"THE_AUTOMATON","items_purchased":["bronze:Shield"],"campfire_rested":2,"item_purchase_floors":[5],"current_hp_per_floor":[70,62,55,49,37,58,58,58,56,54,54,59,47,28,25,20,75,85,61,45,75,75,61,61,88,88,88,65,65,65,65,51,0,0,0],"gold":106,"neow_bonus":"RANDOM_COLORLESS_2","is_daily":false,"chose_seed":false,"campfire_upgraded":3,"win_rate":0.0,"timestamp":1612578807,"path_taken":["R","M","M","M","$","R","T","?","M","M","?","?","M","E","M","BOSS","R","M","?","?","M","?","T","R","?","R","M","?","R","?","M","BOSS"],"items_purchased_type":["Card"],"build_version":"2020-12-22","purchased_purges":1,"victory":false,"max_hp_per_floor":[70,70,70,70,70,70,70,70,70,70,70,75,75,75,75,75,75,85,85,90,90,90,90,90,90,90,90,90,90,90,90,90,90,90,90],"card_choices":[{"not_picked":["The Bomb","Sadistic Nature"],"picked":"Magnetism","floor":0},{"not_picked":["bronze:Refactor","bronze:WildBeam"],"picked":"bronze:MaxOutput","floor":2},{"not_picked":["bronze:Backtrace","bronze:Turbo"],"picked":"bronze:Iterate","floor":3},{"not_picked":["bronze:Invalidate","bronze:Flail"],"picked":"bronze:FineTuning","floor":4},{"not_picked":["bronze:Safeguard","bronze:WhirlingStrike"],"picked":"bronze:CutThrough","floor":5},{"not_picked":["bronze:DigitalCarnage","bronze:Invalidate"],"picked":"bronze:DelayedSlice","floor":9},{"not_picked":["bronze:ChildClass","bronze:Optimize"],"picked":"bronze:GetLatest","floor":10},{"not_picked":["bronze:Branch","bronze:CloningBeam"],"picked":"bronze:BronzeOrb","floor":13},{"not_picked":["bronze:Overload","bronze:WhirlingStrike"],"picked":"bronze:ShipIt","floor":14},{"not_picked":["bronze:CloningBeam","bronze:ForLoop"],"picked":"bronze:Branch","floor":15},{"not_picked":["bronze:Break","bronze:RecursiveStrike"],"picked":"bronze:Assembly","floor":16},{"not_picked":["bronze:Fortify","bronze:BugBarrage"],"picked":"bronze:Frontload+1","floor":19},{"not_picked":["bronze:Boost","bronze:Fortify"],"picked":"bronze:CutThrough","floor":22},{"not_picked":["bronze:Branch+1","bronze:BronzeArmor+1"],"picked":"bronze:BuggyMess","floor":26},{"not_picked":["bronze:Fortify+1","bronze:DelayedGuard"],"picked":"bronze:ChosenStrike","floor":28},{"not_picked":["bronze:Turbo","bronze:DarkDash+1"],"picked":"bronze:Branch","floor":31},{"not_picked":["bronze:GetLatest","bronze:WhirlingStrike"],"picked":"bronze:Separator","floor":32}],"player_experience":1449480,"relics_obtained":[{"floor":11,"key":"Bottled Tornado"},{"floor":14,"key":"Nunchaku"},{"floor":24,"key":"Centennial Puzzle"}],"event_choices":[{"damage_healed":0,"gold_gain":0,"player_choice":"Donut","damage_taken":0,"max_hp_gain":5,"max_hp_loss":0,"event_name":"Big Fish","floor":12,"gold_loss":0},{"damage_healed":30,"gold_gain":0,"player_choice":"Heal","damage_taken":0,"max_hp_gain":0,"max_hp_loss":0,"event_name":"The Library","floor":21,"gold_loss":0},{"damage_healed":0,"gold_gain":0,"player_choice":"Got Potions","damage_taken":0,"max_hp_gain":0,"max_hp_loss":0,"event_name":"Lab","floor":29,"gold_loss":0}],"is_beta":false,"boss_relics":[{"not_picked":["Runic Dome","Cursed Key"],"picked":"Runic Pyramid"}],"items_purged_floors":[5],"is_endless":false,"potions_floor_spawned":[10,13,14,15,19,28],"killed_by":"IC_MUSHROOM_ARCHETYPE","ascension_level":0}}