{"host":"bnpj5ln693dhfj4y","time":1612593274,"event":{"mods":["AchievementEnabler","BaseMod","Colored Map","Colored Powertips","DeckTracker","Minty Spire (QoL Compilation)","Weighted Paths"],"gold_per_floor":[113,127,141,141,141,141,175,175,175,175,175,207,219,231,231,333,333,353,365,2,19,19,49,49,77,123,123,123,133,158,83,383,383,383],"floor_reached":33,"language":"ENG","playtime":2790,"items_purged":["Searing Blow"],"score":416,"play_id":"512e3048-a6b8-468b-a76f-d0cf973357cd","local_time":"20210206073434","is_ascension_mode":true,"campfire_choices":[{"data":"Bash","floor":6,"key":"SMITH"},{"data":"Pommel Strike","floor":8,"key":"SMITH"},{"data":"Iron Wave","floor":10,"key":"SMITH"},{"data":"Rampage","floor":15,"key":"SMITH"},{"floor":24,"key":"REST"},{"data":"Armaments","floor":27,"key":"SMITH"},{"floor":32,"key":"DIG"}],"circlet_count":0,"master_deck":["Bash+1","Iron Wave+1","Pommel Strike+1","Twin Strike","Shrug It Off","Flex","Rampage+1","Headbutt","Double Tap","Rampage","Headbutt","Flex+1","Reckless Charge","Evolve","Juggernaut","Body Slam","Armaments+1","Infernal Blade+1","Entrench+1","Cleave+1","Bite","Bite","Bite","Bite","Bite","Disarm+1","Fiend Fire","Inflame"],"relics":["Burning Blood","Matryoshka","The Courier","Potion Belt","Red Skull","Strawberry","Pandora\u0027s Box","Oddly Smooth Stone","MealTicket","Meat on the Bone","Shovel","Happy Flower","Anchor","War Paint","Old Coin"],"acts_visited":["Exordium","TheCity"],"potions_floor_usage":[7,7,12,18,23,25,30,33,33],"damage_taken":[{"damage":4,"enemies":"2 Louse","floor":1,"turns":3},{"damage":4,"enemies":"Jaw Worm","floor":2,"turns":5},{"damage":7,"enemies":"Small Slimes","floor":3,"turns":3},{"damage":25,"enemies":"3 Sentries","floor":7,"turns":8},{"damage":27,"enemies":"Lagavulin","floor":12,"turns":5},{"damage":0,"enemies":"2 Fungi Beasts","floor":13,"turns":2},{"damage":4,"enemies":"Exordium Wildlife","floor":14,"turns":4},{"damage":8,"enemies":"Slime Boss","floor":16,"turns":9},{"damage":30,"enemies":"3 Byrds","floor":18,"turns":5},{"damage":12,"enemies":"Chosen","floor":19,"turns":3},{"damage":39,"enemies":"Centurion and Healer","floor":21,"turns":4},{"damage":11,"enemies":"Gremlin Leader","floor":23,"turns":8},{"damage":39,"enemies":"Slavers","floor":25,"turns":5},{"damage":15,"enemies":"Cultist and Chosen","floor":29,"turns":6},{"damage":38,"enemies":"Book of Stabbing","floor":30,"turns":7},{"damage":79,"enemies":"Automaton","floor":33,"turns":6}],"seed_played":"2559424629894489906","potions_obtained":[{"floor":0,"key":"LiquidMemories"},{"floor":0,"key":"ColorlessPotion"},{"floor":0,"key":"ColorlessPotion"},{"floor":7,"key":"DuplicationPotion"},{"floor":12,"key":"Block Potion"},{"floor":14,"key":"FearPotion"},{"floor":18,"key":"SmokeBomb"},{"floor":25,"key":"Dexterity Potion"},{"floor":29,"key":"Weak Potion"},{"floor":30,"key":"Energy Potion"}],"is_trial":false,"path_per_floor":["M","M","M","?","?","R","E","R","T","R","?","E","M","M","R","B",null,"M","M","$","M","?","E","R","E","T","R","?","M","E","?","R","B"],"character_chosen":"IRONCLAD","items_purchased":["Oddly Smooth Stone","Entrench","MealTicket"],"campfire_rested":1,"item_purchase_floors":[20,20,20],"current_hp_per_floor":[80,80,79,79,76,76,57,57,57,57,57,43,49,51,51,49,78,54,48,48,15,15,28,46,35,35,35,35,46,44,44,44,0,0],"gold":383,"neow_bonus":"THREE_SMALL_POTIONS","is_daily":false,"chose_seed":false,"campfire_upgraded":5,"win_rate":0.0,"timestamp":1612593274,"path_taken":["M","M","M","?","?","R","E","R","T","R","?","E","M","M","R","BOSS","M","M","$","M","?","E","R","E","T","R","?","M","E","?","R","BOSS"],"items_purchased_type":["Relic","Card","Relic"],"build_version":"2020-12-22","purchased_purges":1,"victory":false,"max_hp_per_floor":[80,80,80,80,80,80,80,80,80,80,80,87,87,87,87,87,87,87,87,87,87,60,60,60,60,60,60,60,60,60,60,60,60,60],"card_choices":[{"not_picked":["Pommel Strike","Searing Blow"],"picked":"Iron Wave","floor":1},{"not_picked":["Flex","Fire Breathing"],"picked":"Pommel Strike","floor":2},{"not_picked":["Perfected Strike","Dark Embrace"],"picked":"Twin Strike","floor":3},{"not_picked":["Pummel","Clash"],"picked":"Shrug It Off","floor":7},{"not_picked":["Double Tap","Shockwave"],"picked":"Flex","floor":12},{"not_picked":["True Grit","Perfected Strike"],"picked":"Rampage","floor":13},{"not_picked":["Thunderclap","Clothesline"],"picked":"Headbutt","floor":14},{"not_picked":["Exhume","Berserk"],"picked":"Double Tap","floor":16},{"not_picked":["Anger","Power Through"],"picked":"Armaments","floor":18},{"not_picked":["Sword Boomerang+1","Seeing Red"],"picked":"Infernal Blade+1","floor":19},{"not_picked":["Wild Strike","Perfected Strike"],"picked":"Cleave+1","floor":21},{"not_picked":["Juggernaut","Headbutt"],"picked":"Disarm+1","floor":23},{"not_picked":["Bloodletting","Blood for Blood","Perfected Strike+1"],"picked":"SKIP","floor":25},{"not_picked":["Headbutt","Warcry"],"picked":"Fiend Fire","floor":29},{"not_picked":["Hemokinesis","Exhume"],"picked":"Inflame","floor":30}],"player_experience":335418,"relics_obtained":[{"floor":7,"key":"The Courier"},{"floor":9,"key":"Potion Belt"},{"floor":9,"key":"Red Skull"},{"floor":12,"key":"Strawberry"},{"floor":23,"key":"Meat on the Bone"},{"floor":25,"key":"Shovel"},{"floor":26,"key":"Happy Flower"},{"floor":26,"key":"Anchor"},{"floor":30,"key":"War Paint"},{"floor":32,"key":"Old Coin"}],"event_choices":[{"cards_removed":["Strike_R"],"damage_healed":0,"gold_gain":0,"player_choice":"Forget","damage_taken":0,"max_hp_gain":0,"max_hp_loss":0,"event_name":"Living Wall","floor":4,"gold_loss":0},{"damage_healed":0,"gold_gain":0,"player_choice":"Success","damage_taken":3,"relics_obtained":["Matryoshka"],"max_hp_gain":0,"max_hp_loss":0,"event_name":"Scrap Ooze","floor":5,"gold_loss":0},{"damage_healed":0,"gold_gain":0,"player_choice":"Ignored","damage_taken":0,"max_hp_gain":0,"max_hp_loss":0,"event_name":"Shining Light","floor":11,"gold_loss":0},{"damage_healed":0,"gold_gain":0,"player_choice":"Became a vampire","damage_taken":0,"max_hp_gain":0,"max_hp_loss":27,"event_name":"Vampires","floor":22,"gold_loss":0,"cards_obtained":["Bite","Bite","Bite","Bite","Bite"]},{"damage_healed":0,"gold_gain":0,"player_choice":"Smashed Altar","damage_taken":0,"max_hp_gain":0,"max_hp_loss":0,"event_name":"Forgotten Altar","floor":28,"gold_loss":0,"cards_obtained":["Decay"]},{"cards_removed":["Decay"],"damage_healed":0,"gold_gain":0,"player_choice":"Gave Gold","damage_taken":0,"max_hp_gain":0,"max_hp_loss":0,"event_name":"Beggar","floor":31,"gold_loss":75}],"is_beta":false,"boss_relics":[{"not_picked":["Philosopher\u0027s Stone","Tiny House"],"picked":"Pandora\u0027s Box"}],"items_purged_floors":[20],"is_endless":false,"potions_floor_spawned":[2,7,12,14,18,25,29,30],"killed_by":"Automaton","ascension_level":5}}