{"host":"Aki","time":1612617288,"event":{"mods":["ATMod(°¢èªMod)","BaseMod","Challenge The Spire","Custom Start","DeckTracker","Minty Spire (QoL Compilation)","Quick Restart","StSLib"],"gold_per_floor":[150,150,265,385,502,502,361,23,141,261,379,379,231,19,132,247,366,478],"floor_reached":19,"language":"ZHS","playtime":718,"items_purged":["Defend_R","Strike_R","Strike_R","Defend_R","Defend_R"],"score":2715,"play_id":"33528738-d7b1-45c8-ae59-7ee306cc8983","local_time":"20210206211448","daily_mods":["challengethespire:Bronze Difficulty","challengethespire:Boss Rush","Uncertain Future"],"is_ascension_mode":false,"campfire_choices":[{"data":"Bash","floor":2,"key":"SMITH"}],"circlet_count":0,"master_deck":["Defend_R","Bash+1","AT_Dispersion+1","Power Through+1","Warcry+1","Inflame+1","AT_ShrugMaster+1","Armaments+1","Warcry+1","AT_BodySlamDance+1","Barricade+1","Sword Boomerang+1","Power Through+1","Feel No Pain+1","Battle Trance+1","Dark Embrace+1","Shockwave+1","AT_GerminateFire+1","Limit Break+1","Burning Pact+1","AT_ShrugMaster+1","Impervious+1","Feel No Pain+1","Sentinel+1","Offering+1","Second Wind+1"],"relics":["Burning Blood","The Courier","Molten Egg 2","Toxic Egg 2","Frozen Egg 2","AT_ATBox","Medical Kit","AT_RedNoBalance","Paper Frog","Centennial Puzzle","AT_BladeRuinedKing","Strawberry","Sozu","Membership Card","AT_SunfireAegis","MealTicket","Pear","StrikeDummy","Art of War","Astrolabe","AT_RabadonDeathcap","Kunai","Whetstone","Bag of Marbles"],"acts_visited":["Exordium"],"potions_floor_usage":[],"damage_taken":[{"damage":2,"enemies":"Hexaghost","floor":3,"turns":8},{"damage":2,"enemies":"Slime Boss","floor":4,"turns":7},{"damage":0,"enemies":"The Guardian","floor":5,"turns":6},{"damage":0,"enemies":"Automaton","floor":9,"turns":4},{"damage":8,"enemies":"Champ","floor":10,"turns":5},{"damage":0,"enemies":"Collector","floor":11,"turns":4},{"damage":18,"enemies":"Donu and Deca","floor":15,"turns":4},{"damage":29,"enemies":"Time Eater","floor":16,"turns":5},{"damage":23,"enemies":"Awakened One","floor":17,"turns":4},{"damage":17,"enemies":"The Heart","floor":18,"turns":5}],"seed_played":"-6729570090627509686","potions_obtained":[{"floor":3,"key":"SpeedPotion"},{"floor":4,"key":"BloodPotion"}],"is_trial":true,"path_per_floor":["$","R","M","M","M","T","$","$","M","M","M","T","$","$","M","M","M","M",null],"character_chosen":"IRONCLAD","items_purchased":["Medical Kit","Power Through+1","Warcry+1","Inflame+1","AT_ShrugMaster+1","Armaments+1","Warcry+1","AT_SilverBalance","Paper Frog","Power Through+1","Membership Card","Feel No Pain+1","AT_SunfireAegis","MealTicket","AT_ShrugMaster+1","Impervious+1","AT_RabadonDeathcap"],"campfire_rested":0,"item_purchase_floors":[1,1,1,1,1,1,1,1,1,7,8,8,8,8,13,13,14],"current_hp_per_floor":[80,80,44,44,53,53,53,53,59,57,63,63,78,93,81,58,41,30],"gold":478,"neow_bonus":"","is_daily":false,"chose_seed":false,"campfire_upgraded":1,"win_rate":0.0,"timestamp":1612617288,"path_taken":["$","R","M","M","M","T","$","$","M","M","M","T","$","$","M","M","M","M"],"items_purchased_type":["Relic","Card","Card","Card","Card","Card","Card","Relic","Relic","Card","Relic","Card","Relic","Relic","Card","Card","Relic"],"build_version":"2020-12-18","purchased_purges":5,"victory":true,"max_hp_per_floor":[80,80,80,80,87,87,87,87,97,97,97,97,97,97,97,97,97,97],"card_choices":[],"player_experience":39818,"relics_obtained":[{"floor":3,"key":"Centennial Puzzle"},{"floor":4,"key":"AT_BladeRuinedKing"},{"floor":5,"key":"Strawberry"},{"floor":9,"key":"Pear"},{"floor":10,"key":"StrikeDummy"},{"floor":11,"key":"Art of War"},{"floor":16,"key":"Kunai"},{"floor":17,"key":"Whetstone"},{"floor":18,"key":"Bag of Marbles"}],"event_choices":[],"is_beta":true,"boss_relics":[{"not_picked":["Empty Cage","Mark of Pain"],"picked":"Sozu"},{"not_picked":["AT_MortalBlade","Runic Dome"],"picked":"Astrolabe"}],"items_purged_floors":[1,7,8,13,14],"is_endless":false,"potions_floor_spawned":[3,4,10,16],"ascension_level":0}}