{"host":"w0w6pulqqtqvk313","time":1612650525,"event":{"mods":["BaseMod","Downfall","Hermit","Marisa????????","Minty Spire (QoL Compilation)","READ ME - Snecko Mod","Shop Mod","StSLib","The Blackbeard","The Bug Knight","The Disciple","The Jungle","The Necromancer","The Servant 0.9.4","The Witch"],"gold_per_floor":[99,111,111,111,125,135,135,41,53,66,76,87,237,269,280,280,280,280],"floor_reached":16,"language":"SPA","playtime":2607,"items_purged":[],"score":106,"play_id":"3301c7a7-607c-43fb-8a79-f97331d79429","local_time":"20210206232845","is_ascension_mode":false,"campfire_choices":[{"floor":1,"key":"RECALL"}],"circlet_count":0,"master_deck":["Guardian:Strike_Guardian","Guardian:Strike_Guardian","Guardian:Strike_Guardian","Guardian:Strike_Guardian","Guardian:Defend_Guardian","Guardian:Defend_Guardian","Guardian:Defend_Guardian","Guardian:CurlUp","Guardian:TwinSlam","Guardian:BronzeOrb","Guardian:Gem_Yellow","Guardian:Gem_Green","Guardian:TimeSifter","Guardian:EvasiveProtocol","Guardian:EvasiveProtocol","Guardian:ArmoredProtocol","Guardian:Gem_Red","Guardian:Gem_Lightblue","downfall:Icky","Guardian:RevengeProtocol","Guardian:BronzeOrb"],"relics":["Guardian:ModeShifter","White Beast Statue"],"acts_visited":["Exordium"],"potions_floor_usage":[14,14,14,14,16,16,16],"damage_taken":[{"damage":11,"enemies":"Jaw Worm","floor":2,"turns":4},{"damage":0,"enemies":"Small Slimes","floor":5,"turns":3},{"damage":6,"enemies":"Cultist","floor":6,"turns":4},{"damage":0,"enemies":"downfall:FleeingMerchant","floor":8,"turns":4},{"damage":5,"enemies":"2 Fungi Beasts","floor":9,"turns":5},{"damage":2,"enemies":"Blue Slaver","floor":10,"turns":4},{"damage":15,"enemies":"Gremlin Gang","floor":11,"turns":7},{"damage":6,"enemies":"3 Louse","floor":12,"turns":4},{"damage":6,"enemies":"Gremlin Nob","floor":14,"turns":6},{"damage":0,"enemies":"Blue Slaver","floor":15,"turns":5},{"damage":44,"enemies":"WA_ARCHETYPE_RETAIN","floor":16,"turns":15}],"seed_played":"-8179824374857337862","potions_obtained":[{"floor":6,"key":"Weak Potion"},{"floor":11,"key":"FearPotion"},{"floor":12,"key":"EntropicBrew"},{"floor":15,"key":"Block Potion"}],"is_trial":false,"path_per_floor":["R","M","?","?","M","M","T","$","M","M","M","M","?","E","M","B"],"character_chosen":"GUARDIAN","items_purchased":["Guardian:EvasiveProtocol"],"campfire_rested":0,"item_purchase_floors":[8],"current_hp_per_floor":[88,77,82,82,82,76,76,76,71,69,54,48,48,42,42,0,0,0],"gold":280,"neow_bonus":"TEN_PERCENT_HP_BONUS","is_daily":false,"chose_seed":false,"campfire_upgraded":0,"win_rate":0.0,"timestamp":1612650525,"path_taken":["R","M","?","?","M","M","T","$","M","M","?","M","?","E","M","BOSS"],"items_purchased_type":["Card"],"build_version":"2020-12-22","purchased_purges":0,"victory":false,"max_hp_per_floor":[88,88,93,93,93,93,93,93,93,93,93,93,93,93,93,93,93,93],"card_choices":[{"not_picked":["Guardian:TemporalShield","Guardian:PrimingBeam"],"picked":"Guardian:BronzeOrb","floor":2},{"not_picked":["Guardian:Clone","Guardian:Gem_Cyan"],"picked":"Guardian:Gem_Yellow","floor":5},{"not_picked":["Guardian:Emergency","Guardian:Incinerate"],"picked":"Guardian:Gem_Green","floor":6},{"not_picked":["Guardian:StasisStrike","Guardian:PrimingBeam"],"picked":"Guardian:TimeSifter","floor":8},{"not_picked":["Guardian:BronzeArmor","Guardian:Preprogram"],"picked":"Guardian:EvasiveProtocol","floor":9},{"not_picked":["Guardian:PiercingHide","Guardian:Recover"],"picked":"Guardian:ArmoredProtocol","floor":10},{"not_picked":["Guardian:Reroute","Guardian:Incinerate"],"picked":"Guardian:Gem_Red","floor":11},{"not_picked":["Guardian:Incinerate","Guardian:PrismaticBarrier"],"picked":"Guardian:Gem_Lightblue","floor":12},{"not_picked":["Guardian:PrismaticBeam","Guardian:Harden"],"picked":"Guardian:RevengeProtocol","floor":14},{"not_picked":["Guardian:Gem_Fragmented","Guardian:VentSteam"],"picked":"Guardian:BronzeOrb","floor":15}],"player_experience":140778,"relics_obtained":[{"floor":14,"key":"White Beast Statue"}],"event_choices":[{"damage_healed":0,"gold_gain":0,"player_choice":"Donut","damage_taken":0,"max_hp_gain":5,"max_hp_loss":0,"event_name":"Big Fish","floor":3,"gold_loss":0},{"cards_removed":["Guardian:Defend_Guardian"],"damage_healed":0,"gold_gain":0,"player_choice":"Offered Basic","damage_taken":0,"max_hp_gain":0,"max_hp_loss":0,"event_name":"Bonfire Elementals","floor":4,"gold_loss":0}],"is_beta":false,"boss_relics":[],"items_purged_floors":[],"is_endless":false,"potions_floor_spawned":[6,11,12,15],"killed_by":"WA_ARCHETYPE_RETAIN","ascension_level":0}}