{"host":"d61fcf2p3sjwe6yo","time":1612615774,"event":{"mods":["Act Like it!","BaseMod","Colored Map","Gensokyo","Koishi","Marisa????????","Minty Spire (QoL Compilation)","Reimu??????","StSLib","SuperFastMode","The Servant 0.9.4"],"gold_per_floor":[112,123,298,298,308,308,335,351,351,364,391,403,413,195,195,195,195],"floor_reached":16,"language":"ENG","playtime":1012,"items_purged":["Doubt"],"score":114,"play_id":"df112467-31a9-4502-a851-915be5f4bd46","local_time":"20210206154934","is_ascension_mode":false,"campfire_choices":[{"data":"Koishi:ImGoingToCallYouNow","floor":6,"key":"SMITH"},{"data":"Koishi:RuptureMind","floor":15,"key":"SMITH"}],"circlet_count":0,"master_deck":["Koishi:BasicStrike","Koishi:BasicStrike","Koishi:BasicStrike","Koishi:BasicStrike","Koishi:BasicDefend","Koishi:BasicDefend","Koishi:BasicDefend","Koishi:BasicDefend+1","Koishi:Provoke","Koishi:HauntingSlash","Koishi:RacingHeart","Koishi:UnseenTerror","Koishi:ImGoingToCallYouNow+1","Koishi:JumpScare","Koishi:EmbersOfLove","Koishi:DreadfulBlow","Koishi:PredatoryInstincts+1","Koishi:PhantomBarrier","Koishi:Vanish","Koishi:RuptureMind+1"],"relics":["Koishi:ImaginaryFriend","Vajra","Mummified Hand","Oddly Smooth Stone","War Paint"],"acts_visited":["Exordium"],"potions_floor_usage":[7,7,11,16],"damage_taken":[{"damage":4,"enemies":"Jaw Worm","floor":1,"turns":5},{"damage":0,"enemies":"Small Slimes","floor":2,"turns":3},{"damage":1,"enemies":"Cultist","floor":5,"turns":4},{"damage":42,"enemies":"Gremlin Nob","floor":7,"turns":6},{"damage":18,"enemies":"Blue Slaver","floor":8,"turns":4},{"damage":16,"enemies":"Exordium Thugs","floor":10,"turns":7},{"damage":43,"enemies":"Lagavulin","floor":11,"turns":11},{"damage":11,"enemies":"3 Louse","floor":12,"turns":6},{"damage":2,"enemies":"Blue Slaver","floor":13,"turns":5},{"damage":69,"enemies":"Hexaghost","floor":16,"turns":15}],"seed_played":"-9046166158764043073","potions_obtained":[{"floor":2,"key":"Swift Potion"},{"floor":5,"key":"PowerPotion"},{"floor":10,"key":"Block Potion"},{"floor":12,"key":"Strength Potion"},{"floor":13,"key":"Weak Potion"}],"is_trial":false,"path_per_floor":["M","M","?","?","M","R","E","M","T","M","E","M","M","$","R","B"],"character_chosen":"KOISHI","items_purchased":["Koishi:RuptureMind"],"campfire_rested":0,"item_purchase_floors":[14],"current_hp_per_floor":[65,66,66,48,51,51,34,44,44,62,59,66,66,66,66,0,0],"gold":195,"neow_bonus":"TEN_PERCENT_HP_BONUS","is_daily":false,"chose_seed":false,"campfire_upgraded":2,"win_rate":0.0,"timestamp":1612615774,"path_taken":["M","M","?","?","M","R","E","M","T","M","E","M","M","$","R","BOSS"],"items_purchased_type":["Card"],"build_version":"2020-12-22","purchased_purges":1,"victory":false,"max_hp_per_floor":[66,66,66,66,66,66,66,66,66,66,66,66,66,66,66,66,66],"card_choices":[{"not_picked":["Koishi:JumpScare","Koishi:PhantomStrike"],"picked":"Koishi:RacingHeart","floor":1},{"not_picked":["Koishi:PhantomBarrier","Koishi:BloodcurdlingScream"],"picked":"Koishi:UnseenTerror","floor":2},{"not_picked":["Koishi:YoukaiPolygraph","Koishi:EmbersOfLove"],"picked":"Koishi:ImGoingToCallYouNow","floor":5},{"not_picked":["Koishi:RuptureMind","Koishi:StingingMind"],"picked":"Koishi:JumpScare","floor":7},{"not_picked":["Koishi:PhantomBarrier","Koishi:Prune"],"picked":"Koishi:EmbersOfLove","floor":8},{"not_picked":["Koishi:SpiritedAway","Koishi:StingingMind"],"picked":"Koishi:DreadfulBlow","floor":10},{"not_picked":["Koishi:UnansweredLove","Koishi:GhostParty"],"picked":"Koishi:PredatoryInstincts","floor":11},{"not_picked":["Koishi:SubconsciousSweep","Koishi:YoukaiPolygraph"],"picked":"Koishi:PhantomBarrier","floor":12},{"not_picked":["Koishi:LastRemote","Koishi:DreadfulBlow"],"picked":"Koishi:Vanish","floor":13}],"player_experience":259097,"relics_obtained":[{"floor":7,"key":"Mummified Hand"},{"floor":9,"key":"Oddly Smooth Stone"},{"floor":11,"key":"War Paint"}],"event_choices":[{"damage_healed":0,"gold_gain":175,"player_choice":"AGREE","damage_taken":0,"max_hp_gain":0,"max_hp_loss":0,"event_name":"Liars Game","floor":3,"gold_loss":0,"cards_obtained":["Doubt"]},{"damage_healed":0,"gold_gain":0,"player_choice":"Success","damage_taken":18,"relics_obtained":["Vajra"],"max_hp_gain":0,"max_hp_loss":0,"event_name":"Scrap Ooze","floor":4,"gold_loss":0}],"is_beta":false,"boss_relics":[],"items_purged_floors":[14],"is_endless":false,"potions_floor_spawned":[2,5,10,12,13],"killed_by":"Hexaghost","ascension_level":0}}