{"host":"1p8eqzpvl5sxeu5t","time":1612579611,"event":{"mods":["BaseMod","Bestiary","Block Reminder","Colored Map","Colored Powertips","Curses Come First","Dark Map","Downfall","Highlight Path","Minty Spire (QoL Compilation)","Morshu Shopkeeper","Morshu Shopkeeper - ENHANCED","Relic Stats","StSLib","The IronCluck","Waifu the Spire","everything is the same but u backflip on backflip","slay the spire mod where everything is the same but ironclad has a cowboy hat"],"gold_per_floor":[99,114,114,133,133,146,146,164,194,214,214,240,140,159,171,272,272,272,285,300,300,317,317,317,317],"floor_reached":23,"language":"ENG","playtime":1167,"items_purged":[],"score":226,"play_id":"341e5daa-e828-4344-a776-3cabf0982f29","local_time":"20210206104651","is_ascension_mode":true,"campfire_choices":[{"data":"hexamod:Float","floor":1,"key":"SMITH"},{"data":"hexamod:SearingWound","floor":11,"key":"SMITH"},{"data":"hexamod:HeatMetal","floor":13,"key":"SMITH"},{"floor":18,"key":"RECALL"}],"circlet_count":0,"master_deck":["hexamod:Strike","hexamod:Strike","hexamod:Strike","hexamod:Defend","hexamod:Defend","hexamod:Defend","hexamod:Defend","hexamod:Sear","hexamod:Float+1","Deep Breath","hexamod:AdvancingGuard","hexamod:HeatMetal+1","hexamod:SearingWound+1","hexamod:FlamesFromBeyond","hexamod:GhostOfSpireFuture","hexamod:VolcanoVisage","hexamod:PhantomCloak"],"relics":["hexamod:SpiritBrand","Singing Bowl","Eternal Feather","Slimebound:PreparedRelic","Pantograph","downfall:HeartBlessingGreen","Black Star"],"acts_visited":["Exordium","TheCity"],"potions_floor_usage":[21,23],"damage_taken":[{"damage":0,"enemies":"2 Louse","floor":2,"turns":3},{"damage":0,"enemies":"Cultist","floor":4,"turns":3},{"damage":0,"enemies":"Jaw Worm","floor":6,"turns":3},{"damage":3,"enemies":"Blue Slaver","floor":8,"turns":3},{"damage":13,"enemies":"Lagavulin","floor":9,"turns":7},{"damage":3,"enemies":"Red Slaver","floor":10,"turns":4},{"damage":9,"enemies":"3 Sentries","floor":12,"turns":7},{"damage":4,"enemies":"2 Fungi Beasts","floor":14,"turns":4},{"damage":15,"enemies":"Lots of Slimes","floor":15,"turns":3},{"damage":24,"enemies":"WA_ARCHETYPE_RETAIN","floor":16,"turns":6},{"damage":10,"enemies":"Spheric Guardian","floor":19,"turns":4},{"damage":9,"enemies":"Shell Parasite","floor":20,"turns":6},{"damage":0,"enemies":"Masked Bandits","floor":21,"turns":1},{"damage":17,"enemies":"Sentry and Sphere","floor":22,"turns":6},{"damage":50,"enemies":"Gremlin Leader","floor":23,"turns":3}],"seed_played":"-7991340826990007010","potions_obtained":[{"floor":2,"key":"SmokeBomb"},{"floor":6,"key":"sneckomod:MuddlingPotion"},{"floor":15,"key":"Fruit Juice"}],"is_trial":false,"path_per_floor":["R","M","?","M","T","M","T","M","E","M","R","E","R","M","M","B",null,"R","M","M","?","M","E"],"character_chosen":"THE_SPIRIT","items_purchased":[],"campfire_rested":0,"item_purchase_floors":[],"current_hp_per_floor":[70,70,70,70,70,72,72,71,58,55,61,54,60,56,43,44,78,78,68,61,61,46,0,0,0],"gold":317,"neow_bonus":"RANDOM_COLORLESS","is_daily":false,"chose_seed":false,"campfire_upgraded":3,"win_rate":0.0,"timestamp":1612579611,"path_taken":["R","M","?","?","?","M","T","M","E","M","R","E","R","?","M","BOSS","R","M","M","?","M","E"],"items_purchased_type":[],"build_version":"2020-12-22","purchased_purges":0,"victory":false,"max_hp_per_floor":[70,70,70,70,70,72,72,74,74,74,74,76,76,76,78,78,78,78,78,80,80,82,82,82,82],"relic_stats":{"Singing Bowl":12,"counters":[15,63],"Pantograph":25,"Eternal Feather":12,"Black Star":0,"obtain_stats":[{"Singing Bowl":5,"Pantograph":12,"Eternal Feather":7,"downfall:HeartBlessingGreen":13,"Slimebound:PreparedRelic":9,"Black Star":17,"hexamod:SpiritBrand":0},{"Singing Bowl":2,"Pantograph":7,"Eternal Feather":3,"downfall:HeartBlessingGreen":7,"Slimebound:PreparedRelic":5,"Black Star":10,"hexamod:SpiritBrand":0},{"Singing Bowl":6,"Pantograph":30,"Eternal Feather":9,"downfall:HeartBlessingGreen":30,"Slimebound:PreparedRelic":19,"Black Star":43,"hexamod:SpiritBrand":0}]},"card_choices":[{"not_picked":["Mind Blast","Blind"],"picked":"Deep Breath","floor":0},{"not_picked":["hexamod:InspiringFlames","hexamod:GhostShield"],"picked":"hexamod:AdvancingGuard","floor":2},{"not_picked":["hexamod:FlamesFromBeyond","hexamod:NightmareStrike"],"picked":"hexamod:HeatMetal","floor":4},{"not_picked":["hexamod:HauntingEcho","hexamod:NightmareGuise","hexamod:HeatMetal"],"picked":"Singing Bowl","floor":6},{"not_picked":["hexamod:Firestarter","hexamod:NightmareStrike","hexamod:ThirdSeal"],"picked":"Singing Bowl","floor":8},{"not_picked":["hexamod:FastForward","hexamod:GhostflameInferno"],"picked":"hexamod:SearingWound","floor":9},{"not_picked":["hexamod:HeatMetal","hexamod:Again"],"picked":"hexamod:FlamesFromBeyond","floor":10},{"not_picked":["hexamod:PhantomCloak","hexamod:PhantomFireball","hexamod:AdvancingGuard"],"picked":"Singing Bowl","floor":12},{"not_picked":["hexamod:InspiringFlames","hexamod:RadiantFlame"],"picked":"hexamod:GhostOfSpireFuture","floor":14},{"not_picked":["hexamod:GhostOfSpireFuture","hexamod:GhostShield","hexamod:ThermalTransfer"],"picked":"Singing Bowl","floor":15},{"not_picked":["hexamod:UnleashSpirits","hexamod:FifthSeal"],"picked":"hexamod:VolcanoVisage","floor":16},{"not_picked":["hexamod:GhostLash","hexamod:SwordOfDarkness+1"],"picked":"hexamod:PhantomCloak","floor":19},{"not_picked":["hexamod:FlamesFromBeyond+1","hexamod:AdvancingGuard","hexamod:FourthSeal"],"picked":"Singing Bowl","floor":20},{"not_picked":["hexamod:BacktrackSmack","hexamod:SoulSteal+1","hexamod:SpectersWail+1"],"picked":"Singing Bowl","floor":22}],"player_experience":892902,"relics_obtained":[{"floor":5,"key":"Singing Bowl"},{"floor":7,"key":"Eternal Feather"},{"floor":9,"key":"Slimebound:PreparedRelic"},{"floor":12,"key":"Pantograph"}],"event_choices":[{"cards_removed":["hexamod:Strike"],"damage_healed":0,"gold_gain":0,"player_choice":"Offered Basic","damage_taken":0,"max_hp_gain":0,"max_hp_loss":0,"event_name":"Bonfire Elementals","floor":3,"gold_loss":0},{"damage_healed":0,"gold_gain":0,"player_choice":"Fought Bandits","damage_taken":0,"max_hp_gain":0,"max_hp_loss":0,"event_name":"Masked Bandits","floor":21,"gold_loss":0}],"is_beta":false,"boss_relics":[{"not_picked":["Empty Cage","Fusion Hammer"],"picked":"Black Star"}],"items_purged_floors":[],"is_endless":false,"potions_floor_spawned":[2,6,15,16,21],"killed_by":"Gremlin Leader","ascension_level":2}}