{"host":"rvofswtrkybk7ok8","time":1612619148,"event":{"mods":["ATMod(°¢èªMod)","BaseMod","Card Filter","Colored Map","Minty Spire (QoL Compilation)","Quick Restart","StSLib"],"gold_per_floor":[129,241,267,297,309,321,366,378,415,447,494,506,518,455,467,572,584,619,614,62,80,102,102,111,111,157,304,1475,1475,1541,1709,1709,1941,1941,2000,2156,84,139,253,253,253,0,54,54,223,295,295,304,304,729,729,729,27,318,443],"floor_reached":56,"language":"ZHS","playtime":1892,"items_purged":["Defend_B"],"score":2877,"play_id":"353e79ac-5aa6-4166-a30b-6d89631a52ab","local_time":"20210206214547","is_ascension_mode":true,"campfire_choices":[{"data":"Hologram","floor":6.0,"key":"SMITH"},{"floor":13.0,"key":"REST"},{"data":"Dualcast","floor":15.0,"key":"SMITH"},{"data":"Strike_B","floor":23,"key":"PURGE"},{"data":"Defend_B","floor":25,"key":"PURGE"},{"floor":29,"key":"RECALL"},{"floor":32,"key":"DIG"},{"data":"Strike_B","floor":40,"key":"PURGE"},{"data":"Defend_B+1","floor":41,"key":"PURGE"},{"floor":44,"key":"DIG"},{"data":"Hyperbeam","floor":49,"key":"SMITH"},{"floor":52,"key":"DIG"}],"circlet_count":10,"master_deck":["AscendersBane","Zap+1","Dualcast+1","AT_WaterDrop+1","Ball Lightning+1","Cold Snap+1","Hologram+1","Skim+1","Coolheaded+1","Barrage+1","Seek+1","CurseOfTheBell","Aggregate+1","Steam Power+1","AT_ThreeBodyProblem+1","Static Discharge+1","Buffer+1","Hyperbeam+1","AT_DarkMatter+1","Fusion+1","Tempest+1","Capacitor+1","AT_RightCognition+1","AT_StudyProgram+1","AT_StudyProgram+1","Apotheosis+1","Reboot+1","Meteor Strike+1","Turbo+1","Meteor Strike+1","Electrodynamics+1","AT_FamilyPortrait+1","Reprogram+1","Capacitor+1","Storm+1","AT_StudyProgram+1","AT_StudyProgram+1","Heatsinks+1","AT_StudyProgram+1","Self Repair+1","Heatsinks+1","AT_ThreeBodyProblem+1","AT_StudyProgram+1"],"relics":["Cracked Core","AT_ATBox","MawBank","Golden Idol","Juzu Bracelet","Peace Pipe","AT_TimeSand","Calling Bell","Pen Nib","The Courier","Torii","Bronze Scales","Prayer Wheel","Ornamental Fan","Toxic Egg 2","Bag of Marbles","Kunai","AT_ForceNature","CeramicFish","Turnip","Gremlin Horn","Nunchaku","Blue Candle","StoneCalendar","Medical Kit","StrikeDummy","TungstenRod","InkBottle","Frozen Egg 2","AT_PhaseBoots","AT_SunfireAegis","AT_ImmortalShieldbow","AT_RedTearstoneRing","AT_TheCollector","Oddly Smooth Stone","Shovel","Omamori","Pear","AT_SilvercatRing","Question Card","Mercury Hourglass","AT_BellowingDragoncrestRing","Bottled Tornado","Lantern","Happy Flower","Anchor","Pantograph","Blood Vial","Whetstone","Matryoshka","MealTicket","Mummified Hand","Tiny Chest","Sundial","War Paint","AT_ChloranthyRing","HornCleat","Orichalcum","Singing Bowl","AT_BladeRuinedKing","Pocketwatch","AT_RedNoBalance","AT_Kusabimaru","Boot","Cables","Lizard Tail","Centennial Puzzle","Meat on the Bone","Ice Cream","AT_GuinsooRageblade","Vajra","Strawberry","Akabeko","OrangePellets","AT_MibuBalloonWealth","AT_ArchangelStaff","Gambling Chip","DataDisk","PreservedInsect","Potion Belt","Regal Pillow","Art of War","AT_LudenTempest","Letter Opener","Eternal Feather","Bottled Lightning","Dead Branch","AT_DeathDance","Molten Egg 2","Emotion Chip","Shuriken","Bag of Preparation","AT_Manta","Symbiotic Virus","Busted Crown","AT_GoldPhoenixTree","Unceasing Top","WingedGreaves","AT_RabadonDeathcap","Bird Faced Urn","Du-Vu Doll","Ginger","Thread and Needle","DollysMirror","FossilizedHelix","Circlet","Red Mask","PrismaticShard"],"acts_visited":["Exordium","TheCity","TheBeyond","TheEnding"],"potions_floor_usage":[19],"damage_taken":[{"damage":3.0,"enemies":"Jaw Worm","floor":1.0,"turns":4.0},{"damage":0.0,"enemies":"Cultist","floor":3.0,"turns":2.0},{"damage":1.0,"enemies":"2 Louse","floor":4.0,"turns":2.0},{"damage":15.0,"enemies":"Lagavulin","floor":7.0,"turns":4.0},{"damage":7.0,"enemies":"Looter","floor":10.0,"turns":3.0},{"damage":8.0,"enemies":"3 Sentries","floor":11.0,"turns":11.0},{"damage":1.0,"enemies":"The Guardian","floor":16.0,"turns":10.0},{"damage":21.0,"enemies":"Spheric Guardian","floor":18.0,"turns":4.0},{"damage":20,"enemies":"2 Thieves","floor":19,"turns":4},{"damage":0,"enemies":"3 Cultists","floor":22,"turns":3},{"damage":0,"enemies":"Slavers","floor":27,"turns":1},{"damage":0,"enemies":"Cultist and Chosen","floor":30,"turns":1},{"damage":0,"enemies":"Book of Stabbing","floor":31,"turns":1},{"damage":0,"enemies":"Automaton","floor":33,"turns":1},{"damage":0,"enemies":"Orb Walker","floor":35,"turns":1},{"damage":0,"enemies":"Mind Bloom Boss Battle","floor":36,"turns":1},{"damage":0,"enemies":"2 Orb Walkers","floor":39,"turns":1},{"damage":0,"enemies":"Nemesis","floor":45,"turns":1},{"damage":0,"enemies":"Awakened One","floor":50,"turns":2},{"damage":0,"enemies":"Shield and Spear","floor":54,"turns":1},{"damage":0,"enemies":"The Heart","floor":55,"turns":3}],"seed_played":"-6340878951365151989","potions_obtained":[{"floor":3.0,"key":"EssenceOfDarkness"},{"floor":7.0,"key":"FocusPotion"},{"floor":11.0,"key":"DuplicationPotion"},{"floor":27,"key":"BlessingOfTheForge"},{"floor":31,"key":"Swift Potion"},{"floor":35,"key":"Explosive Potion"},{"floor":36,"key":"DuplicationPotion"},{"floor":54,"key":"AttackPotion"}],"is_trial":false,"path_per_floor":["M","?","M","M","?","R","E","?","T","M","E","$","R","?","R","B",null,"M","M","$","?","M","R","?","R","T","E","$","R","M","E","R","B",null,"M","?","$","T","?","R","R","?","T","R","E","T","T","?","R","B",null,"R","$","E","B",null],"character_chosen":"DEFECT","items_purchased":["Bronze Scales","Prayer Wheel","Ornamental Fan","Toxic Egg 2","Bag of Marbles","Kunai","AT_ForceNature","CeramicFish","Turnip","Gremlin Horn","Nunchaku","Blue Candle","StoneCalendar","Medical Kit","StrikeDummy","TungstenRod","InkBottle","Frozen Egg 2","AT_SpeedBoots","AT_SunfireAegis","AT_ImmortalShieldbow","AT_RedTearstoneRing","AT_TheCollector","Oddly Smooth Stone","Shovel","Omamori","Pear","AT_SilvercatRing","Question Card","Mercury Hourglass","AT_BellowingDragoncrestRing","AT_ThreeBodyProblem+1","Bottled Tornado","Lantern","Happy Flower","Anchor","Pantograph","Blood Vial","Whetstone","Matryoshka","MealTicket","Mummified Hand","Tiny Chest","Sundial","War Paint","AT_ChloranthyRing","HornCleat","Orichalcum","Singing Bowl","AT_BladeRuinedKing","Pocketwatch","AT_SilverBalance","AT_Kusabimaru","Boot","Cables","Lizard Tail","Centennial Puzzle","Meat on the Bone","Ice Cream","AT_GuinsooRageblade","Static Discharge+1","OrangePellets","AT_MibuBalloonWealth","Capacitor+1","AT_RightCognition+1","AT_StudyProgram+1","AT_StudyProgram+1","AT_ArchangelStaff","Gambling Chip","DataDisk","PreservedInsect","Potion Belt","Regal Pillow","Art of War","AT_LudenTempest","Letter Opener","Eternal Feather","Bottled Lightning","Dead Branch","AT_DeathDance","Molten Egg 2","Emotion Chip","Shuriken","Bag of Preparation","Apotheosis+1","Reboot+1","Unceasing Top","WingedGreaves","AT_RabadonDeathcap","Bird Faced Urn","Du-Vu Doll","Ginger","Thread and Needle","DollysMirror","FossilizedHelix","PrismaticShard","Reprogram+1","Capacitor+1","Storm+1","AT_StudyProgram+1","AT_StudyProgram+1","Heatsinks+1","AT_StudyProgram+1","Self Repair+1","Heatsinks+1","AT_ThreeBodyProblem+1","AT_StudyProgram+1"],"campfire_rested":1,"item_purchase_floors":[20,20,20,20,20,20,20,20,20,20,20,20,20,20,20,20,20,20,20,20,20,20,20,20,20,20,20,20,20,20,20,20,20,20,20,20,20,20,20,20,20,20,20,20,20,20,20,20,20,20,20,20,20,20,20,20,20,20,20,20,20,28,28,28,28,28,28,28,28,28,28,28,28,28,28,28,28,28,28,28,28,28,28,28,28,28,37,37,37,37,37,37,37,37,37,53,53,53,53,53,53,53,53,53,53,53,53],"current_hp_per_floor":[61,61,61,60,36,36,21,21,21,14,6,6,27,27,27,26,60,39,19,29,29,44,44,44,44,51,47,62,77,51,51,66,75,91,95,100,100,100,102,102,102,102,102,102,102,102,102,102,102,102,102,102,102,104,104],"gold":443,"neow_bonus":"RANDOM_COMMON_RELIC","is_daily":false,"chose_seed":false,"campfire_upgraded":3,"win_rate":0.0,"timestamp":1612619147,"path_taken":["M","?","?","M","?","R","E","?","T","M","E","?","R","?","R","BOSS","M","M","$","?","M","R","?","R","T","E","$","R","M","E","R","BOSS","M","?","$","?","?","R","R","?","T","R","E","?","?","?","R","BOSS","R","$","E","BOSS"],"items_purchased_type":["Relic","Relic","Relic","Relic","Relic","Relic","Relic","Relic","Relic","Relic","Relic","Relic","Relic","Relic","Relic","Relic","Relic","Relic","Relic","Relic","Relic","Relic","Relic","Relic","Relic","Relic","Relic","Relic","Relic","Relic","Relic","Card","Relic","Relic","Relic","Relic","Relic","Relic","Relic","Relic","Relic","Relic","Relic","Relic","Relic","Relic","Relic","Relic","Relic","Relic","Relic","Relic","Relic","Relic","Relic","Relic","Relic","Relic","Relic","Relic","Card","Relic","Relic","Card","Card","Card","Card","Relic","Relic","Relic","Relic","Relic","Relic","Relic","Relic","Relic","Relic","Relic","Relic","Relic","Relic","Relic","Relic","Relic","Card","Card","Relic","Relic","Relic","Relic","Relic","Relic","Relic","Relic","Relic","Relic","Card","Card","Card","Card","Card","Card","Card","Card","Card","Card","Card"],"build_version":"2020-12-22","purchased_purges":1,"victory":true,"max_hp_per_floor":[71,71,71,71,71,71,71,71,71,71,71,71,71,71,71,71,71,71,71,81,81,83,83,83,83,90,90,90,90,94,96,96,96,96,98,100,100,100,102,102,102,102,102,102,102,102,102,102,102,102,102,102,102,104,104],"card_choices":[{"not_picked":["Leap","AT_WarpDrive"],"picked":"Ball Lightning","floor":1.0},{"not_picked":["Go for the Eyes","Skim"],"picked":"Cold Snap","floor":3.0},{"not_picked":["Streamline","Chaos"],"picked":"Hologram","floor":4.0},{"not_picked":["Heatsinks","AT_HeatAcrobatics"],"picked":"Skim","floor":7.0},{"not_picked":["Doom and Gloom","Go for the Eyes"],"picked":"Coolheaded","floor":10.0},{"not_picked":["Genetic Algorithm","Storm"],"picked":"Barrage","floor":11.0},{"not_picked":["Buffer","Multi-Cast"],"picked":"Seek","floor":16.0},{"not_picked":["Compile Driver","AT_HeatAcrobatics"],"picked":"Aggregate","floor":18.0},{"not_picked":["Coolheaded","Ball Lightning"],"picked":"Steam Power","floor":19},{"not_picked":["Chaos+1","Auto Shields+1","Coolheaded+1"],"picked":"AT_DarkMatter+1","floor":22},{"not_picked":["Coolheaded+1","Go for the Eyes","Stack+1","Sweeping Beam"],"picked":"Singing Bowl","floor":22},{"not_picked":["Gash","Sweeping Beam","Compile Driver"],"picked":"Tempest+1","floor":27},{"not_picked":["Auto Shields+1","Rainbow+1","Static Discharge+1","Cold Snap+1"],"picked":"Singing Bowl","floor":30},{"not_picked":["Conserve Battery+1","Heatsinks+1","Redo+1","Gash+1"],"picked":"Singing Bowl","floor":30},{"not_picked":["Reinforced Body+1","Force Field+1","Leap+1","Rebound+1"],"picked":"Singing Bowl","floor":31},{"not_picked":["Thunder Strike+1","Buffer+1","Rainbow+1"],"picked":"Meteor Strike+1","floor":33},{"not_picked":["Recycle+1","Gash+1"],"picked":"Singing Bowl","floor":35},{"not_picked":["Doom and Gloom+1"],"picked":"Turbo+1","floor":35},{"not_picked":["Conserve Battery+1","Stack+1"],"picked":"Singing Bowl","floor":36},{"not_picked":["Beam Cell+1","Compile Driver+1"],"picked":"Singing Bowl","floor":39},{"not_picked":["Conserve Battery+1"],"picked":"Electrodynamics+1","floor":45},{"not_picked":["Purity+1"],"picked":"AT_FamilyPortrait+1","floor":48},{"not_picked":["Prepared+1","ClearTheMind+1"],"picked":"Singing Bowl","floor":54}],"player_experience":625370,"relics_obtained":[{"floor":7.0,"key":"Juzu Bracelet"},{"floor":11.0,"key":"AT_TimeSand"},{"floor":17.0,"key":"Pen Nib"},{"floor":17.0,"key":"The Courier"},{"floor":17.0,"key":"Torii"},{"floor":26,"key":"Vajra"},{"floor":26,"key":"Strawberry"},{"floor":27,"key":"Akabeko"},{"floor":31,"key":"AT_Manta"},{"floor":32,"key":"Symbiotic Virus"},{"floor":36,"key":"AT_GoldPhoenixTree"},{"floor":38,"key":"Circlet"},{"floor":38,"key":"Circlet"},{"floor":39,"key":"Circlet"},{"floor":43,"key":"Circlet"},{"floor":44,"key":"Circlet"},{"floor":45,"key":"Circlet"},{"floor":46,"key":"Circlet"},{"floor":47,"key":"Circlet"},{"floor":52,"key":"Circlet"},{"floor":54,"key":"Circlet"}],"event_choices":[{"damage_healed":0.0,"max_hp_gain":0.0,"max_hp_loss":0.0,"gold_gain":100.0,"event_name":"Wheel of Change","player_choice":"Gold","floor":2.0,"gold_loss":0.0,"damage_taken":0.0},{"damage_healed":0.0,"max_hp_gain":0.0,"max_hp_loss":0.0,"gold_gain":0.0,"event_name":"Golden Idol","player_choice":"Take Damage","floor":5.0,"gold_loss":0.0,"damage_taken":24.0,"relics_obtained":["Golden Idol"]},{"damage_healed":0.0,"max_hp_gain":0.0,"max_hp_loss":0.0,"gold_gain":0.0,"event_name":"Dead Adventurer","player_choice":"Searched \u00271\u0027 times","floor":8.0,"gold_loss":0.0,"damage_taken":0.0,"relics_obtained":["Peace Pipe"]},{"cards_removed":["Strike_B"],"damage_healed":0.0,"max_hp_gain":0.0,"max_hp_loss":0.0,"gold_gain":0.0,"event_name":"The Cleric","player_choice":"Card Removal","floor":14.0,"gold_loss":75.0,"damage_taken":0.0},{"damage_healed":0,"gold_gain":0,"cards_transformed":["Strike_B","Defend_B"],"player_choice":"Became Test Subject","damage_taken":0,"max_hp_gain":0,"max_hp_loss":0,"event_name":"Drug Dealer","floor":21,"gold_loss":0,"cards_obtained":["Buffer","Hyperbeam"]},{"damage_healed":0,"gold_gain":0,"player_choice":"Read","damage_taken":0,"max_hp_gain":0,"max_hp_loss":0,"event_name":"The Library","floor":24,"gold_loss":0,"cards_obtained":["Fusion"]},{"damage_healed":0,"gold_gain":0,"player_choice":"Fight","damage_taken":0,"max_hp_gain":0,"max_hp_loss":0,"event_name":"MindBloom","floor":36,"gold_loss":0},{"damage_healed":0,"gold_gain":0,"player_choice":"Fight","damage_taken":0,"max_hp_gain":0,"max_hp_loss":0,"event_name":"Mysterious Sphere","floor":39,"gold_loss":0},{"damage_healed":0,"gold_gain":0,"player_choice":"Paid","damage_taken":0,"relics_obtained":["Red Mask"],"max_hp_gain":0,"max_hp_loss":0,"event_name":"Tomb of Lord Red Mask","floor":42,"gold_loss":253},{"damage_healed":0,"gold_gain":0,"player_choice":"Memory 1","damage_taken":0,"max_hp_gain":0,"max_hp_loss":0,"event_name":"SensoryStone","floor":48,"gold_loss":0}],"is_beta":false,"boss_relics":[{"not_picked":["Black Star","AT_MortalBlade"],"picked":"Calling Bell"},{"not_picked":["Tiny House","FrozenCore"],"picked":"Busted Crown"}],"items_purged_floors":[20],"is_endless":false,"potions_floor_spawned":[3,7,11,27,31,35,36,54],"ascension_level":18}}