{"host":"n9fx05aq4lr38byd","time":1612612273,"event":{"mods":["BaseMod","Minty Spire (QoL Compilation)","Permanent Neow","Relic Stats"],"gold_per_floor":[11,21,40,40,40,68,68,82,155,175,140,168,168,181,181,258,258,273,287,302,302,313,338,338,369,369,369,369,177,177,177],"floor_reached":30,"language":"ENG","playtime":1780,"items_purged":["Strike_G"],"score":571,"play_id":"9f60bb9b-bce3-4d4a-b36e-afc14dfb87aa","local_time":"20210206115113","is_ascension_mode":true,"campfire_choices":[{"data":"Crippling Poison","floor":7,"key":"SMITH"},{"floor":13,"key":"REST"},{"data":"Deadly Poison","floor":15,"key":"SMITH"},{"floor":27,"key":"REST"}],"circlet_count":0,"master_deck":["AscendersBane","Strike_G","Strike_G+1","Defend_G","Defend_G","Defend_G","Defend_G","Survivor+1","Neutralize","Slice","Sucker Punch","PiercingWail","Crippling Poison+1","Poisoned Stab","Bane+1","Calculated Gamble","Deadly Poison+1","Venomology","Riddle With Holes+1","Catalyst+1","Underhanded Strike+1","Envenom","Footwork","Deadly Poison"],"relics":["Ring of the Snake","Lizard Tail","Molten Egg 2","Blood Vial","Nloth\u0027s Gift","Toy Ornithopter","Pear","StoneCalendar"],"acts_visited":["Exordium","TheCity"],"potions_floor_usage":[6,6,12,18,19,20,22,22,23,25,25],"damage_taken":[{"damage":0,"enemies":"Cultist","floor":1,"turns":4},{"damage":0,"enemies":"Small Slimes","floor":2,"turns":5},{"damage":3,"enemies":"Jaw Worm","floor":3,"turns":5},{"damage":24,"enemies":"3 Sentries","floor":6,"turns":11},{"damage":0,"enemies":"Exordium Wildlife","floor":8,"turns":2},{"damage":18,"enemies":"Lots of Slimes","floor":10,"turns":4},{"damage":9,"enemies":"Lagavulin","floor":12,"turns":6},{"damage":3,"enemies":"Looter","floor":14,"turns":2},{"damage":18,"enemies":"The Guardian","floor":16,"turns":9},{"damage":18,"enemies":"Shell Parasite","floor":18,"turns":4},{"damage":9,"enemies":"3 Byrds","floor":19,"turns":4},{"damage":6,"enemies":"Centurion and Healer","floor":20,"turns":5},{"damage":16,"enemies":"Shelled Parasite and Fungi","floor":22,"turns":3},{"damage":91,"enemies":"Book of Stabbing","floor":23,"turns":7},{"damage":33,"enemies":"Gremlin Leader","floor":25,"turns":5},{"damage":53,"enemies":"Slavers","floor":30,"turns":3}],"seed_played":"1097588619328198389","potions_obtained":[{"floor":2,"key":"PowerPotion"},{"floor":3,"key":"DistilledChaos"},{"floor":10,"key":"Fire Potion"},{"floor":16,"key":"FairyPotion"},{"floor":19,"key":"Strength Potion"},{"floor":20,"key":"Strength Potion"},{"floor":23,"key":"Dexterity Potion"}],"is_trial":false,"path_per_floor":["M","M","M","$","?","E","R","M","T","M","?","E","R","M","R","B",null,"M","M","M","?","M","E","?","E","T","R","?","$","E"],"character_chosen":"THE_SILENT","items_purchased":["Footwork","Deadly Poison"],"campfire_rested":2,"item_purchase_floors":[29,29],"current_hp_per_floor":[71,71,68,68,45,21,21,21,21,3,22,13,36,35,35,19,63,47,40,36,36,22,9,25,14,14,40,40,40,0,0],"gold":177,"neow_bonus":"TWENTY_PERCENT_HP_BONUS","is_daily":false,"chose_seed":false,"campfire_upgraded":2,"win_rate":0.0,"timestamp":1612612273,"path_taken":["M","M","M","$","?","E","R","M","T","M","?","E","R","?","R","BOSS","M","M","M","?","?","E","?","E","T","R","?","?","E"],"items_purchased_type":["Card","Card"],"build_version":"2020-12-22","purchased_purges":1,"victory":false,"max_hp_per_floor":[78,78,78,78,78,78,78,78,78,78,78,78,78,78,78,78,78,78,78,78,78,78,78,78,88,88,88,88,88,88,88],"relic_stats":{"Blood Vial":18,"Lizard Tail":39,"counters":[16,79],"StoneCalendar":[0],"Nloth\u0027s Gift":2,"obtain_stats":[{"Blood Vial":12,"Lizard Tail":6,"Pear":25,"Astrolabe":17,"Molten Egg 2":9,"StoneCalendar":26,"Nloth\u0027s Gift":21,"Toy Ornithopter":23,"Ring of the Snake":0},{"Blood Vial":7,"Lizard Tail":4,"Pear":15,"Astrolabe":9,"Molten Egg 2":5,"StoneCalendar":15,"Nloth\u0027s Gift":12,"Toy Ornithopter":14,"Ring of the Snake":0},{"Blood Vial":37,"Lizard Tail":25,"Pear":76,"Astrolabe":48,"Molten Egg 2":27,"StoneCalendar":76,"Nloth\u0027s Gift":61,"Toy Ornithopter":71,"Ring of the Snake":0}],"Toy Ornithopter":10,"Ring of the Snake":[32]},"card_choices":[{"not_picked":["Cloak And Dagger","Reflex"],"picked":"Slice","floor":1},{"not_picked":["Concentrate","Slice"],"picked":"Sucker Punch","floor":2},{"not_picked":["Deflect","Backflip"],"picked":"PiercingWail","floor":3},{"not_picked":["Outmaneuver","Acrobatics"],"picked":"Crippling Poison","floor":6},{"not_picked":["Cloak And Dagger","Heel Hook"],"picked":"Poisoned Stab","floor":8},{"not_picked":["Deflect","Slice+1"],"picked":"Bane+1","floor":10},{"not_picked":["Cloak And Dagger","Outmaneuver"],"picked":"Calculated Gamble","floor":12},{"not_picked":["Dodge and Roll","Sucker Punch+1"],"picked":"Deadly Poison","floor":14},{"not_picked":["Doppelganger","Bullet Time"],"picked":"Venomology","floor":16},{"not_picked":["Bane+1","Riddle With Holes+1","Quick Slash+1"],"picked":"SKIP","floor":18},{"not_picked":["Predator+1","Dodge and Roll","Heel Hook+1"],"picked":"SKIP","floor":19},{"not_picked":["Expertise","Slice+1","Acrobatics"],"picked":"SKIP","floor":20},{"not_picked":["Flying Knee+1","Acrobatics","Underhanded Strike+1"],"picked":"SKIP","floor":22},{"not_picked":["Bullet Time","Predator+1"],"picked":"Envenom","floor":23},{"not_picked":["Dodge and Roll","Choke+1","Skewer+1"],"picked":"SKIP","floor":25}],"player_experience":838035,"relics_obtained":[{"floor":6,"key":"Lizard Tail"},{"floor":9,"key":"Molten Egg 2"},{"floor":12,"key":"Blood Vial"},{"floor":23,"key":"Toy Ornithopter"},{"floor":25,"key":"Pear"},{"floor":26,"key":"StoneCalendar"}],"event_choices":[{"damage_healed":0,"gold_gain":0,"player_choice":"Entered Light","damage_taken":23,"max_hp_gain":0,"max_hp_loss":0,"event_name":"Shining Light","floor":5,"gold_loss":0,"cards_upgraded":["Strike_G","Survivor"]},{"damage_healed":19,"gold_gain":0,"player_choice":"Healed","damage_taken":0,"max_hp_gain":0,"max_hp_loss":0,"event_name":"The Cleric","floor":11,"gold_loss":35},{"damage_healed":0,"gold_gain":0,"player_choice":"Traded Relic","damage_taken":0,"relics_obtained":["Nloth\u0027s Gift"],"max_hp_gain":0,"max_hp_loss":0,"event_name":"N\u0027loth","floor":21,"relics_lost":["Astrolabe"],"gold_loss":0},{"damage_healed":16,"gold_gain":0,"player_choice":"Heal","damage_taken":0,"max_hp_gain":0,"max_hp_loss":0,"event_name":"The Library","floor":24,"gold_loss":0},{"damage_healed":0,"gold_gain":0,"player_choice":"Ignored","damage_taken":0,"max_hp_gain":0,"max_hp_loss":0,"event_name":"The Mausoleum","floor":28,"gold_loss":0}],"is_beta":false,"boss_relics":[{"not_picked":["Philosopher\u0027s Stone","Empty Cage"],"picked":"Astrolabe"}],"items_purged_floors":[29],"is_endless":false,"potions_floor_spawned":[2,3,10,16,19,20,23],"killed_by":"Slavers","ascension_level":19}}