{"host":"0k696jvpnlqjk4gh","time":1612651783,"event":{"mods":["AchievementEnabler","BaseMod","Colored Map","Colored Powertips","Minty Spire (QoL Compilation)","Quick Restart"],"gold_per_floor":[115,115,126,140,159,159,84,259,259,259,277,277,293,305,305,400,400,368,368,387,387,387],"floor_reached":21,"language":"ENG","playtime":15437,"items_purged":["Regret"],"score":208,"play_id":"ab7fdf45-b788-45b1-9e02-cfa6ff494c32","local_time":"20210206224943","is_ascension_mode":true,"campfire_choices":[{"data":"Chill","floor":6,"key":"SMITH"},{"floor":12,"key":"REST"},{"data":"Zap","floor":15,"key":"SMITH"}],"circlet_count":0,"master_deck":["Strike_B","Strike_B","Strike_B","Strike_B","Defend_B","Defend_B","Defend_B","Defend_B","Zap+1","Dualcast","Sweeping Beam","Chill+1","Leap","Cold Snap","Doubt","Conserve Battery+1","Redo+1","Rainbow+1","Cold Snap+1","Redo+1"],"relics":["Cursed Key","Symbiotic Virus","Toxic Egg 2","Nuclear Battery"],"acts_visited":["Exordium","TheCity"],"potions_floor_usage":[16,16,21,21],"damage_taken":[{"damage":7,"enemies":"Jaw Worm","floor":1,"turns":3},{"damage":5,"enemies":"2 Louse","floor":3,"turns":3},{"damage":1,"enemies":"Cultist","floor":4,"turns":3},{"damage":2,"enemies":"Exordium Wildlife","floor":5,"turns":4},{"damage":5,"enemies":"Exordium Thugs","floor":11,"turns":4},{"damage":0,"enemies":"Lots of Slimes","floor":13,"turns":5},{"damage":4,"enemies":"Looter","floor":14,"turns":3},{"damage":6,"enemies":"Slime Boss","floor":16,"turns":9},{"damage":23,"enemies":"2 Thieves","floor":18,"turns":5},{"damage":0,"enemies":"Chosen","floor":20,"turns":4},{"damage":46,"enemies":"Centurion and Healer","floor":21,"turns":8}],"seed_played":"2524343975910569433","potions_obtained":[{"floor":1,"key":"ColorlessPotion"},{"floor":11,"key":"FearPotion"},{"floor":13,"key":"ColorlessPotion"},{"floor":18,"key":"Explosive Potion"}],"is_trial":false,"path_per_floor":["M","?","M","M","M","R","$","?","T","?","M","R","M","M","R","B",null,"M","?","M","M"],"character_chosen":"DEFECT","items_purchased":[],"campfire_rested":1,"item_purchase_floors":[],"current_hp_per_floor":[68,68,63,62,60,60,60,60,60,53,48,70,70,66,66,60,75,52,38,38,0,0],"gold":387,"neow_bonus":"BOSS_RELIC","is_daily":false,"chose_seed":false,"campfire_upgraded":2,"win_rate":0.0,"timestamp":1612651783,"path_taken":["M","?","M","M","M","R","$","?","T","?","?","R","M","M","R","BOSS","M","?","M","M"],"items_purchased_type":[],"build_version":"2020-12-22","purchased_purges":1,"victory":false,"max_hp_per_floor":[75,75,75,75,75,75,75,75,75,75,75,75,75,75,75,75,75,75,80,80,80,80],"card_choices":[{"not_picked":["Rebound","Streamline"],"picked":"Sweeping Beam","floor":1},{"not_picked":["Turbo","Storm"],"picked":"Chill","floor":3},{"not_picked":["Compile Driver","Coolheaded"],"picked":"Leap","floor":4},{"not_picked":["Ball Lightning","Barrage"],"picked":"Cold Snap","floor":5},{"not_picked":["Compile Driver","Sweeping Beam"],"picked":"Conserve Battery+1","floor":11},{"not_picked":["Darkness+1","Steam+1"],"picked":"Redo+1","floor":13},{"not_picked":["Sweeping Beam","Lockon","Amplify+1"],"picked":"SKIP","floor":14},{"not_picked":["Machine Learning","Thunder Strike"],"picked":"Rainbow+1","floor":16},{"not_picked":["Reinforced Body+1","Storm"],"picked":"Cold Snap+1","floor":18},{"not_picked":["Stack+1","Barrage"],"picked":"Redo+1","floor":20}],"player_experience":184404,"relics_obtained":[{"floor":9,"key":"Toxic Egg 2"}],"event_choices":[{"damage_healed":0,"gold_gain":0,"player_choice":"Box","damage_taken":0,"relics_obtained":["Symbiotic Virus"],"max_hp_gain":0,"max_hp_loss":0,"event_name":"Big Fish","floor":2,"gold_loss":0,"cards_obtained":["Regret"]},{"damage_healed":0,"gold_gain":175,"player_choice":"AGREE","damage_taken":0,"max_hp_gain":0,"max_hp_loss":0,"event_name":"Liars Game","floor":8,"gold_loss":0,"cards_obtained":["Doubt"]},{"cards_removed":["Normality"],"damage_healed":0,"gold_gain":0,"player_choice":"Card Removal","damage_taken":7,"max_hp_gain":0,"max_hp_loss":0,"event_name":"Golden Wing","floor":10,"gold_loss":0},{"damage_healed":0,"gold_gain":0,"player_choice":"Shed Blood","damage_taken":19,"max_hp_gain":5,"max_hp_loss":0,"event_name":"Forgotten Altar","floor":19,"gold_loss":0}],"is_beta":false,"boss_relics":[{"not_picked":["Runic Pyramid","SlaversCollar"],"picked":"Nuclear Battery"}],"items_purged_floors":[7],"is_endless":false,"potions_floor_spawned":[1,11,13,18],"killed_by":"Centurion and Healer","ascension_level":4}}