{"host":"sc0o2qwpf9j16a4i","time":1612638956,"event":{"mods":["AchievementEnabler","BaseMod","BetterRewards","Block Reminder","Colored Map","Colored Powertips","Custom Start","Highlight Path","Minty Spire (QoL Compilation)","Relic Stats"],"gold_per_floor":[150,202,202,277,48,130,130,159,184,229,274,343,343,406,406,559,559,602,645,645,555,598,732,770,782,794,880,350,396,437,508,508,508,508],"floor_reached":33,"language":"ENG","playtime":1299,"items_purged":["Regret","Strike_B"],"score":406,"play_id":"20c60a90-f872-4f21-87ff-a0cca6eff953","local_time":"20210206211556","daily_mods":["Allstar","Vintage","Night Terrors"],"is_ascension_mode":false,"campfire_choices":[{"data":"HandOfGreed","floor":7.0,"key":"SMITH"},{"data":"Discovery","floor":15.0,"key":"SMITH"},{"data":"1","floor":32,"key":"LIFT"}],"circlet_count":0,"master_deck":["Strike_B+1","Strike_B","Defend_B","Defend_B","Defend_B","Defend_B","Zap","Dualcast","Jack Of All Trades","Secret Technique+1","Discovery+1","HandOfGreed+1","Finesse","Self Repair","Conserve Battery","Core Surge","Go for the Eyes+1"],"relics":["Cracked Core","Vajra","Pocketwatch","Regal Pillow","Bag of Preparation","Mango","Boot","Art of War","Juzu Bracelet","StrikeDummy","Golden Idol","Girya","Sozu","Blood Vial","CeramicFish","MawBank","Question Card","Pen Nib","MutagenicStrength","White Beast Statue","Bottled Lightning","Sling","Whetstone","Bronze Scales","Ancient Tea Set","Centennial Puzzle","Bottled Tornado"],"acts_visited":["Exordium","TheCity"],"potions_floor_usage":[33],"damage_taken":[{"damage":3.0,"enemies":"Small Slimes","floor":1.0,"turns":5.0},{"damage":0.0,"enemies":"2 Louse","floor":2.0,"turns":5.0},{"damage":2.0,"enemies":"3 Sentries","floor":6.0,"turns":6.0},{"damage":9.0,"enemies":"Lagavulin","floor":8.0,"turns":7.0},{"damage":0.0,"enemies":"Jaw Worm","floor":10.0,"turns":3.0},{"damage":5.0,"enemies":"Blue Slaver","floor":11.0,"turns":2.0},{"damage":7.0,"enemies":"2 Fungi Beasts","floor":12.0,"turns":4.0},{"damage":15.0,"enemies":"Lots of Slimes","floor":14.0,"turns":4.0},{"damage":0.0,"enemies":"Hexaghost","floor":16.0,"turns":11.0},{"damage":27.0,"enemies":"Shell Parasite","floor":18.0,"turns":7.0},{"damage":0.0,"enemies":"Chosen","floor":19.0,"turns":4.0},{"damage":5.0,"enemies":"Snecko","floor":22.0,"turns":6.0},{"damage":39.0,"enemies":"Slavers","floor":23.0,"turns":6.0},{"damage":22.0,"enemies":"Shelled Parasite and Fungi","floor":27.0,"turns":7.0},{"damage":8,"enemies":"3 Cultists","floor":29,"turns":6},{"damage":0,"enemies":"Snake Plant","floor":30,"turns":4},{"damage":5,"enemies":"Centurion and Healer","floor":31,"turns":4},{"damage":60,"enemies":"Champ","floor":33,"turns":10}],"seed_played":"1532008052581145511","potions_obtained":[{"floor":1.0,"key":"BlessingOfTheForge"},{"floor":10.0,"key":"PowerPotion"},{"floor":12.0,"key":"Block Potion"},{"floor":14.0,"key":"Fire Potion"},{"floor":16.0,"key":"PowerPotion"}],"is_trial":true,"path_per_floor":["M","M","?","?","$","E","R","E","T","M","M","M","?","M","R","B",null,"M","M","?","?","M","E","T","?","T","M","$","M","M","M","R","B"],"character_chosen":"DEFECT","items_purchased":["Bag of Preparation","Sling","Whetstone","Bronze Scales"],"campfire_rested":0,"item_purchase_floors":[5,28,28,28],"current_hp_per_floor":[72,72,72,61,61,73,73,71,71,78,80,80,58,50,50,57,89,69,78,78,78,82,55,55,55,55,42,42,43,52,56,56,0,0],"gold":508,"neow_bonus":"","is_daily":false,"chose_seed":false,"campfire_upgraded":2,"win_rate":0.0,"timestamp":1612638956,"path_taken":["M","M","?","?","$","E","R","E","T","M","M","M","?","M","R","BOSS","M","M","?","?","M","E","?","?","T","M","$","M","M","M","R","BOSS"],"items_purchased_type":["Relic","Relic","Relic","Relic"],"build_version":"2020-12-22","purchased_purges":2,"victory":false,"max_hp_per_floor":[75,75,75,75,75,89,89,89,89,89,89,89,89,89,89,89,89,89,89,89,89,89,89,89,89,89,89,89,89,89,89,89,89,89],"relic_stats":{"Regal Pillow":0,"counters":[18,101],"Golden Idol":70,"CeramicFish":9,"Pen Nib":[3],"Bag of Preparation":[32],"Juzu Bracelet":1,"Whetstone":["Go for the Eyes","Strike_B"],"Boot":[12],"MawBank":72,"Question Card":0,"Sozu":9,"Blood Vial":16,"Centennial Puzzle":[6],"Bronze Scales":[67],"Art of War":[18],"obtain_stats":[{"Regal Pillow":3,"CeramicFish":19,"Vajra":1,"Mango":6,"Bag of Preparation":5,"Juzu Bracelet":11,"Whetstone":28,"Bottled Tornado":31,"Boot":9,"Sling":28,"Ancient Tea Set":29,"Sozu":17,"Blood Vial":18,"Centennial Puzzle":30,"Cracked Core":0,"Girya":14,"Golden Idol":13,"Pen Nib":24,"MawBank":22,"Question Card":23,"White Beast Statue":26,"MutagenicStrength":25,"Bronze Scales":28,"Art of War":10,"Bottled Lightning":27,"StrikeDummy":12,"Pocketwatch":2},{"Regal Pillow":2,"CeramicFish":11,"Vajra":1,"Mango":3,"Bag of Preparation":2,"Juzu Bracelet":6,"Whetstone":14,"Bottled Tornado":17,"Boot":4,"Sling":14,"Ancient Tea Set":15,"Sozu":9,"Blood Vial":10,"Centennial Puzzle":16,"Cracked Core":0,"Girya":8,"Golden Idol":7,"Pen Nib":13,"MawBank":12,"Question Card":13,"White Beast Statue":13,"MutagenicStrength":13,"Bronze Scales":14,"Art of War":5,"Bottled Lightning":14,"StrikeDummy":7,"Pocketwatch":2},{"Regal Pillow":10,"CeramicFish":58,"Vajra":5,"Mango":16,"Bag of Preparation":10,"Juzu Bracelet":28,"Whetstone":77,"Bottled Tornado":91,"Boot":23,"Sling":77,"Ancient Tea Set":83,"Sozu":47,"Blood Vial":54,"Centennial Puzzle":87,"Cracked Core":0,"Girya":36,"Golden Idol":32,"Pen Nib":70,"MawBank":64,"Question Card":70,"White Beast Statue":70,"MutagenicStrength":70,"Bronze Scales":77,"Art of War":26,"Bottled Lightning":77,"StrikeDummy":32,"Pocketwatch":10}],"Pocketwatch":[59]},"card_choices":[{"not_picked":["Tempest","Turbo"],"picked":"Self Repair","floor":6.0},{"not_picked":["Recycle","Chill"],"picked":"Conserve Battery","floor":8.0},{"not_picked":["Seek","Reboot"],"picked":"Core Surge","floor":16.0},{"not_picked":["Tempest","Beam Cell"],"picked":"Go for the Eyes","floor":23.0}],"player_experience":1243994,"relics_obtained":[{"floor":1.0,"key":"Vajra"},{"floor":2.0,"key":"Pocketwatch"},{"floor":6.0,"key":"Mango"},{"floor":9.0,"key":"Boot"},{"floor":10.0,"key":"Art of War"},{"floor":11.0,"key":"Juzu Bracelet"},{"floor":12.0,"key":"StrikeDummy"},{"floor":14.0,"key":"Girya"},{"floor":18.0,"key":"Blood Vial"},{"floor":19.0,"key":"CeramicFish"},{"floor":22.0,"key":"MawBank"},{"floor":23.0,"key":"Question Card"},{"floor":24.0,"key":"Pen Nib"},{"floor":26.0,"key":"White Beast Statue"},{"floor":27,"key":"Bottled Lightning"},{"floor":29,"key":"Ancient Tea Set"},{"floor":30,"key":"Centennial Puzzle"},{"floor":31,"key":"Bottled Tornado"}],"event_choices":[{"damage_healed":0.0,"max_hp_gain":0.0,"max_hp_loss":0.0,"gold_gain":0.0,"event_name":"Big Fish","player_choice":"Box","floor":3.0,"gold_loss":0.0,"damage_taken":0.0,"relics_obtained":["Regal Pillow"],"cards_obtained":["Regret"]},{"damage_healed":0.0,"max_hp_gain":0.0,"max_hp_loss":0.0,"gold_gain":75.0,"event_name":"World of Goop","player_choice":"Gather Gold","floor":4.0,"gold_loss":0.0,"damage_taken":11.0},{"damage_healed":0.0,"max_hp_gain":0.0,"max_hp_loss":0.0,"gold_gain":0.0,"event_name":"Golden Idol","player_choice":"Take Damage","floor":13.0,"gold_loss":0.0,"damage_taken":22.0,"relics_obtained":["Golden Idol"]},{"damage_healed":0.0,"max_hp_gain":0.0,"max_hp_loss":0.0,"gold_gain":0.0,"event_name":"Lab","player_choice":"Got Potions","floor":20.0,"gold_loss":0.0,"damage_taken":0.0},{"cards_removed":["Strike_B"],"damage_healed":0.0,"max_hp_gain":0.0,"max_hp_loss":0.0,"gold_gain":0.0,"event_name":"Designer","player_choice":"Upgrade and Remove","floor":21.0,"gold_loss":90.0,"damage_taken":0.0,"cards_upgraded":["Secret Technique"]},{"damage_healed":0.0,"max_hp_gain":0.0,"max_hp_loss":0.0,"gold_gain":0.0,"event_name":"Drug Dealer","player_choice":"Inject Mutagens","floor":25.0,"gold_loss":0.0,"damage_taken":0.0,"relics_obtained":["MutagenicStrength"]}],"is_beta":false,"boss_relics":[{"not_picked":["Runic Dome","Nuclear Battery"],"picked":"Sozu"}],"items_purged_floors":[5,28],"is_endless":false,"potions_floor_spawned":[1,10,12,14,16,18,22,27,29,30,31],"killed_by":"Champ","ascension_level":0}}