{"host":"kvo7eymyd21g9abd","time":1612637338,"event":{"mods":["AchievementEnabler","BaseMod","Bestiary","Colored Map","Minty Spire (QoL Compilation)","StSLib"],"gold_per_floor":[119,132,152,152,170,204,169,200,200,200,200,211,137,137,137],"floor_reached":14,"language":"ENG","playtime":312,"items_purged":[],"score":100,"play_id":"f3688c72-c140-4405-9b92-c1ca7399d4fd","local_time":"20210206134858","is_ascension_mode":false,"campfire_choices":[{"floor":10,"key":"REST"}],"circlet_count":0,"master_deck":["Strike_B","Strike_B","Strike_B","Strike_B","Defend_B","Defend_B","Defend_B","Defend_B","Zap","Dualcast","Darkness","Stack","Redo","Chill","Conserve Battery"],"relics":["Cracked Core","NeowsBlessing","TungstenRod","Letter Opener","Pear","Darkstone Periapt"],"acts_visited":["Exordium"],"potions_floor_usage":[8,14],"damage_taken":[{"damage":0,"enemies":"Small Slimes","floor":1,"turns":1},{"damage":0,"enemies":"2 Louse","floor":2,"turns":1},{"damage":0,"enemies":"Cultist","floor":3,"turns":1},{"damage":15,"enemies":"Looter","floor":5,"turns":4},{"damage":54,"enemies":"Lagavulin","floor":6,"turns":8},{"damage":11,"enemies":"3 Sentries","floor":8,"turns":3},{"damage":15,"enemies":"Large Slime","floor":12,"turns":5},{"damage":36,"enemies":"Gremlin Nob","floor":14,"turns":4}],"seed_played":"-3356657196452250125","potions_obtained":[{"floor":1,"key":"LiquidBronze"},{"floor":2,"key":"PowerPotion"}],"is_trial":false,"path_per_floor":["M","M","M","?","M","E","?","E","T","R","?","M","$","E"],"character_chosen":"DEFECT","items_purchased":["DistilledChaos"],"campfire_rested":1,"item_purchase_floors":[13],"current_hp_per_floor":[75,75,75,75,60,6,24,13,23,48,48,33,33,0,0],"gold":137,"neow_bonus":"THREE_ENEMY_KILL","is_daily":false,"chose_seed":false,"campfire_upgraded":0,"win_rate":0.0,"timestamp":1612637338,"path_taken":["M","M","M","?","M","E","?","E","T","R","?","?","$","E"],"items_purchased_type":["Potion"],"build_version":"2020-12-22","purchased_purges":0,"victory":false,"max_hp_per_floor":[75,75,75,75,75,75,75,75,85,85,85,85,85,85,85],"card_choices":[{"not_picked":["Blizzard","Skim"],"picked":"Darkness","floor":1},{"not_picked":["Compile Driver","Steam","Go for the Eyes"],"picked":"SKIP","floor":2},{"not_picked":["Defragment","Sunder"],"picked":"Stack","floor":3},{"not_picked":["Fusion","Tempest"],"picked":"Redo","floor":5},{"not_picked":["Coolheaded","Barrage","Double Energy"],"picked":"SKIP","floor":6},{"not_picked":["Force Field","Go for the Eyes"],"picked":"Chill","floor":8},{"not_picked":["Force Field","Rip and Tear"],"picked":"Conserve Battery","floor":12}],"player_experience":446677,"relics_obtained":[{"floor":6,"key":"TungstenRod"},{"floor":8,"key":"Letter Opener"},{"floor":9,"key":"Pear"}],"event_choices":[{"damage_healed":0,"gold_gain":0,"player_choice":"Ignored","damage_taken":0,"max_hp_gain":0,"max_hp_loss":0,"event_name":"Golden Wing","floor":4,"gold_loss":0},{"damage_healed":18,"gold_gain":0,"player_choice":"Healed","damage_taken":0,"max_hp_gain":0,"max_hp_loss":0,"event_name":"The Cleric","floor":7,"gold_loss":35},{"damage_healed":0,"gold_gain":0,"player_choice":"Gave Potion","damage_taken":0,"relics_obtained":["Darkstone Periapt"],"max_hp_gain":0,"max_hp_loss":0,"event_name":"WeMeetAgain","floor":11,"gold_loss":0}],"is_beta":false,"boss_relics":[],"items_purged_floors":[],"is_endless":false,"potions_floor_spawned":[1,2],"killed_by":"Gremlin Nob","ascension_level":0}}