{"host":"nlh1m2716594vj2h","time":1612594488,"event":{"mods":["AchievementEnabler","BaseMod","Beaked The Cultist","BetterRewards","Downfall","Duelist Mod","Glutton Mod","Googly Eyes","Gremlin Mod","Hermit","Hubris","Infinite Spire","Jorbs\u0027s Wanderer Trilogy","Marisa????????","Minty Spire (QoL Compilation)","Replay The Spire","Shop Mod","StSLib","The Animator","The Blackbeard","The Bug Knight","The Cursed","The Gatherer","The Hierophant","The Necromancer","The Poker Player","The Runesmith","The Servant 0.9.4"],"gold_per_floor":[140,140,152,152,169,169,169,158,158,182,192,201,20,20,20,97,97,100,95,78,78,278,288,288,288,311,311,338,338,353,7,7,109,109,121,139,139,156,166,198,217,242,324,336,172,172,172],"floor_reached":46,"language":"ENG","playtime":6974,"items_purged":["theDuelist:CursedBill"],"score":787,"play_id":"1214d805-109b-419b-b16e-1fc09b9dfd78","local_time":"20210206015448","is_ascension_mode":false,"campfire_choices":[{"floor":7,"key":"RECALL"},{"data":"theDuelist:NaturiaSacredTree","floor":15,"key":"SMITH"},{"floor":25,"key":"REST"},{"floor":32,"key":"REST"}],"circlet_count":0,"master_deck":["theDuelist:CastleWalls","theDuelist:CastleWalls","theDuelist:CastleWalls","theDuelist:NaturiaBeast","theDuelist:NaturiaCliff","theDuelist:NaturiaRock","theDuelist:NaturiaTulip","theDuelist:Sparks","theDuelist:Sparks","theDuelist:Sparks","theDuelist:NaturiaHorneedle+1","theDuelist:NaturiaPumpkin+1","theDuelist:NaturiaBambooShoot","theDuelist:AttackTheMoon","theDuelist:NaturiaSacredTree+1","theDuelist:NaturiaRagweed","theDuelist:NaturiaDragonfly+1","theDuelist:HuntingInstinct","theDuelist:WingedKuriboh+1","theDuelist:NaturiaSacredTree+1","theDuelist:SeedSacredTree","theDuelist:LairWire","Burst","theDuelist:NaturiaGaiastrio","theDuelist:NaturiaEggplant","Life Link","Sickly","beaked:Ceremony","Demon Form","theDuelist:Polymerization","hubris:Fate","theDuelist:NaturiaLandoise+1","theDuelist:NaturalDisaster","theDuelist:MudGolem","Good Instincts+1","theDuelist:NaturiaMarron+1","theDuelist:GraniteLoyalist+1","theDuelist:LuminousMoss+2","theDuelist:NaturiaForest"],"relics":["theDuelist:CardPoolBasicRelic","m_IronCrown","theDuelist:NamelessGreedRelic","m_SerpentRing","theDuelist:ChallengePuzzle","animator:WizardHat","theDuelist:MarkExxod","downfall:KnowingSkull","theDuelist:CardRewardRelicI","Snack Pack","Red Skull","Turnip","bronze:DonusWashers","hexamod:SoulOfChaos","blackbeard:BloodOrange","Cables","Charon\u0027s Ashes","infinitespire:SolderingIron","Gremlin Food","ReplayTheSpireMod:Shallot","Membership Card","MerchantsRug","theDuelist:BoosterPackTrapEgg"],"acts_visited":["Exordium","TheCity","TheBeyond"],"potions_floor_usage":[16,33,40,42,46],"damage_taken":[{"damage":0,"enemies":"Small Slimes","floor":1,"turns":5},{"damage":0,"enemies":"Jaw Worm","floor":3,"turns":3},{"damage":0,"enemies":"Cultist","floor":5,"turns":3},{"damage":0,"enemies":"2 Fungi Beasts","floor":8,"turns":3},{"damage":2,"enemies":"Blue Slaver","floor":11,"turns":4},{"damage":0,"enemies":"3 Louse","floor":12,"turns":4},{"damage":16,"enemies":"Hexaghost","floor":16,"turns":9},{"damage":7,"enemies":"2 Thieves","floor":18,"turns":3},{"damage":4,"enemies":"Shell Parasite","floor":19,"turns":4},{"damage":4,"enemies":"Chosen and Byrds","floor":20,"turns":6},{"damage":79,"enemies":"Slavers","floor":23,"turns":7},{"damage":37,"enemies":"Book of Stabbing","floor":28,"turns":4},{"damage":2,"enemies":"Centurion and Healer","floor":30,"turns":4},{"damage":52,"enemies":"Champ","floor":33,"turns":12},{"damage":0,"enemies":"3 Shapes","floor":35,"turns":3},{"damage":35,"enemies":"3 Darklings","floor":36,"turns":5},{"damage":8,"enemies":"4 Shapes","floor":38,"turns":2},{"damage":3,"enemies":"Jaw Worm Horde","floor":39,"turns":4},{"damage":10,"enemies":"Nemesis","floor":40,"turns":7},{"damage":16,"enemies":"Maw","floor":41,"turns":6},{"damage":57,"enemies":"Giant Head","floor":42,"turns":9},{"damage":56,"enemies":"3 Darklings","floor":44,"turns":4},{"damage":24,"enemies":"Spire Growth","floor":46,"turns":3}],"seed_played":"-7091413960128284731","potions_obtained":[{"floor":1,"key":"SteroidPotion"},{"floor":5,"key":"Swift Potion"},{"floor":8,"key":"theDuelist:StunPotion"},{"floor":16,"key":"theDuelist:TributeBottle"},{"floor":23,"key":"GamblersBrew"},{"floor":33,"key":"theDuelist:BottledKuriboh"},{"floor":38,"key":"ColorlessPotion"},{"floor":40,"key":"theDuelist:DebuffFuryPotion"},{"floor":42,"key":"theDuelist:ElectricPotion"},{"floor":44,"key":"theDuelist:BurningPotion"}],"is_trial":false,"path_per_floor":["M","?","M","?","M","?","R","M","T","T","M","M","$","?","R","B",null,"M","M","M","?","?","E","?","R","T","AVR","E","?","M","$","R","B",null,"M","M","?","M","M","E","M","E","T","M","$","M"],"character_chosen":"THE_DUELIST","items_purchased":["theDuelist:CardRewardRelicH","theDuelist:MillenniumRod","theDuelist:NaturiaDragonfly+1","Charon\u0027s Ashes","Life Link","Membership Card","MerchantsRug","theDuelist:BoosterPackTrapEgg","theDuelist:NaturiaForest"],"campfire_rested":2,"item_purchase_floors":[0,13,13,31,31,45,45,45,45],"current_hp_per_floor":[80,80,80,80,80,80,80,80,80,87,85,95,95,95,95,79,97,90,86,82,82,82,3,3,32,32,42,19,22,38,38,71,79,110,110,82,82,87,100,104,102,59,59,17,17,0,0],"gold":172,"neow_bonus":"","is_daily":false,"chose_seed":false,"campfire_upgraded":1,"win_rate":0.0,"timestamp":1612594488,"path_taken":["M","?","M","?","?","?","R","M","T","?","M","M","?","?","R","BOSS","M","M","M","?","?","E","?","R","T","AVR","E","?","M","?","R","BOSS","M","M","?","M","M","E","M","E","T","M","$","M"],"items_purchased_type":["Relic","Relic","Card","Relic","Card","Relic","Relic","Relic","Card"],"build_version":"2020-12-22","purchased_purges":1,"victory":false,"max_hp_per_floor":[80,80,80,80,80,80,80,80,80,87,87,97,97,97,97,97,97,97,97,97,97,97,97,97,97,97,107,107,110,110,110,110,110,110,110,110,110,110,110,110,110,110,110,110,110,110,110],"card_choices":[{"not_picked":["theDuelist:NaturiaEggplant","theDuelist:NaturiaCliff","theDuelist:NaturiaTulip","theDuelist:NaturiaRosewhip"],"picked":"theDuelist:NaturiaPumpkin","floor":1},{"not_picked":["theDuelist:NaturiaBeetle","theDuelist:MillenniumScorpion","theDuelist:Spore","theDuelist:HeartUnderdog"],"picked":"theDuelist:NaturiaBambooShoot","floor":3},{"not_picked":["theDuelist:Sangan","theDuelist:DestroyerGolem","theDuelist:HammerShot","theDuelist:Blockman"],"picked":"theDuelist:AttackTheMoon","floor":5},{"not_picked":["theDuelist:LuminousMoss+1","theDuelist:Wiretap","theDuelist:Cloning","theDuelist:RedMedicine+1"],"picked":"theDuelist:DestructPotion","floor":8},{"not_picked":["theDuelist:ConvulsionNature","theDuelist:NaturalDisaster","theDuelist:Anteater"],"picked":"theDuelist:NaturiaSacredTree","floor":11},{"not_picked":["theDuelist:NaturiaHydrangea","theDuelist:NaturiaRock","theDuelist:NaturiaMantis","theDuelist:Pollinosis"],"picked":"theDuelist:NaturiaRagweed","floor":12},{"not_picked":["theDuelist:DemiseLand","theDuelist:SeismicShockwave","theDuelist:ClosedForest","theDuelist:HeartUnderdog"],"picked":"theDuelist:HuntingInstinct","floor":16},{"not_picked":["theDuelist:Fissure","theDuelist:Mudora","theDuelist:MudragonSwamp","theDuelist:AttackTheMoon"],"picked":"theDuelist:WingedKuriboh+1","floor":18},{"not_picked":["theDuelist:ConvulsionNature","theDuelist:NaturiaLeodrake","theDuelist:Anteater","theDuelist:Canyon"],"picked":"theDuelist:NaturiaSacredTree","floor":19},{"not_picked":["theDuelist:FuryFire","theDuelist:WildNatureRelease","theDuelist:PotDuality","theDuelist:LuminousMoss"],"picked":"theDuelist:SeedSacredTree","floor":20},{"not_picked":["theDuelist:LeodrakeMane","theDuelist:Anteater","theDuelist:NaturiaSacredTree"],"picked":"theDuelist:LairWire","floor":23},{"not_picked":["theDuelist:NaturiaRock","theDuelist:CrystalRose","theDuelist:NaturiaLandoise","theDuelist:NaturiaCliff"],"picked":"theDuelist:NaturiaGaiastrio","floor":28},{"not_picked":["theDuelist:NaturiaHydrangea+1","theDuelist:NaturiaDragonfly","theDuelist:NaturiaCliff","theDuelist:AcidTrapHole"],"picked":"theDuelist:NaturiaEggplant","floor":30},{"not_picked":["theDuelist:DemiseLand","theDuelist:NaturiaBarkion","theDuelist:HuntingInstinct","theDuelist:Canyon"],"picked":"theDuelist:NaturiaHorneedle","floor":33},{"not_picked":["HollowMod:PogoStrike","hubris:MerchantsHand"],"picked":"beaked:Ceremony","floor":34},{"not_picked":["theDuelist:HuntingInstinct","theDuelist:Wildfire"],"picked":"Demon Form","floor":34},{"not_picked":["Trip","theDuelist:PotAvarice"],"picked":"theDuelist:Polymerization","floor":34},{"not_picked":["infinitespire:TheBestDefense","infinitespire:Menacing"],"picked":"hubris:Fate","floor":34},{"not_picked":["theDuelist:NaturiaRock+1","theDuelist:NaturiaGaiastrio+1","theDuelist:CrystalRose","theDuelist:NaturiaCliff+1"],"picked":"theDuelist:NaturiaLandoise+1","floor":35},{"not_picked":["theDuelist:Pollinosis","theDuelist:LairWire+1","theDuelist:Wiretap","theDuelist:AcidTrapHole+1"],"picked":"theDuelist:NaturalDisaster","floor":36},{"not_picked":["theDuelist:MillenniumGolem","theDuelist:MudragonSwamp+1","theDuelist:DestroyerGolem","theDuelist:Mudora"],"picked":"theDuelist:MudGolem","floor":38},{"not_picked":["Dramatic Entrance","Purity+1","Transmutation+1"],"picked":"Good Instincts+1","floor":39},{"not_picked":["theDuelist:NaturiaDragonfly","theDuelist:NaturiaCliff","theDuelist:Spore","theDuelist:CrystalRose+1"],"picked":"theDuelist:NaturiaMarron+1","floor":40},{"not_picked":["theDuelist:MudragonSwamp","theDuelist:EarthEffigy","theDuelist:Wiseman+1","theDuelist:WingedKuriboh+1"],"picked":"theDuelist:GraniteLoyalist+1","floor":41},{"not_picked":["theDuelist:NaturiaRock+1","theDuelist:NaturiaGaiastrio+1","theDuelist:CrystalRose","theDuelist:NaturiaCliff"],"picked":"theDuelist:NaturiaLandoise+1","floor":42},{"not_picked":["theDuelist:FuryFire+1","theDuelist:VenomShot","theDuelist:WormBait+1","theDuelist:SeedSacredTree"],"picked":"theDuelist:LuminousMoss+2","floor":44}],"player_experience":487021,"relics_obtained":[{"floor":9,"key":"theDuelist:MetronomeRelicB"},{"floor":10,"key":"Strawberry"},{"floor":23,"key":"Potion Belt"},{"floor":26,"key":"PreservedInsect"},{"floor":28,"key":"Cables"},{"floor":40,"key":"infinitespire:SolderingIron"},{"floor":42,"key":"Gremlin Food"},{"floor":43,"key":"ReplayTheSpireMod:Shallot"}],"event_choices":[{"damage_healed":0,"gold_gain":0,"player_choice":"Upgraded","damage_taken":0,"max_hp_gain":0,"max_hp_loss":0,"event_name":"Upgrade Shrine","floor":4,"gold_loss":0,"cards_upgraded":["theDuelist:NaturiaHorneedle"]},{"damage_healed":0,"gold_gain":0,"player_choice":"Worship - 20% roll at +12 Max HP","duelist":true,"damage_taken":0,"max_hp_gain":0,"max_hp_loss":0,"event_name":"Tomb of the Nameless","floor":6,"gold_loss":0},{"damage_healed":0,"gold_gain":0,"player_choice":"Ignored","damage_taken":0,"max_hp_gain":0,"max_hp_loss":0,"event_name":"Liars Game","floor":14,"gold_loss":0},{"damage_healed":0,"gold_gain":0,"player_choice":"Took item - Received: Millennium Coin","duelist":true,"damage_taken":0,"max_hp_gain":0,"max_hp_loss":0,"event_name":"Millennium Items","floor":22,"gold_loss":0},{"cards_removed":["theDuelist:CurseAnubis"],"damage_healed":0,"gold_gain":0,"player_choice":"Elegance","damage_taken":0,"max_hp_gain":0,"max_hp_loss":0,"event_name":"Back to Basics","floor":24,"gold_loss":0},{"damage_healed":0,"gold_gain":0,"player_choice":"Ignored","damage_taken":0,"max_hp_gain":0,"max_hp_loss":0,"event_name":"NoteForYourself","floor":37,"gold_loss":0}],"is_beta":false,"boss_relics":[{"not_picked":["Empty Cage","Abe\u0027s Treasure"],"picked":"Ooze Armor"},{"not_picked":["Ring of Chaos","Replay:Bronze Core"],"picked":"ReplayTheSpireMod:SealedPack"}],"items_purged_floors":[27],"is_endless":false,"potions_floor_spawned":[1,5,8,16,23,33,38,40,42,44],"killed_by":"Spire Growth","ascension_level":0}}