{"host":"08t08ld674si40tv","time":1612620416,"event":{"mods":["AchievementEnabler","BaseMod","Colored Map","Minty Spire (QoL Compilation)","StSLib","SuperFastMode"],"gold_per_floor":[235,8,8,8,70,70,114,141,141,157,227,294,294,31,31,103,103,114,182,182,182,182],"floor_reached":21,"language":"KOR","playtime":517,"items_purged":["Strike_B","Strike_B"],"score":358,"play_id":"543a66ff-c107-415e-9c22-20b0701f14d9","local_time":"20210206230656","is_ascension_mode":true,"campfire_choices":[{"floor":6,"key":"REST"},{"data":"Hologram","floor":13,"key":"SMITH"},{"data":"Zap","floor":15,"key":"SMITH"}],"circlet_count":0,"master_deck":["AscendersBane","Defend_B","Defend_B","Defend_B","Defend_B","Zap+1","Dualcast","HandOfGreed+1","Ball Lightning","Hologram+1","Turbo","Skim","Biased Cognition","White Noise+1","Coolheaded+1","Auto Shields+1","Fusion+1","Cold Snap"],"relics":["Cracked Core","The Courier","Membership Card","Medical Kit","Unceasing Top","Torii","Toxic Egg 2","Prayer Wheel","Blood Vial","Bag of Marbles","Bag of Preparation","SacredBark","Meat on the Bone"],"acts_visited":["Exordium","TheCity"],"potions_floor_usage":[8,21],"damage_taken":[{"damage":9,"enemies":"Jaw Worm","floor":1,"turns":3},{"damage":1,"enemies":"2 Louse","floor":5,"turns":2},{"damage":1,"enemies":"Cultist","floor":7,"turns":4},{"damage":39,"enemies":"Gremlin Nob","floor":8,"turns":4},{"damage":8,"enemies":"Blue Slaver","floor":10,"turns":3},{"damage":0,"enemies":"Large Slime","floor":11,"turns":5},{"damage":0,"enemies":"Exordium Wildlife","floor":12,"turns":4},{"damage":16,"enemies":"The Guardian","floor":16,"turns":9},{"damage":28,"enemies":"Chosen","floor":18,"turns":6},{"damage":21,"enemies":"Masked Bandits","floor":21,"turns":3}],"seed_played":"4280171090844301129","potions_obtained":[{"floor":5,"key":"Regen Potion"},{"floor":18,"key":"GamblersBrew"}],"is_trial":false,"path_per_floor":["M","$","?","?","M","R","M","E","T","M","M","M","R","$","R","B",null,"M","T","?","?"],"character_chosen":"DEFECT","items_purchased":["Medical Kit","Unceasing Top","Blood Vial","Bag of Marbles","Cold Snap","Bag of Preparation"],"campfire_rested":1,"item_purchase_floors":[2,2,14,14,14,14],"current_hp_per_floor":[55,55,37,37,36,57,56,29,29,21,21,21,21,21,21,7,55,29,29,9,0,0],"gold":182,"neow_bonus":"TRANSFORM_CARD","is_daily":false,"chose_seed":false,"campfire_upgraded":2,"win_rate":0.0,"timestamp":1612620416,"path_taken":["M","$","?","?","M","R","M","E","T","M","M","M","R","$","R","BOSS","M","?","?","?"],"items_purchased_type":["Relic","Relic","Relic","Relic","Card","Relic"],"build_version":"2020-12-22","purchased_purges":2,"victory":false,"max_hp_per_floor":[71,71,71,71,71,71,71,71,71,71,71,71,71,71,71,71,71,71,71,76,76,76],"card_choices":[{"not_picked":["Leap","Barrage"],"picked":"Hologram","floor":1},{"not_picked":["Turbo","Leap"],"picked":"Skim","floor":5},{"not_picked":["Gash","Coolheaded"],"picked":"Biased Cognition","floor":7},{"not_picked":["Loop","Blizzard"],"picked":"White Noise+1","floor":8},{"not_picked":["Rebound","Redo+1"],"picked":"Coolheaded+1","floor":10},{"not_picked":["Beam Cell","Leap+1","Conserve Battery+1"],"picked":"SKIP","floor":10},{"not_picked":["Barrage","Leap+1"],"picked":"Auto Shields+1","floor":11},{"not_picked":["Multi-Cast+1","Steam+1","Turbo+1"],"picked":"SKIP","floor":11},{"not_picked":["Lockon","Consume+1"],"picked":"Fusion+1","floor":12},{"not_picked":["Lockon","Darkness+1","Redo+1"],"picked":"SKIP","floor":12},{"not_picked":["Stack+1","Turbo+1","Tempest+1"],"picked":"SKIP","floor":18},{"not_picked":["Auto Shields+1","Beam Cell","Leap+1"],"picked":"SKIP","floor":18}],"player_experience":294620,"relics_obtained":[{"floor":8,"key":"Toxic Egg 2"},{"floor":9,"key":"Prayer Wheel"},{"floor":19,"key":"Meat on the Bone"}],"event_choices":[{"damage_healed":0,"gold_gain":0,"player_choice":"Success","damage_taken":18,"relics_obtained":["Torii"],"max_hp_gain":0,"max_hp_loss":0,"event_name":"Scrap Ooze","floor":3,"gold_loss":0},{"damage_healed":0,"gold_gain":0,"cards_transformed":["Strike_B"],"player_choice":"Transformed","damage_taken":0,"max_hp_gain":0,"max_hp_loss":0,"event_name":"Transmorgrifier","floor":4,"gold_loss":0,"cards_obtained":["Turbo"]},{"damage_healed":0,"gold_gain":0,"player_choice":"Shed Blood","damage_taken":25,"max_hp_gain":5,"max_hp_loss":0,"event_name":"Forgotten Altar","floor":20,"gold_loss":0},{"damage_healed":0,"gold_gain":0,"player_choice":"Fought Bandits","damage_taken":0,"max_hp_gain":0,"max_hp_loss":0,"event_name":"Masked Bandits","floor":21,"gold_loss":0}],"is_beta":false,"boss_relics":[{"not_picked":["Snecko Eye","FrozenCore"],"picked":"SacredBark"}],"items_purged_floors":[2,14],"is_endless":false,"potions_floor_spawned":[5,18],"killed_by":"Masked Bandits","ascension_level":20}}