{"host":"17uzppmr1r5fe5jj","time":1612604833,"event":{"mods":["BaseMod","HololiveMod","Minty Spire (QoL Compilation)","Quick Restart","StSLib","TestMod","[IsaacMod]ÒÔÈö¼âËþ"],"gold_per_floor":[120,127,154,74,74,142,142,174,174,203,293,359,394,394],"floor_reached":13,"language":"ZHS","playtime":1063,"items_purged":[],"score":102,"play_id":"79fa6a36-fba3-4a35-80ba-11095fb87ff7","local_time":"20210206174713","is_ascension_mode":true,"campfire_choices":[{"floor":7.0,"key":"REST"}],"circlet_count":0,"master_deck":["Strike_R","Strike_R+1","Strike_R","Strike_R","Strike_R","Defend_R","Defend_R","Defend_R","Defend_R","Bash","Evolve+1","Burning Pact","Feel No Pain","Pain","Shrug It Off","Rampage","Seeing Red","Inflame+1"],"relics":["Burning Blood","testmod-TestBox","HushsDoor","testmod-BouquetWithThorns","SalivaCoin","testmod-AssaultLearning","WarpedTongs","PillsDrop","Magic Flower","Boot","Frozen Egg 2"],"acts_visited":["Exordium"],"potions_floor_usage":[8,11,11],"damage_taken":[{"damage":4.0,"enemies":"2 Louse","floor":1.0,"turns":3.0},{"damage":15.0,"enemies":"Jaw Worm","floor":3.0,"turns":4.0},{"damage":18.0,"enemies":"3 Sentries","floor":6.0,"turns":6.0},{"damage":14,"enemies":"Gremlin Nob","floor":8,"turns":3},{"damage":11,"enemies":"Small Slimes","floor":10,"turns":4},{"damage":16,"enemies":"3 Sentries","floor":11,"turns":6},{"damage":7,"enemies":"Red Slaver","floor":12,"turns":5},{"damage":35,"enemies":"Lagavulin","floor":13,"turns":3}],"seed_played":"8269525478241031780","potions_obtained":[{"floor":6.0,"key":"PowerPotion"},{"floor":8,"key":"EssenceOfSteel"},{"floor":10,"key":"PowerPotion"},{"floor":12,"key":"SteroidPotion"}],"is_trial":false,"path_per_floor":["M","?","M","$","?","E","R","E","T","M","?","M","E"],"character_chosen":"IRONCLAD","items_purchased":["Feel No Pain"],"campfire_rested":1,"item_purchase_floors":[4],"current_hp_per_floor":[58,42,33,33,33,21,45,37,37,38,31,33,0,0],"gold":394,"neow_bonus":"ONE_RARE_RELIC","is_daily":false,"chose_seed":false,"campfire_upgraded":0,"win_rate":0.0,"timestamp":1612604833,"path_taken":["M","?","M","$","?","E","R","E","T","M","?","M","E"],"items_purchased_type":["Card"],"build_version":"2020-12-22","purchased_purges":0,"victory":false,"max_hp_per_floor":[80,80,80,80,80,80,80,80,80,83,83,83,83,83],"card_choices":[{"not_picked":["Body Slam","Hemokinesis"],"picked":"Evolve","floor":1.0},{"not_picked":["Bomb","Combust"],"picked":"Burning Pact","floor":3.0},{"not_picked":["Entrench","Iron Wave"],"picked":"Shrug It Off","floor":6.0},{"not_picked":["Headbutt","Thunderclap","Warcry"],"picked":"SKIP","floor":8},{"not_picked":["True Grit","Pommel Strike"],"picked":"Rampage","floor":10},{"not_picked":["Body Slam","Iron Wave"],"picked":"Seeing Red","floor":11},{"not_picked":["Thunderclap","Demon Form+1"],"picked":"Inflame+1","floor":12}],"player_experience":271115,"relics_obtained":[{"floor":6.0,"key":"PillsDrop"},{"floor":8,"key":"Magic Flower"},{"floor":9,"key":"Boot"},{"floor":11,"key":"Frozen Egg 2"}],"event_choices":[{"damage_healed":0.0,"max_hp_gain":0.0,"max_hp_loss":0.0,"gold_gain":0.0,"event_name":"Shining Light","player_choice":"Entered Light","floor":2.0,"gold_loss":0.0,"damage_taken":16.0,"cards_upgraded":["Strike_R","Evolve"]},{"damage_healed":0.0,"max_hp_gain":0.0,"max_hp_loss":0.0,"gold_gain":0.0,"event_name":"Accursed Blacksmith","player_choice":"Rummage","floor":5.0,"gold_loss":0.0,"damage_taken":0.0,"relics_obtained":["WarpedTongs"],"cards_obtained":["Pain"]},{"damage_healed":0,"gold_gain":30,"player_choice":"Searched \u00272\u0027 times","damage_taken":0,"max_hp_gain":0,"max_hp_loss":0,"event_name":"Dead Adventurer","floor":11,"gold_loss":0}],"is_beta":false,"boss_relics":[],"items_purged_floors":[],"is_endless":false,"potions_floor_spawned":[6,8,10,12],"killed_by":"Lagavulin","ascension_level":2}}