{"host":"0o4jkshs65tojivq","time":1612588115,"event":{"mods":["AchievementEnabler","BaseMod","Minty Spire (QoL Compilation)","Quick Restart","Relic Stats","Slay the Relics Exporter","StSLib"],"gold_per_floor":[115,115,115,128,203,203,228,18,18,318,318,318,347,347,347,424,424,434,76,76,89,106,106,106,106],"floor_reached":24,"language":"ENG","playtime":1199,"items_purged":["Strike_B","Strike_B"],"score":488,"play_id":"dfd1a8a9-119f-4283-9d4b-fd5dfd594120","local_time":"20210205210835","is_ascension_mode":true,"campfire_choices":[{"data":"Loop","floor":6,"key":"SMITH"},{"floor":12,"key":"REST"},{"floor":15,"key":"REST"},{"data":"Defragment","floor":23,"key":"SMITH"}],"circlet_count":0,"master_deck":["AscendersBane","Defend_B","Defend_B+1","Defend_B","Zap","Dualcast","Electrodynamics","Lockon+1","Loop+1","Defragment+1","Leap","Genetic Algorithm","Biased Cognition","Steam Power+1","Skim+1","Fusion+1","Conserve Battery+1","Impatience","Force Field"],"relics":["Cracked Core","Mercury Hourglass","Question Card","Old Coin","Torii","Blood Vial","Blue Candle","Astrolabe","Bag of Preparation"],"acts_visited":["Exordium","TheCity"],"potions_floor_usage":[7,13,18],"damage_taken":[{"damage":0,"enemies":"2 Louse","floor":1,"turns":1},{"damage":12,"enemies":"Small Slimes","floor":4,"turns":3},{"damage":28,"enemies":"Gremlin Nob","floor":7,"turns":4},{"damage":22,"enemies":"Lagavulin","floor":13,"turns":4},{"damage":0,"enemies":"Slime Boss","floor":16,"turns":5},{"damage":0,"enemies":"Chosen","floor":18,"turns":3},{"damage":13,"enemies":"Spheric Guardian","floor":21,"turns":4},{"damage":18,"enemies":"Shelled Parasite and Fungi","floor":22,"turns":5},{"damage":26,"enemies":"Gremlin Leader","floor":24,"turns":4}],"seed_played":"-5555716181693689843","potions_obtained":[{"floor":1,"key":"Regen Potion"},{"floor":4,"key":"Swift Potion"},{"floor":13,"key":"Fruit Juice"},{"floor":21,"key":"SteroidPotion"}],"is_trial":false,"path_per_floor":["M","?","?","M","?","R","E","$","T","T","?","R","E","T","R","B",null,"M","$","?","M","M","R","E"],"character_chosen":"DEFECT","items_purchased":["Defragment","Leap","Bag of Preparation","Impatience"],"campfire_rested":2,"item_purchase_floors":[8,8,19,19],"current_hp_per_floor":[64,43,48,36,25,25,9,9,9,9,4,26,4,4,26,28,64,71,71,50,39,23,23,0,0],"gold":106,"neow_bonus":"ONE_RANDOM_RARE_CARD","is_daily":false,"chose_seed":false,"campfire_upgraded":2,"win_rate":0.0,"timestamp":1612588115,"path_taken":["M","?","?","?","?","R","E","?","T","?","?","R","E","?","R","BOSS","M","$","?","M","M","R","E"],"items_purchased_type":["Card","Card","Relic","Card"],"build_version":"2020-12-22","purchased_purges":2,"victory":false,"max_hp_per_floor":[71,71,76,76,76,76,76,76,76,76,76,76,76,76,76,76,76,81,81,81,81,81,81,81,81],"relic_stats":{"Blood Vial":10,"Torii":8,"counters":[9,32],"Blue Candle":[0],"Astrolabe":["Steam Power","Skim","Fusion"],"Bag of Preparation":[6],"Question Card":5,"obtain_stats":[{"Blood Vial":13,"Torii":11,"Blue Candle":14,"Astrolabe":17,"Bag of Preparation":19,"Cracked Core":0,"Question Card":9,"Mercury Hourglass":7,"Old Coin":10},{"Blood Vial":4,"Torii":3,"Blue Candle":4,"Astrolabe":5,"Bag of Preparation":6,"Cracked Core":0,"Question Card":3,"Mercury Hourglass":3,"Old Coin":3},{"Blood Vial":12,"Torii":8,"Blue Candle":12,"Astrolabe":17,"Bag of Preparation":20,"Cracked Core":0,"Question Card":8,"Mercury Hourglass":8,"Old Coin":8}],"Mercury Hourglass":[72]},"card_choices":[{"not_picked":["Reinforced Body","Steam"],"picked":"Lockon","floor":1},{"not_picked":["Leap","White Noise"],"picked":"Loop","floor":4},{"not_picked":["Fusion","Compile Driver","Chaos"],"picked":"SKIP","floor":7},{"not_picked":["Reboot","Recycle","Rebound"],"picked":"Genetic Algorithm","floor":13},{"not_picked":["Reboot","Echo Form","Rainbow"],"picked":"Biased Cognition","floor":16},{"not_picked":["Steam","Ball Lightning+1","Sweeping Beam"],"picked":"Conserve Battery+1","floor":18},{"not_picked":["Compile Driver","Ball Lightning","Leap"],"picked":"Force Field","floor":21},{"not_picked":["Chill","Stack","Compile Driver","Cold Snap+1"],"picked":"SKIP","floor":22}],"player_experience":1080614,"relics_obtained":[{"floor":7,"key":"Mercury Hourglass"},{"floor":9,"key":"Question Card"},{"floor":10,"key":"Old Coin"},{"floor":13,"key":"Blood Vial"},{"floor":14,"key":"Blue Candle"}],"event_choices":[{"damage_healed":0,"gold_gain":0,"player_choice":"Entered Light","damage_taken":21,"max_hp_gain":0,"max_hp_loss":0,"event_name":"Shining Light","floor":2,"gold_loss":0,"cards_upgraded":["Defend_B","Lockon"]},{"damage_healed":0,"gold_gain":0,"player_choice":"Donut","damage_taken":0,"max_hp_gain":5,"max_hp_loss":0,"event_name":"Big Fish","floor":3,"gold_loss":0},{"damage_healed":0,"gold_gain":75,"player_choice":"Gather Gold","damage_taken":11,"max_hp_gain":0,"max_hp_loss":0,"event_name":"World of Goop","floor":5,"gold_loss":0},{"damage_healed":0,"gold_gain":0,"player_choice":"Success","damage_taken":5,"relics_obtained":["Torii"],"max_hp_gain":0,"max_hp_loss":0,"event_name":"Scrap Ooze","floor":11,"gold_loss":0},{"damage_healed":0,"gold_gain":0,"player_choice":"Obtained Book","damage_taken":21,"max_hp_gain":0,"max_hp_loss":0,"event_name":"Cursed Tome","floor":20,"gold_loss":0}],"is_beta":false,"boss_relics":[{"not_picked":["Empty Cage","SacredBark"],"picked":"Astrolabe"}],"items_purged_floors":[8,19],"is_endless":false,"potions_floor_spawned":[1,4,13,21],"killed_by":"Gremlin Leader","ascension_level":19}}