{"host":"sc0o2qwpf9j16a4i","time":1612632713,"event":{"mods":["AchievementEnabler","BaseMod","BetterRewards","Block Reminder","Colored Map","Colored Powertips","Custom Start","Highlight Path","Minty Spire (QoL Compilation)","Relic Stats"],"gold_per_floor":[156,210,285,336,336,336,447,722,722,826,862,917,917,917,917,917,917],"floor_reached":16,"language":"ENG","playtime":401,"items_purged":[],"score":135,"play_id":"bd4ec2a0-e6af-465e-8574-c4ff5e953a52","local_time":"20210206193153","daily_mods":["Specialized","ControlledChaos","Midas"],"is_ascension_mode":false,"campfire_choices":[{"floor":6,"key":"REST"},{"floor":13,"key":"REST"},{"floor":15,"key":"REST"}],"circlet_count":0,"master_deck":["Strike_P","Strike_P","Strike_P","Strike_P","Defend_P","Defend_P","Defend_P","Defend_P","Eruption","Vigilance","Indignation","Indignation","Indignation","Indignation","Indignation","Conclude","Protect","ClearTheMind","Scrawl","Regret","LikeWater","Worship","ClearTheMind"],"relics":["PureWater","Frozen Eye","Golden Idol","Matryoshka","Boot","Ornamental Fan","Toy Ornithopter","Blood Vial"],"acts_visited":["Exordium"],"potions_floor_usage":[7,11,12],"damage_taken":[{"damage":0,"enemies":"Small Slimes","floor":1,"turns":3},{"damage":0,"enemies":"Jaw Worm","floor":2,"turns":3},{"damage":0,"enemies":"2 Louse","floor":4,"turns":2},{"damage":24,"enemies":"Gremlin Nob","floor":7,"turns":3},{"damage":16,"enemies":"Lagavulin","floor":10,"turns":4},{"damage":28,"enemies":"Exordium Thugs","floor":11,"turns":5},{"damage":1,"enemies":"Blue Slaver","floor":12,"turns":4},{"damage":38,"enemies":"Slime Boss","floor":16,"turns":3}],"seed_played":"-6375533159578817042","potions_obtained":[{"floor":4,"key":"SkillPotion"},{"floor":10,"key":"BlessingOfTheForge"},{"floor":11,"key":"LiquidMemories"}],"is_trial":true,"path_per_floor":["M","M","?","M","?","R","E","?","T","E","M","M","R","?","R","B"],"character_chosen":"WATCHER","items_purchased":[],"campfire_rested":3,"item_purchase_floors":[],"current_hp_per_floor":[72,72,61,61,43,64,40,40,40,24,1,5,26,14,35,0,0],"gold":917,"neow_bonus":"","is_daily":false,"chose_seed":false,"campfire_upgraded":0,"win_rate":0.0,"timestamp":1612632713,"path_taken":["M","M","?","M","?","R","E","?","T","E","M","?","R","?","R","BOSS"],"items_purchased_type":[],"build_version":"2020-12-22","purchased_purges":0,"victory":false,"max_hp_per_floor":[72,72,72,72,72,72,72,72,72,72,72,72,72,72,72,72,72],"relic_stats":{"Blood Vial":2,"counters":[8,27],"Golden Idol":24,"Ornamental Fan":[12],"Boot":[0],"obtain_stats":[{"Blood Vial":14,"Frozen Eye":0,"Matryoshka":7,"Golden Idol":5,"Ornamental Fan":9,"PureWater":0,"Boot":9,"Toy Ornithopter":10},{"Blood Vial":7,"Frozen Eye":0,"Matryoshka":4,"Golden Idol":3,"Ornamental Fan":4,"PureWater":0,"Boot":4,"Toy Ornithopter":5},{"Blood Vial":24,"Frozen Eye":0,"Matryoshka":11,"Golden Idol":8,"Ornamental Fan":11,"PureWater":0,"Boot":11,"Toy Ornithopter":15}],"Toy Ornithopter":10},"card_choices":[{"not_picked":["Crescendo","PathToVictory"],"picked":"Conclude","floor":1},{"not_picked":["Conclude","FlurryOfBlows"],"picked":"Protect","floor":2},{"not_picked":["Swivel","Weave"],"picked":"ClearTheMind","floor":4},{"not_picked":["Indignation","Pray"],"picked":"Scrawl","floor":7},{"not_picked":["ReachHeaven","WheelKick"],"picked":"LikeWater","floor":10},{"not_picked":["CrushJoints","EmptyFist"],"picked":"Worship","floor":11},{"not_picked":["FollowUp","PathToVictory"],"picked":"ClearTheMind","floor":12}],"player_experience":1238922,"relics_obtained":[{"floor":7,"key":"Matryoshka"},{"floor":9,"key":"Boot"},{"floor":9,"key":"Ornamental Fan"},{"floor":10,"key":"Toy Ornithopter"}],"event_choices":[{"damage_healed":0,"gold_gain":75,"player_choice":"Gather Gold","damage_taken":11,"max_hp_gain":0,"max_hp_loss":0,"event_name":"World of Goop","floor":3,"gold_loss":0},{"damage_healed":0,"gold_gain":0,"player_choice":"Take Damage","damage_taken":18,"relics_obtained":["Golden Idol"],"max_hp_gain":0,"max_hp_loss":0,"event_name":"Golden Idol","floor":5,"gold_loss":0},{"damage_healed":0,"gold_gain":275,"player_choice":"Desecrate","damage_taken":0,"max_hp_gain":0,"max_hp_loss":0,"event_name":"Golden Shrine","floor":8,"gold_loss":0,"cards_obtained":["Regret"]},{"damage_healed":0,"gold_gain":0,"player_choice":"Success","damage_taken":12,"relics_obtained":["Blood Vial"],"max_hp_gain":0,"max_hp_loss":0,"event_name":"Scrap Ooze","floor":14,"gold_loss":0}],"is_beta":false,"boss_relics":[],"items_purged_floors":[],"is_endless":false,"potions_floor_spawned":[4,10,11],"killed_by":"Slime Boss","ascension_level":0}}