{"host":"630px4nyj50z5id8","time":1612606113,"event":{"mods":["BaseMod","Better Note","Colored Powertips","Good Game Mod","Minty Spire (QoL Compilation)","Quick Restart","Rare Cards Sparkle","Relic Filter Mod","Replay The Spire","StSLib","Waifu the Spire"],"gold_per_floor":[110,285,295,310,158,190,160,187,187,213,213,243,243,243,243,243,243],"floor_reached":16,"language":"ZHS","playtime":544,"items_purged":["Defend_P"],"score":176,"play_id":"62249a82-73a3-4141-bcff-3e8100ebb79f","local_time":"20210206180833","is_ascension_mode":true,"campfire_choices":[{"floor":11.0,"key":"REST"},{"floor":13,"key":"REST"}],"circlet_count":0,"master_deck":["Strike_R+1","Strike_R+1","Strike_R+1","Strike_R+1","Strike_R+1","Defend_R","Defend_R","Bash","Fiend Fire","Strike_B","Pummel","Doubt","Feel No Pain","Battle Trance","Dark Embrace","Reaper","ReplayTheSpireMod:Muscle Training","Flex","Reaper"],"relics":["Burning Blood","REME:ComplimentaryCards","Lizard Tail","Toy Ornithopter","Mango","Replay:Bottled Eggs","Blue Doll","Centennial Puzzle"],"acts_visited":["Exordium"],"potions_floor_usage":[12],"damage_taken":[{"damage":3.0,"enemies":"2 Louse","floor":1.0,"turns":4.0},{"damage":2.0,"enemies":"Jaw Worm","floor":3.0,"turns":3.0},{"damage":9.0,"enemies":"Small Slimes","floor":4.0,"turns":6.0},{"damage":52.0,"enemies":"Lagavulin","floor":6.0,"turns":7.0},{"damage":2.0,"enemies":"Looter","floor":7.0,"turns":4.0},{"damage":38.0,"enemies":"3 Sentries","floor":8.0,"turns":10.0},{"damage":31.0,"enemies":"Gremlin Nob","floor":10.0,"turns":4.0},{"damage":40,"enemies":"Lagavulin","floor":12,"turns":7},{"damage":0,"enemies":"Fading Forest","floor":16,"turns":1}],"seed_played":"-4519866135531625279","potions_obtained":[{"floor":4.0,"key":"Adrenaline Potion"},{"floor":8.0,"key":"Elixir"},{"floor":10.0,"key":"Energy Potion"}],"is_trial":false,"path_per_floor":["M","?","M","M","$","E","M","E","T","E","R","E","R","?","R","B"],"character_chosen":"IRONCLAD","items_purchased":["Dark Embrace"],"campfire_rested":2,"item_purchase_floors":[5],"current_hp_per_floor":[75,75,79,76,76,30,38,35,35,10,38,14,42,42,42,42,42],"gold":243,"neow_bonus":"ONE_RARE_RELIC","is_daily":false,"chose_seed":false,"campfire_upgraded":0,"win_rate":0.0,"timestamp":1612606113,"path_taken":["M","?","M","M","$","E","M","E","T","E","R","E","R","?","R","BOSS"],"items_purchased_type":["Card"],"build_version":"2020-12-22","purchased_purges":1,"victory":false,"max_hp_per_floor":[80,80,80,80,80,80,80,94,94,94,94,94,94,94,94,94,94],"card_choices":[{"not_picked":["Headbutt","Body Slam"],"picked":"Pummel","floor":1.0},{"not_picked":["Twin Strike","ReplayTheSpireMod:Stacked"],"picked":"Feel No Pain","floor":3.0},{"not_picked":["Armaments","Flex"],"picked":"Battle Trance","floor":4.0},{"not_picked":["Infernal Blade","Clash"],"picked":"Reaper","floor":6.0},{"not_picked":["Uppercut","Headbutt"],"picked":"ReplayTheSpireMod:Muscle Training","floor":7.0},{"not_picked":["Thunderclap","Uppercut","Life Link"],"picked":"SKIP","floor":8.0},{"not_picked":["Iron Wave","Thunderclap"],"picked":"Flex","floor":10.0},{"not_picked":["Havoc","Cleave","Bloodletting"],"picked":"SKIP","floor":12}],"player_experience":403800,"relics_obtained":[{"floor":6.0,"key":"Toy Ornithopter"},{"floor":8.0,"key":"Mango"},{"floor":9.0,"key":"Replay:Bottled Eggs"},{"floor":10.0,"key":"Blue Doll"},{"floor":12,"key":"Centennial Puzzle"}],"event_choices":[{"damage_healed":0.0,"max_hp_gain":0.0,"max_hp_loss":0.0,"gold_gain":175.0,"event_name":"Liars Game","player_choice":"AGREE","floor":2.0,"gold_loss":0.0,"damage_taken":0.0,"cards_obtained":["Doubt"]}],"is_beta":false,"boss_relics":[],"items_purged_floors":[5],"is_endless":false,"potions_floor_spawned":[4,8,10],"killed_by":"Fading Forest","ascension_level":8}}