{"host":"640uue19m79c7wbt","time":1612577399,"event":{"mods":["BaseMod","Colored Map","Googly Eyes","Highlight Path","Minty Spire (QoL Compilation)","Quick Restart","StSLib"],"gold_per_floor":[112,112,126,38,38,68,36,51,51,126,138,152,183,199,199,199,199],"floor_reached":16,"language":"ENG","playtime":544,"items_purged":[],"score":260,"play_id":"fc324bc0-d6dd-4465-805a-387c4b172605","local_time":"20210205210959","is_ascension_mode":true,"campfire_choices":[{"floor":15.0,"key":"REST"}],"circlet_count":0,"master_deck":["AscendersBane","Strike_G","Strike_G","Strike_G","Strike_G","Strike_G","Defend_G","Defend_G","Defend_G","Defend_G","Defend_G","Survivor","Neutralize","Poisoned Stab","Heel Hook","Accuracy+1","Blur","Accuracy","Bane","Cloak And Dagger","Calculated Gamble","Burst","Footwork"],"relics":["Ring of the Snake","NeowsBlessing","PreservedInsect","MawBank","Turnip","TungstenRod"],"acts_visited":["Exordium"],"potions_floor_usage":[16],"damage_taken":[{"damage":0.0,"enemies":"Cultist","floor":1.0,"turns":1.0},{"damage":0.0,"enemies":"2 Louse","floor":3.0,"turns":1.0},{"damage":0.0,"enemies":"3 Sentries","floor":6.0,"turns":2.0},{"damage":4.0,"enemies":"Small Slimes","floor":8.0,"turns":4.0},{"damage":1.0,"enemies":"2 Fungi Beasts","floor":11.0,"turns":4.0},{"damage":3.0,"enemies":"Large Slime","floor":12.0,"turns":6.0},{"damage":38.0,"enemies":"Lagavulin","floor":13.0,"turns":10.0},{"damage":0.0,"enemies":"Looter","floor":14.0,"turns":4.0},{"damage":24,"enemies":"Hexaghost","floor":16,"turns":12}],"seed_played":"-4087437859792980927","potions_obtained":[{"floor":3.0,"key":"LiquidMemories"},{"floor":8.0,"key":"Fire Potion"},{"floor":13.0,"key":"DuplicationPotion"},{"floor":14.0,"key":"Energy Potion"}],"is_trial":false,"path_per_floor":["M","T","M","$","?","E","$","M","T","?","M","M","E","M","R","B"],"character_chosen":"THE_SILENT","items_purchased":["Accuracy","Accuracy"],"campfire_rested":1,"item_purchase_floors":[4,7],"current_hp_per_floor":[59,59,59,59,59,59,59,55,55,44,43,40,2,2,21,0,0],"gold":199,"neow_bonus":"THREE_ENEMY_KILL","is_daily":false,"chose_seed":false,"campfire_upgraded":0,"win_rate":0.0,"timestamp":1612577399,"path_taken":["M","?","M","$","?","E","$","M","T","?","M","M","E","M","R","BOSS"],"items_purchased_type":["Card","Card"],"build_version":"2020-12-22","purchased_purges":0,"victory":false,"max_hp_per_floor":[66,66,66,66,66,66,66,66,66,66,66,66,66,66,66,66,66],"card_choices":[{"not_picked":["Quick Slash","Masterful Stab"],"picked":"Poisoned Stab","floor":1.0},{"not_picked":["Endless Agony","Backflip"],"picked":"Heel Hook","floor":3.0},{"not_picked":["Leg Sweep","Sucker Punch"],"picked":"Blur","floor":6.0},{"not_picked":["Outmaneuver","Deflect"],"picked":"Bane","floor":8.0},{"not_picked":["PiercingWail","Bane"],"picked":"Cloak And Dagger","floor":11.0},{"not_picked":["Dagger Throw","Dodge and Roll"],"picked":"Calculated Gamble","floor":12.0},{"not_picked":["Infinite Blades","Night Terror"],"picked":"Burst","floor":13.0},{"not_picked":["Bane","Flechettes"],"picked":"Footwork","floor":14.0}],"player_experience":660764,"relics_obtained":[{"floor":2.0,"key":"PreservedInsect"},{"floor":6.0,"key":"MawBank"},{"floor":9.0,"key":"Turnip"},{"floor":13.0,"key":"TungstenRod"}],"event_choices":[{"damage_healed":0.0,"max_hp_gain":0.0,"max_hp_loss":0.0,"gold_gain":0.0,"event_name":"Living Wall","player_choice":"Grow","floor":5.0,"gold_loss":0.0,"damage_taken":0.0,"cards_upgraded":["Accuracy"]},{"damage_healed":0.0,"max_hp_gain":0.0,"max_hp_loss":0.0,"gold_gain":75.0,"event_name":"World of Goop","player_choice":"Gather Gold","floor":10.0,"gold_loss":0.0,"damage_taken":11.0}],"is_beta":false,"boss_relics":[],"items_purged_floors":[],"is_endless":false,"potions_floor_spawned":[3,8,13,14],"killed_by":"Hexaghost","ascension_level":18}}