{"host":"10b2ljh1rg6srmxa","time":1612596453,"event":{"mods":["AchievementEnabler","BaseMod","Better Third Choice","Colored Map","Colored Powertips","Conspire","Downfall","Googly Eyes","Highlight Path","Hubris","Infinite Spire","Minty Spire (QoL Compilation)","Replay The Spire","StSLib","The Animator","The Wild Card","everything is the same but u backflip on backflip"],"gold_per_floor":[115,115,40,140,157,157,167,178,178,192,192,227,239,239,239,239,239],"floor_reached":16,"language":"ENG","playtime":1307,"items_purged":["Amnesia"],"score":122,"play_id":"66bc940d-f4f0-4836-87d4-08b4631ad8eb","local_time":"20210206082733","is_ascension_mode":true,"campfire_choices":[{"data":"Cleave","floor":6,"key":"SMITH"},{"data":"Bash","floor":11,"key":"SMITH"},{"floor":15,"key":"REST"}],"circlet_count":0,"master_deck":["Strike_R","Strike_R","Strike_R","Strike_R","Strike_R","Defend_R","Defend_R","Defend_R","Defend_R+1","Bash+1","ReplayTheSpireMod:Strike From Hell","Cleave+1","Uppercut","Clothesline","Shrug It Off","Thunderclap"],"relics":["Burning Blood","NeowsBlessing","ReplayTheSpireMod:Ring of Exchange","Letter Opener","conspire:DeflatedDodgeball"],"acts_visited":["Exordium"],"potions_floor_usage":[12,16,16],"damage_taken":[{"damage":0,"enemies":"Small Slimes","floor":1,"turns":1},{"damage":0,"enemies":"Cultist","floor":5,"turns":1},{"damage":0,"enemies":"Jaw Worm","floor":7,"turns":1},{"damage":0,"enemies":"Large Slime","floor":8,"turns":4},{"damage":12,"enemies":"Blue Slaver","floor":10,"turns":4},{"damage":40,"enemies":"3 Sentries","floor":12,"turns":11},{"damage":32,"enemies":"Exordium Thugs","floor":13,"turns":5},{"damage":40,"enemies":"Hexaghost","floor":16,"turns":9}],"seed_played":"-6071270105488521271","potions_obtained":[{"floor":1,"key":"BlessingOfTheForge"},{"floor":8,"key":"GamblersBrew"},{"floor":12,"key":"champ:CounterPotion"},{"floor":13,"key":"LifebloodPotion"}],"is_trial":false,"path_per_floor":["M","?","$","?","M","R","M","M","T","M","R","E","M","?","R","B"],"character_chosen":"IRONCLAD","items_purchased":[],"campfire_rested":1,"item_purchase_floors":[],"current_hp_per_floor":[80,80,80,80,80,80,80,80,80,74,74,40,14,14,38,0,0],"gold":239,"neow_bonus":"THREE_ENEMY_KILL","is_daily":false,"chose_seed":false,"campfire_upgraded":2,"win_rate":0.0,"timestamp":1612596453,"path_taken":["M","?","$","?","M","R","M","M","T","M","R","E","?","?","R","BOSS"],"items_purchased_type":[],"build_version":"2020-12-22","purchased_purges":1,"victory":false,"max_hp_per_floor":[80,80,80,80,80,80,80,80,80,80,80,80,80,80,80,80,80],"card_choices":[{"not_picked":["Wild Strike","Flex"],"picked":"ReplayTheSpireMod:Strike From Hell","floor":1},{"not_picked":["Replay:Undeath\u0027s Touch","True Grit"],"picked":"Cleave","floor":5},{"not_picked":["Entrench","hubris:ReadiedAction"],"picked":"Uppercut","floor":7},{"not_picked":["Rupture","ReplayTheSpireMod:Stacked"],"picked":"Clothesline","floor":8},{"not_picked":["Replay:Undeath\u0027s Touch","Run Through"],"picked":"Shrug It Off","floor":10},{"not_picked":["Dual Wield","ReplayTheSpireMod:Stacked","Reckless Charge"],"picked":"SKIP","floor":12},{"not_picked":["Defy Death","Sentinel"],"picked":"Thunderclap","floor":13}],"player_experience":386794,"relics_obtained":[{"floor":2,"key":"ReplayTheSpireMod:Ring of Exchange"},{"floor":9,"key":"Letter Opener"},{"floor":12,"key":"conspire:DeflatedDodgeball"}],"event_choices":[{"damage_healed":0,"gold_gain":100,"player_choice":"Pray","damage_taken":0,"max_hp_gain":0,"max_hp_loss":0,"event_name":"Golden Shrine","floor":4,"gold_loss":0}],"is_beta":false,"boss_relics":[],"items_purged_floors":[3],"is_endless":false,"potions_floor_spawned":[1,8,12,13],"killed_by":"Hexaghost","ascension_level":4}}