{"host":"2zjdcgw4be5n15ja","time":1612623455,"event":{"mods":["AchievementEnabler","BaseMod","Better Skull","Better Third Choice","BetterRewards","Block Reminder","Hermit","Marisa????????","Minty Spire (QoL Compilation)","Poor People Problems","Quick Restart","Rare Cards Sparkle","Reimu??????","Relic Stats","Reliquary","StSLib","The Runesmith","The Senshi","TheFirefly","Yakumo Yukari mod"],"gold_per_floor":[111,111,131,151,26,26,26,26],"floor_reached":7,"language":"ENG","playtime":281,"items_purged":[],"score":43,"play_id":"796f35ce-f963-49f7-b097-13bef0893ca2","local_time":"20210207035735","is_ascension_mode":true,"campfire_choices":[{"floor":6,"key":"REST"}],"circlet_count":0,"master_deck":["Strike_P","Strike_P","Strike_P","Strike_P","Defend_P","Defend_P","Defend_P","Defend_P","Eruption","Vigilance","Prostrate","Good Instincts","Eruption","Prostrate","Indignation"],"relics":["PureWater","Bird Faced Urn","Eternal Feather"],"acts_visited":["Exordium"],"potions_floor_usage":[],"damage_taken":[{"damage":22,"enemies":"Jaw Worm","floor":1,"turns":2},{"damage":7,"enemies":"Cultist","floor":3,"turns":3},{"damage":0,"enemies":"2 Louse","floor":4,"turns":2},{"damage":112,"enemies":"Gremlin Nob","floor":7,"turns":5}],"seed_played":"8371511646235331457","potions_obtained":[],"is_trial":false,"path_per_floor":["M","?","M","M","?","R","E"],"character_chosen":"WATCHER","items_purchased":[],"campfire_rested":1,"item_purchase_floors":[],"current_hp_per_floor":[43,43,36,36,36,64,0,0],"gold":26,"neow_bonus":"ONE_RARE_RELIC","is_daily":false,"chose_seed":false,"campfire_upgraded":0,"win_rate":0.0,"timestamp":1612623455,"path_taken":["M","?","?","M","?","R","E"],"items_purchased_type":[],"build_version":"2020-12-22","purchased_purges":0,"victory":false,"max_hp_per_floor":[65,65,65,65,65,65,65,65],"relic_stats":{"counters":[4,12],"Bird Faced Urn":[0],"Eternal Feather":9,"obtain_stats":[{"Bird Faced Urn":0,"Eternal Feather":5,"PureWater":0},{"Bird Faced Urn":0,"Eternal Feather":3,"PureWater":0},{"Bird Faced Urn":0,"Eternal Feather":7,"PureWater":0}]},"card_choices":[{"not_picked":["JustLucky","FlurryOfBlows"],"picked":"Prostrate","floor":1},{"not_picked":["ForeignInfluence","CarveReality"],"picked":"Prostrate","floor":3},{"not_picked":["FollowUp","EmptyBody"],"picked":"Indignation","floor":4}],"player_experience":404692,"relics_obtained":[],"event_choices":[{"damage_healed":0,"gold_gain":0,"player_choice":"2 cards matched","damage_taken":0,"max_hp_gain":0,"max_hp_loss":0,"event_name":"Match and Keep!","floor":2,"gold_loss":0,"cards_obtained":["Good Instincts","Eruption"]},{"damage_healed":0,"gold_gain":0,"player_choice":"Paid Gold","damage_taken":0,"relics_obtained":["Eternal Feather"],"max_hp_gain":0,"max_hp_loss":0,"event_name":"WeMeetAgain","floor":5,"gold_loss":125}],"is_beta":false,"boss_relics":[],"items_purged_floors":[],"is_endless":false,"potions_floor_spawned":[],"killed_by":"Gremlin Nob","ascension_level":1}}