{"host":"osk2oboccoevp2u5","time":1612635214,"event":{"mods":["AchievementEnabler","Alarm Clock","BaseMod","Colored Powertips","Disable Question Mark Monsters","Displayed Cursed Tome","Key Reminder","Minty Spire (QoL Compilation)","Potion Indicator Mod","Quick Restart","Rare Cards Sparkle","Reorder Act Four","StSLib","The Cursed","Useless Jewels Mod"],"gold_per_floor":[113,113,188,188,202,30,41,4,4,28,41,41,216,216,216,344,344,364,349,349,362,385,428,428,462,462,462,9,52,66,66,66,66,66],"floor_reached":33,"language":"ENG","playtime":4154,"items_purged":["TheCursedMod:Strike_TheCursed","TheCursedMod:Strike_TheCursed","TheCursedMod:Strike_TheCursed"],"score":559,"play_id":"38b975b3-cabd-4979-9e4d-ddc73f6b850b","local_time":"20210206141334","is_ascension_mode":true,"campfire_choices":[{"floor":12,"key":"REST"},{"data":"TheCursedMod:CursedArmor","floor":15,"key":"SMITH"},{"floor":24,"key":"REST"},{"floor":32,"key":"REST"}],"circlet_count":0,"master_deck":["TheCursedMod:Strike_TheCursed","TheCursedMod:Defend_TheCursed","TheCursedMod:Defend_TheCursed","TheCursedMod:Defend_TheCursed","TheCursedMod:Defend_TheCursed","TheCursedMod:CursedWand","TheCursedMod:CleanUpWorkshop","TheCursedMod:Dregs","TheCursedMod:Stretching","TheCursedMod:CursedArmor+1","Discovery","TheCursedMod:Obscuration","TheCursedMod:AshesToAshes","TheCursedMod:Obscuration","Magnetism+1","TheCursedMod:ForbiddenAlchemy","Doubt","Injury","TheCursedMod:ParallelWorld","TheCursedMod:TacticalStrike","TheCursedMod:SurpriseAttack","TheCursedMod:RapidMovement+1","TheCursedMod:ReleasedKnowledge","TheCursedMod:Stretching","Apotheosis","Magnetism+1","TheCursedMod:RapidMovement+1","TheCursedMod:TroublousMinions+1","TheCursedMod:Stretching+1"],"relics":["TheCursedMod:BlackMagicAdvanced","Calipers","Regal Pillow","Thread and Needle","Dead Branch","Bird Faced Urn","Golden Idol","Ancient Tea Set","Orichalcum","Matryoshka","DollysMirror","Dream Catcher"],"acts_visited":["Exordium","TheCity"],"potions_floor_usage":[11,16,16,16,16,16,18,18,19,21,21,21,21,21,21,21,21,22,23,25,25,25,25,29,29,29,30,30],"damage_taken":[{"damage":0,"enemies":"2 Louse","floor":1,"turns":2},{"damage":3,"enemies":"Jaw Worm","floor":5,"turns":7},{"damage":15,"enemies":"Cultist","floor":7,"turns":7},{"damage":0,"enemies":"Looter","floor":11,"turns":4},{"damage":0,"enemies":"Slime Boss","floor":16,"turns":10},{"damage":9,"enemies":"Spheric Guardian","floor":18,"turns":6},{"damage":0,"enemies":"2 Thieves","floor":19,"turns":4},{"damage":14,"enemies":"3 Cultists","floor":21,"turns":6},{"damage":60,"enemies":"Snecko","floor":22,"turns":12},{"damage":61,"enemies":"Slavers","floor":23,"turns":14},{"damage":0,"enemies":"Gremlin Leader","floor":25,"turns":5},{"damage":53,"enemies":"Slavers","floor":29,"turns":9},{"damage":2,"enemies":"Centurion and Healer","floor":30,"turns":9},{"damage":38,"enemies":"Collector","floor":33,"turns":13}],"seed_played":"-3849138185328422328","potions_obtained":[{"floor":1,"key":"TheCursedMod:DregsPotion"},{"floor":18,"key":"AttackPotion"},{"floor":22,"key":"Energy Potion"},{"floor":29,"key":"Dexterity Potion"}],"is_trial":false,"path_per_floor":["M","?","?","?","M","$","M","$","T","$","M","R","?","?","R","B",null,"M","M","?","M","M","E","R","E","T","?","$","E","M","?","R","B"],"character_chosen":"THE_CURSED","items_purchased":["Discovery","TheCursedMod:AshesToAshes","Dead Branch","Bird Faced Urn","TheCursedMod:Obscuration","Magnetism","Energy Potion","Apotheosis","DollysMirror"],"campfire_rested":3,"item_purchase_floors":[6,8,10,10,10,10,10,28,28],"current_hp_per_floor":[68,43,32,32,29,29,14,14,14,14,18,53,53,53,53,59,66,59,61,68,59,5,15,50,54,54,54,54,5,11,11,46,18,18],"gold":66,"neow_bonus":"ONE_RARE_RELIC","is_daily":false,"chose_seed":false,"campfire_upgraded":1,"win_rate":0.0,"timestamp":1612635214,"path_taken":["M","?","?","?","?","$","M","$","T","$","M","R","?","?","R","BOSS","M","M","?","M","?","E","R","E","T","?","$","E","?","?","R","BOSS"],"items_purchased_type":["Card","Card","Relic","Relic","Card","Card","Potion","Card","Relic"],"build_version":"2020-12-22","purchased_purges":3,"victory":false,"max_hp_per_floor":[68,68,68,68,68,68,68,68,68,68,68,68,68,68,68,68,68,68,68,68,68,68,68,68,68,68,68,68,68,68,68,68,68,68],"card_choices":[{"not_picked":["TheCursedMod:CursedStaff","TheCursedMod:SurpriseAttack"],"picked":"TheCursedMod:Stretching","floor":1},{"not_picked":["TheCursedMod:CircleOfAmplification","TheCursedMod:SmokeScreen"],"picked":"TheCursedMod:CursedArmor","floor":5},{"not_picked":["TheCursedMod:StingEye","TheCursedMod:CircleOfFlame"],"picked":"TheCursedMod:Obscuration","floor":7},{"not_picked":["TheCursedMod:RavingStaff","TheCursedMod:CircleOfCorruption"],"picked":"TheCursedMod:ForbiddenAlchemy","floor":11},{"not_picked":["TheCursedMod:ShockAndAwe","TheCursedMod:DemonicPact"],"picked":"TheCursedMod:ParallelWorld","floor":16},{"not_picked":["TheCursedMod:SpitefulStrike+1","TheCursedMod:CursedMace"],"picked":"TheCursedMod:TacticalStrike","floor":18},{"not_picked":["TheCursedMod:CursedBlade","TheCursedMod:CursedArmor"],"picked":"TheCursedMod:SurpriseAttack","floor":19},{"not_picked":["TheCursedMod:TacticalStrike+1","TheCursedMod:HellfireBreathing"],"picked":"TheCursedMod:RapidMovement+1","floor":21},{"not_picked":["TheCursedMod:SoulCrush","TheCursedMod:SmokeScreen"],"picked":"TheCursedMod:ReleasedKnowledge","floor":22},{"not_picked":["TheCursedMod:ReleasedKnowledge","TheCursedMod:SoulCrush","TheCursedMod:CursedShiv+1"],"picked":"SKIP","floor":23},{"not_picked":["TheCursedMod:AbyssShockwave","TheCursedMod:ShockAndAwe"],"picked":"TheCursedMod:Stretching","floor":25},{"not_picked":["TheCursedMod:WearCloak","TheCursedMod:TroublousMinions+1"],"picked":"TheCursedMod:RapidMovement+1","floor":29},{"not_picked":["TheCursedMod:CircleOfWindfury+1","TheCursedMod:FuryStrike"],"picked":"TheCursedMod:TroublousMinions+1","floor":30},{"not_picked":["TheCursedMod:CursedMace","TheCursedMod:StingEye"],"picked":"TheCursedMod:Stretching+1","floor":32}],"player_experience":970513,"relics_obtained":[{"floor":9,"key":"Thread and Needle"},{"floor":23,"key":"Ancient Tea Set"},{"floor":25,"key":"Orichalcum"},{"floor":26,"key":"Matryoshka"},{"floor":29,"key":"Dream Catcher"}],"event_choices":[{"damage_healed":0,"gold_gain":0,"player_choice":"Success","damage_taken":25,"relics_obtained":["Regal Pillow"],"max_hp_gain":0,"max_hp_loss":0,"event_name":"Scrap Ooze","floor":2,"gold_loss":0},{"damage_healed":0,"gold_gain":75,"player_choice":"Gather Gold","damage_taken":11,"max_hp_gain":0,"max_hp_loss":0,"event_name":"World of Goop","floor":3,"gold_loss":0},{"damage_healed":0,"gold_gain":0,"player_choice":"Ignored","damage_taken":0,"max_hp_gain":0,"max_hp_loss":0,"event_name":"Fountain of Cleansing","floor":4,"gold_loss":0},{"damage_healed":0,"gold_gain":175,"player_choice":"AGREE","damage_taken":0,"max_hp_gain":0,"max_hp_loss":0,"event_name":"Liars Game","floor":13,"gold_loss":0,"cards_obtained":["Doubt"]},{"damage_healed":0,"gold_gain":0,"player_choice":"Take Wound","damage_taken":0,"relics_obtained":["Golden Idol"],"max_hp_gain":0,"max_hp_loss":0,"event_name":"Golden Idol","floor":14,"gold_loss":0,"cards_obtained":["Injury"]},{"damage_healed":7,"gold_gain":0,"player_choice":"Full Heal","damage_taken":0,"max_hp_gain":0,"max_hp_loss":0,"event_name":"Wheel of Change","floor":20,"gold_loss":0},{"damage_healed":0,"gold_gain":0,"player_choice":"Upgraded","damage_taken":0,"max_hp_gain":0,"max_hp_loss":0,"event_name":"Upgrade Shrine","floor":27,"gold_loss":0,"cards_upgraded":["Magnetism"]},{"damage_healed":0,"gold_gain":0,"player_choice":"Ignored","damage_taken":0,"max_hp_gain":0,"max_hp_loss":0,"event_name":"Cursed Tome","floor":31,"gold_loss":0}],"is_beta":false,"boss_relics":[{"not_picked":["Runic Dome","Snecko Eye"],"picked":"TheCursedMod:BlackMagicAdvanced"}],"items_purged_floors":[6,10,28],"is_endless":false,"potions_floor_spawned":[1,18,22,29],"killed_by":"Collector","ascension_level":9}}