{"host":"mulvwr6fzlda1d2f","time":1612601867,"event":{"mods":["BaseMod","Colored Powertips","Downfall","Hermit","Marisa????????","Minty Spire (QoL Compilation)","Quick Restart","Remove Card Discount Mod","Replay The Spire","StSLib","The Bladedancer","egg"],"gold_per_floor":[115,65,76,91,91,118,118,128,128,142,142,142],"floor_reached":11,"language":"ENG","playtime":459,"items_purged":[],"score":75,"play_id":"7106553f-e325-41be-92dd-71c2f8790756","local_time":"20210206005747","is_ascension_mode":false,"campfire_choices":[{"data":"hermit:Snipe","floor":7,"key":"SMITH"}],"circlet_count":0,"master_deck":["hermit:Strike_Hermit","hermit:Strike_Hermit","hermit:Strike_Hermit","hermit:Defend_Hermit","hermit:Defend_Hermit","hermit:Defend_Hermit","hermit:Defend_Hermit","hermit:Snapshot","hermit:Covet","hermit:Snipe+1","hermit:Vantage","hermit:Glare","Regret","hermit:Deadeye","hermit:Shortfuse","hermit:EyeOfTheStorm"],"relics":["hermit:Momento","ReplayTheSpireMod:Lightbulb","InkBottle"],"acts_visited":["Exordium"],"potions_floor_usage":[6,11],"damage_taken":[{"damage":0,"enemies":"Cultist","floor":1,"turns":4},{"damage":0,"enemies":"2 Louse","floor":3,"turns":2},{"damage":10,"enemies":"Small Slimes","floor":4,"turns":5},{"damage":16,"enemies":"Lagavulin","floor":6,"turns":5},{"damage":0,"enemies":"3 Louse","floor":8,"turns":4},{"damage":7,"enemies":"Red Slaver","floor":10,"turns":4},{"damage":54,"enemies":"Gremlin Nob","floor":11,"turns":4}],"seed_played":"3060764070986607790","potions_obtained":[{"floor":1,"key":"champ:CounterPotion"},{"floor":6,"key":"hexamod:SoulburnPotion"}],"is_trial":false,"path_per_floor":["M","?","M","M","?","E","R","M","T","M","E"],"character_chosen":"HERMIT","items_purchased":[],"campfire_rested":0,"item_purchase_floors":[],"current_hp_per_floor":[82,82,82,72,72,56,56,56,56,49,0,0],"gold":142,"neow_bonus":"TEN_PERCENT_HP_BONUS","is_daily":false,"chose_seed":false,"campfire_upgraded":1,"win_rate":0.0,"timestamp":1612601867,"path_taken":["M","?","M","M","?","E","R","M","T","M","E"],"items_purchased_type":[],"build_version":"2020-12-22","purchased_purges":0,"victory":false,"max_hp_per_floor":[82,82,82,82,82,82,82,82,82,82,82,82],"card_choices":[{"not_picked":["hermit:ShadowCloak","hermit:Combo"],"picked":"hermit:Snipe","floor":1},{"not_picked":["hermit:SprayPray","hermit:HighCaliber"],"picked":"hermit:Vantage","floor":3},{"not_picked":["hermit:TakeCover","hermit:Snipe"],"picked":"hermit:Glare","floor":4},{"not_picked":["hermit:Dive","hermit:HighCaliber"],"picked":"hermit:Deadeye","floor":6},{"not_picked":["hermit:Coalescence","hermit:Manifest"],"picked":"hermit:Shortfuse","floor":8},{"not_picked":["hermit:HighCaliber","hermit:Desperado"],"picked":"hermit:EyeOfTheStorm","floor":10}],"player_experience":262390,"relics_obtained":[{"floor":6,"key":"InkBottle"}],"event_choices":[{"cards_removed":["hermit:Strike_Hermit"],"damage_healed":0,"gold_gain":0,"player_choice":"Card Removal","damage_taken":0,"max_hp_gain":0,"max_hp_loss":0,"event_name":"The Cleric","floor":2,"gold_loss":50},{"damage_healed":0,"gold_gain":0,"player_choice":"Box","damage_taken":0,"relics_obtained":["ReplayTheSpireMod:Lightbulb"],"max_hp_gain":0,"max_hp_loss":0,"event_name":"Big Fish","floor":5,"gold_loss":0,"cards_obtained":["Regret"]}],"is_beta":false,"boss_relics":[],"items_purged_floors":[],"is_endless":false,"potions_floor_spawned":[1,6],"killed_by":"Gremlin Nob","ascension_level":0}}