{"host":"g4s2zlagidtu703b","time":1612637901,"event":{"mods":["BaseMod","Colored Map","Colored Powertips","Lobotomy","Minty Spire (QoL Compilation)","StSLib"],"gold_per_floor":[110,123,140,26,43,74,74,74,98,111,122,133,159,172,172,270,270,280,290,305,324,337,337,337,337],"floor_reached":24,"language":"ENG","playtime":2828,"items_purged":["Defend_G"],"score":241,"play_id":"19b3b677-dac9-461c-a669-53770c7d3327","local_time":"20210206165821","is_ascension_mode":false,"campfire_choices":[{"data":"Footwork","floor":7,"key":"SMITH"},{"data":"Noxious Fumes","floor":15,"key":"SMITH"},{"data":"Well Laid Plans","floor":23,"key":"SMITH"}],"circlet_count":0,"master_deck":["Strike_G","Strike_G","Strike_G","Strike_G","Strike_G","Defend_G","Defend_G","Defend_G","Defend_G","Survivor","Neutralize","DreamingCurrent","PiercingWail","Terror","UniverseFragment","Reflex","Footwork+1","All Out Attack","BeautyBeast","Noxious Fumes+1","Burst","Infinite Blades","Infinite Blades","QueenOfHatred","Blur","LongBird","Tools of the Trade","Tools of the Trade","NakedNest","Well Laid Plans+1","OSAHOGD"],"relics":["Ring of the Snake","CogitoBucket","Anchor","Bronze Scales","ResearcherNote","Tiny Chest","Philosopher\u0027s Stone","LuminousBracelet"],"acts_visited":["Exordium","TheCity"],"potions_floor_usage":[11,13,18],"damage_taken":[{"damage":7,"enemies":"Jaw Worm","floor":1,"turns":6},{"damage":6,"enemies":"Small Slimes","floor":2,"turns":5},{"damage":6,"enemies":"Cultist","floor":3,"turns":4},{"damage":69,"enemies":"Gremlin Gang","floor":5,"turns":16},{"damage":46,"enemies":"Lagavulin","floor":6,"turns":10},{"damage":11,"enemies":"Large Slime","floor":10,"turns":5},{"damage":0,"enemies":"Red Slaver","floor":11,"turns":6},{"damage":9,"enemies":"Exordium Wildlife","floor":12,"turns":4},{"damage":30,"enemies":"Gremlin Nob","floor":13,"turns":5},{"damage":10,"enemies":"Blue Slaver","floor":14,"turns":6},{"damage":46,"enemies":"Hexaghost","floor":16,"turns":11},{"damage":41,"enemies":"3 Byrds","floor":18,"turns":5},{"damage":58,"enemies":"Chosen","floor":19,"turns":7},{"damage":34,"enemies":"Snecko","floor":20,"turns":6},{"damage":35,"enemies":"Sentry and Sphere","floor":21,"turns":7},{"damage":20,"enemies":"Snake Plant","floor":22,"turns":6},{"damage":53,"enemies":"Gremlin Leader","floor":24,"turns":4}],"seed_played":"-4367439905810377356","potions_obtained":[{"floor":1,"key":"BlessingOfTheForge"},{"floor":2,"key":"GamblersBrew"},{"floor":6,"key":"Fire Potion"},{"floor":12,"key":"GhostInAJar"},{"floor":16,"key":"Dexterity Potion"},{"floor":18,"key":"Energy Potion"}],"is_trial":false,"path_per_floor":["M","M","M","$","M","E","R","?","T","M","M","M","E","M","R","B",null,"M","M","M","M","M","R","E"],"character_chosen":"THE_SILENT","items_purchased":["Footwork"],"campfire_rested":0,"item_purchase_floors":[4],"current_hp_per_floor":[63,70,70,70,70,56,56,56,56,69,70,70,58,70,70,70,70,85,32,50,77,85,85,57,57],"gold":337,"neow_bonus":"","is_daily":false,"chose_seed":false,"campfire_upgraded":3,"win_rate":0.0,"timestamp":1612637901,"path_taken":["M","M","M","$","M","E","R","?","T","M","M","M","E","M","R","BOSS","M","M","M","M","M","R","E"],"items_purchased_type":["Card"],"build_version":"2020-12-22","purchased_purges":1,"victory":false,"max_hp_per_floor":[70,70,70,70,70,70,70,70,70,70,70,70,70,70,70,70,70,85,85,85,85,85,85,85,85],"card_choices":[{"not_picked":["QueenBee","WallGazer"],"picked":"DreamingCurrent","floor":1},{"not_picked":["Backflip","Leg Sweep"],"picked":"PiercingWail","floor":1},{"not_picked":["MeatLantern","SpiderBud"],"picked":"HeroicMonk","floor":2},{"not_picked":["Calculated Gamble","Catalyst"],"picked":"Terror","floor":2},{"not_picked":["SpiderBud","DespairKnight"],"picked":"UniverseFragment","floor":3},{"not_picked":["Deadly Poison","Dodge and Roll"],"picked":"Reflex","floor":3},{"not_picked":["Dodge and Roll","Dash"],"picked":"All Out Attack","floor":5},{"not_picked":["Wellcheers","Murderer"],"picked":"BeautyBeast","floor":5},{"not_picked":["Underhanded Strike","Unload","Leg Sweep"],"picked":"SKIP","floor":6},{"not_picked":["MHz","Wellcheers"],"picked":"Yin","floor":10},{"not_picked":["Dagger Throw","Slice"],"picked":"Burst","floor":10},{"not_picked":["Bane","Predator","Burst"],"picked":"SKIP","floor":11},{"not_picked":["Sucker Punch","PiercingWail"],"picked":"Infinite Blades","floor":12},{"not_picked":["Acrobatics","Underhanded Strike"],"picked":"Infinite Blades","floor":13},{"not_picked":["HappyTeddy","WallGazer"],"picked":"QueenOfHatred","floor":14},{"not_picked":["Choke","Flechettes"],"picked":"Blur","floor":14},{"not_picked":["Scorched","Murderer"],"picked":"LongBird","floor":16},{"not_picked":["Corpse Explosion","Night Terror"],"picked":"Tools of the Trade","floor":16},{"not_picked":["Flying Knee","Blade Dance","Skewer"],"picked":"SKIP","floor":18},{"not_picked":["Finisher","Underhanded Strike"],"picked":"Tools of the Trade","floor":19},{"not_picked":["Skewer","Prepared","Underhanded Strike"],"picked":"SKIP","floor":20},{"not_picked":["BigBird","CherryBlossoms"],"picked":"NakedNest","floor":21},{"not_picked":["Bane","Reflex"],"picked":"Well Laid Plans","floor":21},{"not_picked":["MHz","CherryBlossoms"],"picked":"OSAHOGD","floor":22},{"not_picked":["Caltrops","Slice","Phantasmal Killer"],"picked":"SKIP","floor":22}],"player_experience":162432,"relics_obtained":[{"floor":6,"key":"Anchor"},{"floor":9,"key":"Bronze Scales"},{"floor":13,"key":"Tiny Chest"}],"event_choices":[{"damage_healed":0,"gold_gain":0,"cards_transformed":["HeroicMonk"],"player_choice":"Change","damage_taken":0,"max_hp_gain":0,"max_hp_loss":0,"event_name":"Living Wall","floor":8,"gold_loss":0,"cards_obtained":["Noxious Fumes"]}],"is_beta":false,"boss_relics":[{"not_picked":["Pandora\u0027s Box","SacredBark"],"picked":"Philosopher\u0027s Stone"}],"items_purged_floors":[4],"is_endless":false,"potions_floor_spawned":[1,2,6,12,16,18,19,21],"killed_by":"Gremlin Leader","ascension_level":0}}