{"host":"18ybagvpjbhxblmx","time":1612655304,"event":{"mods":["BaseMod","BetterRewards","Colored Map","Conspire","Friendly Minions","Hermit","Hubris","Infinite Spire","Koishi","Marisa????????","Minty Spire (QoL Compilation)","Quick Restart","Replay The Spire","StSLib","The Administrix","The Cursed","The Runesmith","The Servant 0.9.4"],"gold_per_floor":[116,116,16,16,16,16,81,81,108,108,108,108,122,122,50,69,69,166,166,184,184,184,197,197,230,230,249,249,279,294,323,323,347,347,470,470,519,519,519,519,573,638,638,713,713,713,781,781,848,848,848,1004,1004,1071,1071,1144,771,773,841,841,923,994,1073,1073,1158,1008,1085,1085,1253,1316,1413,1514,1539,906,906,988,988,988,988,988,1092,1017,1115,1115,1115,1282,1282,1371,1466,1175,1175,1250,1328,1328,1428,1428,1532,1632,1632,1434,1540,1552,1795,1807,1807],"floor_reached":104,"language":"ENG","playtime":13037,"items_purged":["Runesmith:Strike_RS","Runesmith:Strike_RS","Runesmith:Strike_RS+1","Runesmith:Defend_RS","Shame","Sickly","Runesmith:CraftProtectio","Runesmith:Reinforce","Parasite"],"score":2657,"play_id":"b358255c-414b-4c81-ad85-2ce92cd4206b","local_time":"20210207004824","is_ascension_mode":false,"campfire_choices":[{"floor":8.0,"key":"REST"},{"data":"Runesmith:Fortify","floor":12.0,"key":"SMITH"},{"data":"Runesmith:PoweredAnvil","floor":17.0,"key":"SMITH"},{"data":"Runesmith:Grindstone","floor":26.0,"key":"SMITH"},{"data":"Runesmith:UnlimitedPower","floor":32.0,"key":"SMITH"},{"data":"Runesmith:Grindstone+1","floor":34.0,"key":"SMITH"},{"data":"Runesmith:PerfectChisel","floor":43.0,"key":"SMITH"},{"data":"Runesmith:PerfectChisel+1","floor":48.0,"key":"SMITH"},{"data":"Runesmith:Fortify+1","floor":51.0,"key":"SMITH"},{"data":"Runesmith:DuctTape+1","floor":60.0,"key":"SMITH"},{"data":"Runesmith:DuctTape+2","floor":68.0,"key":"SMITH"},{"data":"Runesmith:Terraform+1","floor":80.0,"key":"SMITH"},{"data":"Runesmith:BackupBattery+1","floor":85.0,"key":"SMITH"},{"data":"Runesmith:Augment+2","floor":94.0,"key":"SMITH"},{"data":"Runesmith:BackupBattery+1","floor":102.0,"key":"SMITH"}],"circlet_count":0,"master_deck":["Runesmith:EnergizedChisel+3","Runesmith:PoweredAnvil+1","Runesmith:PerfectChisel+3","Runesmith:Grindstone+4","Runesmith:Terraform+2","Runesmith:CraftMagma+1","Runesmith:GrandSlam+1","Runesmith:DuctTape+3","Runesmith:CreatorForm+1","Runesmith:Repurpose","Runesmith:BackupBattery+3","Runesmith:Augment+3","Runesmith:BackupBattery+1","Runesmith:BackupBattery+2"],"relics":["Runesmith:BrokenRuby","Runesmith:AutoHammer","hubris:64BitClover","Bag of Preparation","conspire:TreasureMap","Mercury Hourglass","ReplayFunnel","Bag of Marbles","Black Star","infinitespire:WardingShard","hubris:GlazedTorus","Runesmith:Locket","conspire:Flyswatter","Juzu Bracelet","conspire:InfiniteJournal","MealTicket","infinitespire:Midas Blood","Replay:Bottled Steam","infinitespire:EvilPickle","hubris:ScarierMask","hubris:Icosahedron","hubris:DeckOfHolding","Strawberry","hubris:SlimyHat","Replay:Baseball","Blue Doll","StoneCalendar","Regal Pillow","Boot","Replay:Grab Bag","hubris:TerracottaHorce","Runesmith:UraniumAnvil","SlaversCollar","Kintsugi","Guide Book","Guide Book","Golden Idol","Question Card","Runesmith:EmergencyProvisions","conspire:Dentures","Frozen Egg 2","Prayer Wheel","hubris:ToyBattleship","infinitespire:Golems Mask","Tiny House","Whetstone","Runesmith:MiniCore","Durian","Replay:Rubber Ducky","Vajra","hubris:Towel","Thread and Needle","Replay:Ringing Soul","Mango","infinitespire:ShieldingShard","infinitespire:Bottled Soul","Replay:Wax Seal","infinitespire:Cupcake","Lee\u0027s Waffle","hubris:MobiusCoin","Art of War","War Paint","Smiling Mask","Replay:Accelerometer","Bottled Tornado","infinitespire:PuzzleCube","Toy Ornithopter","hubris:TenFootPole","Lantern","War Paint","MawBank","infinitespire:BlackEgg","Pandora\u0027s Box"],"acts_visited":["Exordium","TheCity","TheBeyond","Exordium","TheCity","TheBeyond"],"potions_floor_usage":[],"damage_taken":[{"damage":0.0,"enemies":"Small Slimes","floor":1.0,"turns":4.0},{"damage":13.0,"enemies":"Gremlin Nob","floor":7.0,"turns":4.0},{"damage":6.0,"enemies":"Lagavulin","floor":9.0,"turns":6.0},{"damage":0.0,"enemies":"2 Louse","floor":13.0,"turns":2.0},{"damage":0.0,"enemies":"Jaw Worm","floor":16.0,"turns":3.0},{"damage":25.0,"enemies":"Slime Boss","floor":18.0,"turns":11.0},{"damage":0.0,"enemies":"Shell Parasite","floor":20.0,"turns":7.0},{"damage":9.0,"enemies":"Spheric Guardian","floor":23.0,"turns":5.0},{"damage":0.0,"enemies":"conspire:SneckoGhost","floor":25.0,"turns":7.0},{"damage":3.0,"enemies":"Snake Plant","floor":27.0,"turns":6.0},{"damage":0.0,"enemies":"Replay:Snechameleon","floor":29.0,"turns":9.0},{"damage":2.0,"enemies":"Centurion and Healer","floor":30.0,"turns":9.0},{"damage":0.0,"enemies":"Nightmare","floor":31.0,"turns":9.0},{"damage":13.0,"enemies":"3 Cultists","floor":33.0,"turns":8.0},{"damage":33.0,"enemies":"Pondfish","floor":35.0,"turns":11.0},{"damage":0.0,"enemies":"3 Darklings","floor":37.0,"turns":8.0},{"damage":0.0,"enemies":"3 Shapes","floor":41.0,"turns":5.0},{"damage":20.0,"enemies":"Nemesis","floor":42.0,"turns":7.0},{"damage":0.0,"enemies":"R_Hoarder","floor":44.0,"turns":8.0},{"damage":4.0,"enemies":"Jaw Worm Horde","floor":47.0,"turns":5.0},{"damage":0.0,"enemies":"3 Darklings","floor":49.0,"turns":5.0},{"damage":0.0,"enemies":"Awakened One","floor":52.0,"turns":8.0},{"damage":0.0,"enemies":"Jaw Worm","floor":54.0,"turns":3.0},{"damage":0.0,"enemies":"infinitespire:Voidling","floor":56.0,"turns":1.0},{"damage":0.0,"enemies":"Lagavulin","floor":59.0,"turns":3.0},{"damage":0.0,"enemies":"Gremlin Nob","floor":61.0,"turns":2.0},{"damage":0.0,"enemies":"Lagavulin","floor":63.0,"turns":4.0},{"damage":0.0,"enemies":"Cultist","floor":65.0,"turns":3.0},{"damage":0.0,"enemies":"Gremlin Gang","floor":67.0,"turns":3.0},{"damage":0.0,"enemies":"Slime Boss","floor":69.0,"turns":4.0},{"damage":0.0,"enemies":"Chosen","floor":71.0,"turns":3.0},{"damage":0.0,"enemies":"3 Byrds","floor":72.0,"turns":4.0},{"damage":0.0,"enemies":"conspire:MimicChest","floor":73.0,"turns":5.0},{"damage":6.0,"enemies":"Book of Stabbing","floor":76.0,"turns":4.0},{"damage":0.0,"enemies":"Colosseum Slavers","floor":81.0,"turns":2.0},{"damage":0.0,"enemies":"Colosseum Nobs","floor":81.0,"turns":2.0},{"damage":0.0,"enemies":"Slavers","floor":83.0,"turns":3.0},{"damage":0.0,"enemies":"Collector","floor":86.0,"turns":5.0},{"damage":0.0,"enemies":"3 Shapes","floor":88.0,"turns":4.0},{"damage":0.0,"enemies":"Orb Walker","floor":89.0,"turns":3.0},{"damage":0.0,"enemies":"Writhing Mass","floor":92.0,"turns":5.0},{"damage":0.0,"enemies":"R_Hoarder","floor":93.0,"turns":6.0},{"damage":0.0,"enemies":"Nemesis","floor":95.0,"turns":5.0},{"damage":0.0,"enemies":"Nightmare","floor":97.0,"turns":6.0},{"damage":0.0,"enemies":"Reptomancer","floor":101.0,"turns":4.0},{"damage":0.0,"enemies":"LordOfAnnihilation","floor":103.0,"turns":8.0}],"seed_played":"-5302485739315486884","potions_obtained":[{"floor":7.0,"key":"Explosive Potion"},{"floor":27.0,"key":"Fire Potion"},{"floor":54.0,"key":"Fire Potion"},{"floor":56.0,"key":"BlessingOfTheForge"},{"floor":61.0,"key":"Venom Potion"},{"floor":81.0,"key":"Fruit Juice"},{"floor":86.0,"key":"Elixir"}],"is_trial":false,"path_per_floor":["M","?","$","PTL","PTL","?","?","R","E","?","T","R","M","?","$","M","R","B",null,"M","?","?","M","AVR","E","R","M","T","E","M","NM","R","M","R_BF","B",null,"M","?","AVR","?","M","E","R","E","T","?","M","R","M","?","R","B",null,"M","AVR","M","$","?","E","R","E","T","E","?","M","$","M","R","B",null,"M","M","?","$","?","E","?","AVR","T","R","?","?","E","?","R","B",null,"M","M","$","?","M","E","R","E","T","NM","?","T","$","E","R","B",null],"character_chosen":"RUNESMITH_CLASS","items_purchased":["Runesmith:AutoHammer","Bag of Preparation","conspire:TreasureMap","Runesmith:EnergizedChisel","Runesmith:PoweredAnvil","Runesmith:DuctTape+1","Guide Book","Durian","Replay:Rubber Ducky","Lee\u0027s Waffle","hubris:MobiusCoin","Lantern"],"campfire_rested":1,"item_purchase_floors":[0,0,0,0,15,57,57,74,74,90,90,100],"current_hp_per_floor":[38,38,38,38,38,24,11,32,26,26,26,26,26,31,31,31,31,6,75,75,75,75,66,66,66,66,63,63,63,61,61,61,48,48,15,75,75,75,75,75,75,62,62,62,62,62,58,58,58,58,58,58,76,76,76,76,82,62,62,62,62,62,62,65,65,80,80,80,80,89,89,89,89,95,95,89,89,89,89,89,111,111,111,111,111,111,116,119,119,127,127,130,131,131,131,131,131,131,131,128,128,128,128,128,128],"gold":1807,"neow_bonus":"","is_daily":false,"chose_seed":false,"campfire_upgraded":14,"win_rate":0.0,"timestamp":1612655304,"path_taken":["M","?","$","PTL","PTL","?","?","R","E","?","T","R","M","?","$","M","R","BOSS","M","?","?","M","AVR","E","R","M","T","E","M","NM","R","M","R_BF","BOSS","M","?","AVR","?","M","E","R","E","T","?","M","R","M","?","R","BOSS","M","AVR","M","?","?","E","R","E","T","E","?","M","$","M","R","BOSS","M","M","?","$","?","E","?","AVR","T","R","?","?","E","?","R","BOSS","M","M","$","?","M","E","R","E","T","NM","?","?","$","E","R","BOSS"],"items_purchased_type":["Relic","Relic","Relic","Card","Card","Card","Relic","Relic","Relic","Relic","Relic","Relic"],"build_version":"2020-12-22","purchased_purges":9,"victory":false,"max_hp_per_floor":[70,70,70,70,70,70,70,70,70,70,70,70,70,75,75,75,75,75,75,75,75,75,75,75,75,75,75,75,75,75,75,75,75,75,75,75,75,75,75,75,75,82,82,82,82,82,82,82,82,82,82,82,82,82,82,82,82,82,82,82,82,82,82,85,85,85,85,85,85,90,90,90,90,95,95,95,95,95,95,95,117,117,117,117,117,117,117,120,120,127,127,130,131,131,131,131,131,131,131,128,128,128,128,128,128],"card_choices":[{"not_picked":["Runesmith:RuneHurl","Runesmith:DoubleUp","Runesmith:LithiumIon"],"picked":"SKIP","floor":1.0},{"not_picked":["Runesmith:CraftIncendium","Runesmith:MakeshiftArmor","Runesmith:HammerAndChisel"],"picked":"SKIP","floor":9.0},{"not_picked":["Runesmith:CraftMagma","Runesmith:Permafrost","Runesmith:CraftProtectio"],"picked":"SKIP","floor":13.0},{"not_picked":["Runesmith:CraftMagma","Runesmith:Permafrost","Runesmith:CraftProtectio"],"picked":"SKIP","floor":13.0},{"not_picked":["Runesmith:Augment","Runesmith:MetallurgicalResearch"],"picked":"Runesmith:PerfectChisel","floor":16.0},{"not_picked":["Runesmith:FissionHammer","Runesmith:LastStand"],"picked":"Runesmith:UnlimitedPower","floor":18.0},{"not_picked":["Runesmith:HeatExchange","Runesmith:Prism+1","Runesmith:ShiftingStrike"],"picked":"SKIP","floor":20.0},{"not_picked":["Runesmith:CraftReservo+1","Runesmith:EarthShield"],"picked":"Runesmith:Grindstone","floor":23.0},{"not_picked":["Runesmith:FissionHammer","Runesmith:ChiselStab+1","Runesmith:CraftObretio"],"picked":"SKIP","floor":25.0},{"not_picked":["Runesmith:UnstableHammer","Runesmith:StaticCage"],"picked":"Runesmith:Terraform+1","floor":27.0},{"not_picked":["Runesmith:Grindstone","Runesmith:HeatedChisel","Runesmith:HammerAndChisel"],"picked":"SKIP","floor":29.0},{"not_picked":["Runesmith:Overpower","Runesmith:EarthShield","Runesmith:ChiselStab"],"picked":"SKIP","floor":30.0},{"not_picked":["Runesmith:Attraction","Runesmith:HeatedChisel"],"picked":"Runesmith:CreatorForm","floor":31.0},{"not_picked":["Runesmith:MakeshiftArmor+1","Runesmith:HammerAndChisel","Runesmith:RuneHurl"],"picked":"SKIP","floor":33.0},{"not_picked":["Runesmith:HammerThrow","Runesmith:EnergizedChisel+1","Runesmith:StaticCage"],"picked":"SKIP","floor":37.0},{"not_picked":["Runesmith:Grindstone","Runesmith:MakeshiftArmor"],"picked":"Runesmith:CraftMagma+1","floor":41.0},{"not_picked":["Runesmith:BackupBattery","Runesmith:StaticCage"],"picked":"Runesmith:Firestorm+1","floor":42.0},{"not_picked":["Runesmith:ChiselStab+1","Runesmith:BackupBattery","Runesmith:UnstableHammer"],"picked":"SKIP","floor":44.0},{"not_picked":["Runesmith:ChiselStab+1","Runesmith:BackupBattery","Runesmith:UnstableHammer"],"picked":"SKIP","floor":44.0},{"not_picked":["Runesmith:FrozenChisel","Runesmith:ChargedHammer","Runesmith:CraftMagma"],"picked":"SKIP","floor":47.0},{"not_picked":["Runesmith:NegativeSpace","Runesmith:HammerThrow+1","Runesmith:CraftMagma"],"picked":"SKIP","floor":49.0},{"not_picked":["Runesmith:Supernova","Runesmith:CraftPrismatica"],"picked":"Runesmith:GrandSlam","floor":52.0},{"not_picked":["Runesmith:ChiselStab","Runesmith:Attraction","Runesmith:Grindstone"],"picked":"SKIP","floor":54.0},{"not_picked":["Runesmith:Permafrost","Runesmith:Attraction","Runesmith:OneForEveryone"],"picked":"SKIP","floor":56.0},{"not_picked":["Runesmith:ChargedHammer","Runesmith:UnstableHammer","Runesmith:ShiftingStrike"],"picked":"SKIP","floor":59.0},{"not_picked":["Runesmith:Terraform","Runesmith:GoWithTheFlow","Runesmith:HammerThrow"],"picked":"Runesmith:CraftProtectio","floor":61.0},{"not_picked":["Runesmith:ShiftingStrike","Runesmith:GenerateForcefield","Runesmith:HeatExchange","Runesmith:StaticCage"],"picked":"SKIP","floor":63.0},{"not_picked":["Runesmith:Refine","Runesmith:CraftReservo","Runesmith:Grindstone","Runesmith:FieryHammer"],"picked":"SKIP","floor":65.0},{"not_picked":["Runesmith:BackupBattery","Runesmith:CraftProtectio","Runesmith:LithiumIon+1","Runesmith:Discharge"],"picked":"SKIP","floor":65.0},{"not_picked":["Runesmith:UnstableHammer","Runesmith:CreatorForm+1","Runesmith:RuneHurl","Runesmith:MakeshiftArmor"],"picked":"SKIP","floor":67.0},{"not_picked":["Runesmith:UnstableHammer","Runesmith:CraftReservo","Runesmith:Permafrost+1","Runesmith:ChargedHammer"],"picked":"SKIP","floor":67.0},{"not_picked":["Runesmith:ReplicatingBarrier+1","Runesmith:FissionHammer","Runesmith:LastStand"],"picked":"Runesmith:CreatorForm+1","floor":69.0},{"not_picked":["Runesmith:NegativeSpace","Runesmith:HammerAndChisel","Runesmith:ChiselStab"],"picked":"Runesmith:Repurpose","floor":70.0},{"not_picked":["Runesmith:Superposition+1","Runesmith:Discharge","Runesmith:RuneHurl"],"picked":"Runesmith:Reinforce","floor":71.0},{"not_picked":["Runesmith:Terraform+1","Runesmith:Attraction","Runesmith:CraftMagma+1","Runesmith:EnergizedChisel"],"picked":"SKIP","floor":71.0},{"not_picked":["Runesmith:ChargedHammer","Runesmith:Superposition","Runesmith:RunicBlueprint"],"picked":"Runesmith:BackupBattery+1","floor":72.0},{"not_picked":["Runesmith:UnstableHammer","Runesmith:DoubleUp","Runesmith:Grindstone","Runesmith:HammerTime"],"picked":"SKIP","floor":72.0},{"not_picked":["Runesmith:ShiftingStrike+1","Runesmith:UnstableHammer+1","Runesmith:MakeshiftArmor","Runesmith:HammerThrow"],"picked":"SKIP","floor":76.0},{"not_picked":["Runesmith:Empowerment","Runesmith:MakeshiftArmor","Runesmith:CraftReservo"],"picked":"Runesmith:Augment+1","floor":81.0},{"not_picked":["Runesmith:Repurpose","Runesmith:CraftProtectio","Runesmith:CraftMagma","Runesmith:HammerThrow"],"picked":"SKIP","floor":83.0},{"not_picked":["Runesmith:EarthShield+1","Runesmith:Reinforce","Runesmith:EnergizedChisel"],"picked":"Runesmith:BackupBattery+1","floor":88.0},{"not_picked":["Runesmith:Duplicate","Runesmith:MakeshiftArmor","Runesmith:EarthShield+1","Runesmith:ShiftingStrike+1"],"picked":"SKIP","floor":88.0},{"not_picked":["Runesmith:HammerThrow","Runesmith:CraftObretio","Runesmith:Terraform","Runesmith:DoubleUp+1"],"picked":"SKIP","floor":89.0},{"not_picked":["Runesmith:Augment","Runesmith:DuctTape+1","Runesmith:CraftMagma+1","Runesmith:StaticCage+1"],"picked":"SKIP","floor":89.0},{"not_picked":["Runesmith:MakeshiftArmor+1","Runesmith:GenerateForcefield","Runesmith:EnergizedChisel"],"picked":"Runesmith:BackupBattery","floor":92.0},{"not_picked":["Runesmith:Overpower","Runesmith:PerfectChisel+1","Runesmith:CraftVitae+1","Runesmith:Prism+1"],"picked":"SKIP","floor":92.0},{"not_picked":["Runesmith:Repurpose+1","Runesmith:MakeshiftArmor+1","Runesmith:CraftPrismatica","Runesmith:CraftMagma"],"picked":"SKIP","floor":93.0},{"not_picked":["Runesmith:FissionHammer","Runesmith:Prism+1","Runesmith:HammerThrow+1","Runesmith:MakeshiftArmor"],"picked":"SKIP","floor":95.0},{"not_picked":["Runesmith:GoWithTheFlow+1","Runesmith:Duplicate","Runesmith:ShiftingStrike","Runesmith:HammerThrow"],"picked":"SKIP","floor":97.0},{"not_picked":["Runesmith:Grindstone+1","Runesmith:Terraform+1","Runesmith:Repurpose+1","Runesmith:HammerThrow+1"],"picked":"SKIP","floor":101.0}],"player_experience":299028,"relics_obtained":[{"floor":9.0,"key":"ReplayFunnel"},{"floor":11.0,"key":"Bag of Marbles"},{"floor":25.0,"key":"hubris:GlazedTorus"},{"floor":25.0,"key":"Runesmith:Locket"},{"floor":27.0,"key":"conspire:Flyswatter"},{"floor":28.0,"key":"Juzu Bracelet"},{"floor":29.0,"key":"conspire:InfiniteJournal"},{"floor":29.0,"key":"MealTicket"},{"floor":31.0,"key":"infinitespire:Midas Blood"},{"floor":31.0,"key":"Replay:Bottled Steam"},{"floor":42.0,"key":"Strawberry"},{"floor":42.0,"key":"hubris:SlimyHat"},{"floor":44.0,"key":"Replay:Baseball"},{"floor":44.0,"key":"Blue Doll"},{"floor":45.0,"key":"StoneCalendar"},{"floor":49.0,"key":"Regal Pillow"},{"floor":59.0,"key":"Question Card"},{"floor":59.0,"key":"Runesmith:EmergencyProvisions"},{"floor":61.0,"key":"conspire:Dentures"},{"floor":61.0,"key":"Frozen Egg 2"},{"floor":62.0,"key":"Prayer Wheel"},{"floor":63.0,"key":"hubris:ToyBattleship"},{"floor":63.0,"key":"infinitespire:Golems Mask"},{"floor":71.0,"key":"Whetstone"},{"floor":73.0,"key":"Runesmith:MiniCore"},{"floor":76.0,"key":"Vajra"},{"floor":79.0,"key":"Replay:Ringing Soul"},{"floor":81.0,"key":"Mango"},{"floor":81.0,"key":"infinitespire:ShieldingShard"},{"floor":83.0,"key":"infinitespire:Bottled Soul"},{"floor":83.0,"key":"Replay:Wax Seal"},{"floor":93.0,"key":"Art of War"},{"floor":93.0,"key":"War Paint"},{"floor":95.0,"key":"Smiling Mask"},{"floor":95.0,"key":"Replay:Accelerometer"},{"floor":96.0,"key":"Bottled Tornado"},{"floor":97.0,"key":"infinitespire:PuzzleCube"},{"floor":97.0,"key":"Toy Ornithopter"},{"floor":99.0,"key":"hubris:TenFootPole"},{"floor":101.0,"key":"War Paint"},{"floor":101.0,"key":"MawBank"}],"event_choices":[{"damage_healed":0.0,"max_hp_gain":0.0,"max_hp_loss":0.0,"gold_gain":0.0,"event_name":"Shining Light","player_choice":"Entered Light","floor":6.0,"gold_loss":0.0,"damage_taken":14.0,"cards_upgraded":["Runesmith:Strike_RS","Runesmith:EnergizedChisel"]},{"damage_healed":0.0,"max_hp_gain":0.0,"max_hp_loss":0.0,"gold_gain":0.0,"event_name":"Dead Adventurer","player_choice":"Searched \u00272\u0027 times","floor":7.0,"gold_loss":0.0,"damage_taken":0.0,"relics_obtained":["Mercury Hourglass"]},{"damage_healed":0.0,"max_hp_gain":0.0,"max_hp_loss":0.0,"gold_gain":0.0,"event_name":"Liars Game","player_choice":"Ignored","floor":10.0,"gold_loss":0.0,"damage_taken":0.0},{"damage_healed":0.0,"max_hp_gain":5.0,"max_hp_loss":0.0,"gold_gain":0.0,"event_name":"Big Fish","player_choice":"Donut","floor":14.0,"gold_loss":0.0,"damage_taken":0.0},{"cards_removed":["Runesmith:Strike_RS"],"damage_healed":0.0,"max_hp_gain":0.0,"max_hp_loss":0.0,"gold_gain":0.0,"event_name":"Back to Basics","player_choice":"Elegance","floor":21.0,"gold_loss":0.0,"damage_taken":0.0},{"damage_healed":0.0,"max_hp_gain":0.0,"max_hp_loss":0.0,"gold_gain":0.0,"event_name":"Wheel of Change","player_choice":"Full Heal","floor":40.0,"gold_loss":0.0,"damage_taken":0.0},{"damage_healed":0.0,"max_hp_gain":0.0,"max_hp_loss":0.0,"gold_gain":0.0,"cards_transformed":["Runesmith:Defend_RS"],"event_name":"Transmorgrifier","player_choice":"Transformed","floor":46.0,"gold_loss":0.0,"damage_taken":0.0,"cards_obtained":["Runesmith:LithiumIon"]},{"cards_removed":["Runesmith:Firestorm"],"damage_healed":0.0,"max_hp_gain":0.0,"max_hp_loss":0.0,"gold_gain":0.0,"event_name":"WeMeetAgain","player_choice":"Gave Card","floor":50.0,"gold_loss":0.0,"damage_taken":0.0,"relics_obtained":["Boot"]},{"damage_healed":0.0,"max_hp_gain":0.0,"max_hp_loss":0.0,"gold_gain":0.0,"event_name":"Golden Idol","player_choice":"Take Damage","floor":58.0,"gold_loss":0.0,"damage_taken":20.0,"relics_obtained":["Golden Idol"]},{"damage_healed":0.0,"max_hp_gain":0.0,"max_hp_loss":0.0,"gold_gain":0.0,"event_name":"Colosseum","player_choice":"Fight","floor":81.0,"gold_loss":0.0,"damage_taken":0.0},{"damage_healed":0.0,"max_hp_gain":0.0,"max_hp_loss":0.0,"gold_gain":0.0,"event_name":"Colosseum","player_choice":"Fought Nobs","floor":81.0,"gold_loss":0.0,"damage_taken":0.0},{"cards_removed":["Runesmith:UnlimitedPower"],"damage_healed":0.0,"max_hp_gain":0.0,"max_hp_loss":0.0,"gold_gain":0.0,"event_name":"Beggar","player_choice":"Gave Gold","floor":82.0,"gold_loss":75.0,"damage_taken":0.0},{"cards_removed":["Runesmith:LithiumIon"],"damage_healed":0.0,"max_hp_gain":0.0,"max_hp_loss":0.0,"gold_gain":0.0,"event_name":"Back to Basics","player_choice":"Elegance","floor":84.0,"gold_loss":0.0,"damage_taken":0.0},{"damage_healed":0.0,"max_hp_gain":0.0,"max_hp_loss":0.0,"gold_gain":0.0,"event_name":"Upgrade Shrine","player_choice":"Upgraded","floor":91.0,"gold_loss":0.0,"damage_taken":0.0,"cards_upgraded":["Runesmith:Grindstone"]},{"damage_healed":0.0,"max_hp_gain":0.0,"max_hp_loss":0.0,"gold_gain":100.0,"event_name":"Golden Shrine","player_choice":"Pray","floor":98.0,"gold_loss":0.0,"damage_taken":0.0}],"is_beta":false,"boss_relics":[{"not_picked":["ChewingGum","Snecko Eye","Runic Dome"]},{"not_picked":["infinitespire:Cupcake","hubris:HollowSoul"],"picked":"hubris:ScarierMask"},{"not_picked":["Calling Bell","Runesmith:CoreCrystal"],"picked":"Replay:Grab Bag"},{"not_picked":["conspire:SeveredTorchhead","Cursed Key"],"picked":"hubris:TerracottaHorce"},{"not_picked":["hubris:RunicObelisk","Replay:Bronze Core"],"picked":"Runesmith:UraniumAnvil"},{"not_picked":["conspire:SpecialSausage","Empty Cage"],"picked":"SlaversCollar"},{"not_picked":["Velvet Choker","ReplayTheSpireMod:DimensionalGlitch"],"picked":"Tiny House"},{"not_picked":["conspire:SlowCooker","Replay:Drink Me"],"picked":"infinitespire:Cupcake"},{"not_picked":["SacredBark","Replay:Bronze Core"],"picked":"Pandora\u0027s Box"}],"items_purged_floors":[0,3,24,39,55,57,66,74,100],"is_endless":true,"potions_floor_spawned":[1,7,9,20,27,29,31,44,47,54,56,61,69,71,73,81,83,86,89,95,103],"ascension_level":0}}