{"host":"9qqzuwmq0ewk38qb","time":1612595310,"event":{"mods":["BaseMod","Downfall","Highlight Path","Marisa????????","Minty Spire (QoL Compilation)","StSLib","The Jungle","The Servant 0.9.4"],"gold_per_floor":[110,127,1,18,18,18,35,52,75,90,109,119,119,119,119,222,222,241,241,241,257,269,269,285,303,349,0,20,20,20,36,36,36,36],"floor_reached":33,"language":"ENG","playtime":2930,"items_purged":["Strike_R"],"score":270,"play_id":"43c127c6-fc91-492b-8120-10078304caed","local_time":"20210205230830","is_ascension_mode":false,"campfire_choices":[{"data":"Searing Blow","floor":6,"key":"SMITH"},{"data":"Flame Barrier","floor":13,"key":"SMITH"},{"data":"Searing Blow+1","floor":15,"key":"SMITH"},{"data":"Cleave","floor":23,"key":"SMITH"},{"data":"Searing Blow+2","floor":29,"key":"SMITH"},{"data":"Defend_R","floor":32,"key":"SMITH"}],"circlet_count":0,"master_deck":["Strike_R","Strike_R","Strike_R","Strike_R","Defend_R","Defend_R","Defend_R","Defend_R+1","Bash","Heavy Blade","Twin Strike","Cleave+1","Clothesline","Searing Blow+3","Rage","Dropkick","Sword Boomerang","Armaments+1","Flame Barrier+1","Demon Form","Sword Boomerang","Reaper","Writhe"],"relics":["Burning Blood","Orichalcum","Busted Crown","theJungle:BirthdayCakeSlice","Vajra","Strawberry","Potion Belt","Shovel"],"acts_visited":["Exordium","Exordium"],"potions_floor_usage":[11,12,16,16,16,16,18,31,33,33],"damage_taken":[{"damage":9,"enemies":"Cultist","floor":1,"turns":6},{"damage":2,"enemies":"Small Slimes","floor":2,"turns":4},{"damage":3,"enemies":"Jaw Worm","floor":4,"turns":3},{"damage":18,"enemies":"3 Louse","floor":7,"turns":3},{"damage":10,"enemies":"Gremlin Gang","floor":8,"turns":3},{"damage":0,"enemies":"Large Slime","floor":10,"turns":4},{"damage":4,"enemies":"Looter","floor":11,"turns":3},{"damage":5,"enemies":"Red Slaver","floor":12,"turns":2},{"damage":40,"enemies":"The Guardian","floor":16,"turns":13},{"damage":16,"enemies":"theJungle:5_Spyders","floor":18,"turns":9},{"damage":20,"enemies":"theJungle:GiantWrat","floor":21,"turns":5},{"damage":5,"enemies":"theJungle:JungleHuntersEncounter","floor":22,"turns":4},{"damage":24,"enemies":"theJungle:Lyon","floor":24,"turns":6},{"damage":16,"enemies":"theJungle:SlimyTreeVines","floor":25,"turns":6},{"damage":6,"enemies":"theJungle:Snecko_Cultist_And_Trap","floor":28,"turns":4},{"damage":12,"enemies":"theJungle:2_Snecko_Cultists","floor":31,"turns":3},{"damage":59,"enemies":"theJungle:TotemBoss","floor":33,"turns":4}],"seed_played":"-7436692415429085829","potions_obtained":[{"floor":4,"key":"EntropicBrew"},{"floor":8,"key":"SpeedPotion"},{"floor":11,"key":"Fire Potion"},{"floor":12,"key":"Explosive Potion"},{"floor":16,"key":"ColorlessPotion"},{"floor":18,"key":"SmokeBomb"},{"floor":24,"key":"Explosive Potion"},{"floor":31,"key":"Block Potion"}],"is_trial":false,"path_per_floor":["M","M","$","M","$","R","M","M","T","M","M","M","R","?","R","B",null,"M","?","?","M","M","R","M","M","T","$","M","R","?","M","R","B"],"character_chosen":"IRONCLAD","items_purchased":["Cleave","Clothesline","Swift Potion","Potion Belt","Strength Potion","Reaper"],"campfire_rested":0,"item_purchase_floors":[3,3,3,27,27,27],"current_hp_per_floor":[85,88,88,88,88,88,76,72,72,78,80,81,81,81,81,47,88,78,83,83,69,70,70,52,48,55,55,60,60,60,54,54,0,0],"gold":36,"neow_bonus":"TEN_PERCENT_HP_BONUS","is_daily":false,"chose_seed":false,"campfire_upgraded":6,"win_rate":0.0,"timestamp":1612595310,"path_taken":["M","M","$","M","$","R","?","M","T","M","M","M","R","?","R","BOSS","M","?","?","M","M","R","M","?","T","$","M","R","?","M","R","BOSS"],"items_purchased_type":["Card","Card","Potion","Relic","Potion","Card"],"build_version":"2020-12-22","purchased_purges":1,"victory":false,"max_hp_per_floor":[88,88,88,88,88,88,88,88,88,88,88,88,88,88,88,88,88,88,93,93,93,93,93,93,93,100,100,100,100,100,100,100,100,100],"card_choices":[{"not_picked":["Pommel Strike","Iron Wave"],"picked":"Heavy Blade","floor":1},{"not_picked":["Rupture","Havoc"],"picked":"Twin Strike","floor":2},{"not_picked":["Flex","Infernal Blade"],"picked":"Searing Blow","floor":4},{"not_picked":["Headbutt","Body Slam"],"picked":"Rage","floor":7},{"not_picked":["Burning Pact","Exhume"],"picked":"Dropkick","floor":8},{"not_picked":["Metallicize","Anger"],"picked":"Sword Boomerang","floor":10},{"not_picked":["Warcry","Clothesline"],"picked":"Armaments","floor":11},{"not_picked":["Body Slam","Iron Wave"],"picked":"Flame Barrier","floor":12},{"not_picked":["Exhume","Corruption"],"picked":"Demon Form","floor":16},{"not_picked":["Second Wind+1"],"picked":"SKIP","floor":18},{"not_picked":[],"picked":"Sword Boomerang","floor":21},{"not_picked":["Hemokinesis"],"picked":"SKIP","floor":22},{"not_picked":["Rage"],"picked":"SKIP","floor":24},{"not_picked":["Wild Strike"],"picked":"SKIP","floor":25},{"not_picked":["Headbutt"],"picked":"SKIP","floor":28},{"not_picked":["Ghostly Armor"],"picked":"SKIP","floor":31}],"player_experience":532443,"relics_obtained":[{"floor":9,"key":"Orichalcum"},{"floor":26,"key":"Strawberry"}],"event_choices":[{"damage_healed":0,"gold_gain":0,"player_choice":"Grow","damage_taken":0,"max_hp_gain":0,"max_hp_loss":0,"event_name":"Living Wall","floor":14,"gold_loss":0,"cards_upgraded":["Armaments"]},{"damage_healed":0,"gold_gain":0,"player_choice":"Gave Potion","damage_taken":0,"relics_obtained":["Vajra"],"max_hp_gain":0,"max_hp_loss":0,"event_name":"WeMeetAgain","floor":20,"gold_loss":0}],"is_beta":false,"boss_relics":[{"not_picked":["Ectoplasm","Fusion Hammer"],"picked":"Busted Crown"}],"items_purged_floors":[27],"is_endless":false,"potions_floor_spawned":[4,8,11,12,16,18,24,31],"killed_by":"theJungle:TotemBoss","ascension_level":0}}