{"host":"f5gffvlv6a66yqkd","time":1612591487,"event":{"mods":["2.2 Compatiblity","BaseMod","Colored Map","Custom Start","DeckTracker","Keyboard Shortcuts","Minty Spire (QoL Compilation)","Permanent Neow","Quick Restart","Relic Stats","StSLib","SuperFastMode"],"gold_per_floor":[113,188,200,220,230,230,264,264,264,264,276,302,302,334,334,406,406,419,419,487,166,81,81,20,20,20,20,54,54,54,65,65,143,143,158,158,169,169,41,41,41],"floor_reached":40,"language":"KOR","playtime":871,"items_purged":["Strike_R"],"score":916,"play_id":"9f462062-2f79-48db-9dea-ae34b602d0e8","local_time":"20210206150447","is_ascension_mode":true,"campfire_choices":[{"data":"Carnage","floor":6.0,"key":"SMITH"},{"data":"Armaments","floor":8.0,"key":"SMITH"},{"data":"Bash","floor":10.0,"key":"SMITH"},{"data":"Seeing Red","floor":13.0,"key":"SMITH"},{"data":"Whirlwind","floor":15.0,"key":"SMITH"},{"data":"Double Tap","floor":23.0,"key":"SMITH"},{"data":"Evolve","floor":25.0,"key":"SMITH"},{"data":"Shrug It Off","floor":30.0,"key":"SMITH"},{"floor":32.0,"key":"RECALL"}],"circlet_count":0,"master_deck":["AscendersBane","Strike_R","Strike_R","Defend_R","Defend_R","Bash+1","Metallicize","Wild Strike","Whirlwind+1","Anger","Spot Weakness","Carnage+1","Armaments+1","Seeing Red+1","Headbutt","Shrug It Off+1","Double Tap+1","Dropkick+1","Evolve+1","Offering","Shrug It Off","Enlightenment","Flame Barrier"],"relics":["Burning Blood","Pen Nib","The Courier","Odd Mushroom","Matryoshka","Sozu","Orichalcum","Singing Bowl","Torii","Boot","Centennial Puzzle","Mercury Hourglass","Unceasing Top","Meat on the Bone","Mark of Pain","ClockworkSouvenir"],"acts_visited":["Exordium","TheCity","TheBeyond"],"potions_floor_usage":[37],"damage_taken":[{"damage":6.0,"enemies":"Small Slimes","floor":1.0,"turns":4.0},{"damage":4.0,"enemies":"Jaw Worm","floor":3.0,"turns":3.0},{"damage":3.0,"enemies":"2 Louse","floor":4.0,"turns":2.0},{"damage":0.0,"enemies":"Large Slime","floor":5.0,"turns":4.0},{"damage":10.0,"enemies":"3 Sentries","floor":7.0,"turns":3.0},{"damage":10.0,"enemies":"Blue Slaver","floor":11.0,"turns":3.0},{"damage":9.0,"enemies":"The Mushroom Lair","floor":12.0,"turns":3.0},{"damage":5.0,"enemies":"Gremlin Nob","floor":14.0,"turns":3.0},{"damage":0.0,"enemies":"Slime Boss","floor":16.0,"turns":4.0},{"damage":0.0,"enemies":"3 Byrds","floor":18.0,"turns":3.0},{"damage":2.0,"enemies":"Book of Stabbing","floor":28.0,"turns":3.0},{"damage":8.0,"enemies":"Shell Parasite","floor":31.0,"turns":3.0},{"damage":48.0,"enemies":"Champ","floor":33.0,"turns":7.0},{"damage":14.0,"enemies":"Orb Walker","floor":35.0,"turns":2.0},{"damage":14,"enemies":"3 Shapes","floor":37,"turns":8},{"damage":74,"enemies":"Giant Head","floor":40,"turns":6}],"seed_played":"594627251661172361","potions_obtained":[{"floor":1.0,"key":"Ancient Potion"},{"floor":3.0,"key":"DistilledChaos"},{"floor":5.0,"key":"SteroidPotion"},{"floor":12.0,"key":"Strength Potion"},{"floor":16.0,"key":"SteroidPotion"}],"is_trial":false,"path_per_floor":["M","?","M","M","M","R","E","R","T","R","M","?","R","E","R","B",null,"M","?","T","$","?","R","$","R","T","?","E","T","R","M","R","B",null,"M","?","M","?","$","E"],"character_chosen":"IRONCLAD","items_purchased":["Torii","Evolve","ClockworkSouvenir"],"campfire_rested":0,"item_purchase_floors":[21,24,39],"current_hp_per_floor":[50,39,41,44,50,50,46,46,46,46,42,39,39,40,40,46,68,74,53,53,53,53,53,53,53,53,53,59,59,59,59,59,29,70,62,56,60,60,60,0,0],"gold":41,"neow_bonus":"TRANSFORM_TWO_CARDS","is_daily":false,"chose_seed":false,"campfire_upgraded":8,"win_rate":0.0,"timestamp":1612591487,"path_taken":["M","?","M","M","M","R","E","R","T","R","M","?","R","E","R","BOSS","M","?","?","$","?","R","$","R","T","?","E","?","R","?","R","BOSS","M","?","M","?","$","E"],"items_purchased_type":["Relic","Card","Relic"],"build_version":"2020-12-22","purchased_purges":1,"victory":false,"max_hp_per_floor":[75,75,75,75,75,75,75,75,75,75,75,75,75,75,75,75,75,75,80,80,80,80,80,80,80,80,80,82,82,82,84,84,84,84,84,88,88,88,88,88,88],"relic_stats":{"Singing Bowl":8,"Torii":10,"counters":[16,61],"Pen Nib":[8],"Orichalcum":[18],"Boot":[4],"Burning Blood":90,"Mercury Hourglass":[81],"Sozu":0,"Centennial Puzzle":[18],"obtain_stats":[{"Singing Bowl":20,"Torii":21,"Pen Nib":7,"The Courier":9,"Odd Mushroom":12,"Orichalcum":20,"Boot":22,"Burning Blood":0,"Mercury Hourglass":26,"ClockworkSouvenir":39,"Sozu":17,"Centennial Puzzle":26,"Matryoshka":14,"Mark of Pain":34,"Unceasing Top":28,"Meat on the Bone":29},{"Singing Bowl":10,"Torii":10,"Pen Nib":5,"The Courier":5,"Odd Mushroom":7,"Orichalcum":10,"Boot":10,"Burning Blood":0,"Mercury Hourglass":10,"ClockworkSouvenir":15,"Sozu":9,"Centennial Puzzle":10,"Matryoshka":8,"Mark of Pain":13,"Unceasing Top":11,"Meat on the Bone":11},{"Singing Bowl":32,"Torii":32,"Pen Nib":16,"The Courier":16,"Odd Mushroom":22,"Orichalcum":32,"Boot":32,"Burning Blood":0,"Mercury Hourglass":32,"ClockworkSouvenir":55,"Sozu":29,"Centennial Puzzle":32,"Matryoshka":25,"Mark of Pain":45,"Unceasing Top":35,"Meat on the Bone":35}],"Unceasing Top":[5],"Meat on the Bone":24},"card_choices":[{"not_picked":["Intimidate","Dual Wield"],"picked":"Whirlwind","floor":1.0},{"not_picked":["Rupture","Clash"],"picked":"Anger","floor":3.0},{"not_picked":["Armaments","Rupture"],"picked":"Spot Weakness","floor":4.0},{"not_picked":["Wild Strike","Sentinel"],"picked":"Carnage","floor":5.0},{"not_picked":["Warcry","Inflame"],"picked":"Armaments","floor":7.0},{"not_picked":["Headbutt","Feed"],"picked":"Seeing Red","floor":11.0},{"not_picked":["Heavy Blade","Flex"],"picked":"Headbutt","floor":12.0},{"not_picked":["Seeing Red","Spot Weakness"],"picked":"Shrug It Off","floor":14.0},{"not_picked":["Brutality","Exhume"],"picked":"Double Tap","floor":16.0},{"not_picked":["Heavy Blade","Sword Boomerang"],"picked":"Dropkick+1","floor":18.0},{"not_picked":["Spot Weakness","Shockwave","Body Slam"],"picked":"Singing Bowl","floor":28.0},{"not_picked":["Intimidate","Dual Wield","Heavy Blade"],"picked":"Singing Bowl","floor":31.0},{"not_picked":["Demon Form","Juggernaut"],"picked":"Offering","floor":33.0},{"not_picked":["Warcry","Heavy Blade"],"picked":"Shrug It Off","floor":35.0},{"not_picked":["Sadistic Nature","Dramatic Entrance"],"picked":"Enlightenment","floor":36.0},{"not_picked":["Trip","The Bomb","Purity"],"picked":"Singing Bowl","floor":36.0},{"not_picked":["Impatience","Discovery","Mind Blast"],"picked":"Singing Bowl","floor":36.0},{"not_picked":["Feel No Pain+1","Dropkick"],"picked":"Flame Barrier","floor":37}],"player_experience":1663943,"relics_obtained":[{"floor":7.0,"key":"Pen Nib"},{"floor":9.0,"key":"The Courier"},{"floor":12.0,"key":"Odd Mushroom"},{"floor":14.0,"key":"Matryoshka"},{"floor":20.0,"key":"Orichalcum"},{"floor":20.0,"key":"Singing Bowl"},{"floor":26.0,"key":"Centennial Puzzle"},{"floor":26.0,"key":"Mercury Hourglass"},{"floor":28.0,"key":"Unceasing Top"},{"floor":29.0,"key":"Meat on the Bone"}],"event_choices":[{"damage_healed":0.0,"max_hp_gain":0.0,"max_hp_loss":0.0,"gold_gain":75.0,"event_name":"World of Goop","player_choice":"Gather Gold","floor":2.0,"gold_loss":0.0,"damage_taken":11.0},{"damage_healed":0.0,"max_hp_gain":0.0,"max_hp_loss":0.0,"gold_gain":0.0,"event_name":"Mushrooms","player_choice":"Fought Mushrooms","floor":12.0,"gold_loss":0.0,"damage_taken":0.0},{"damage_healed":0.0,"max_hp_gain":5.0,"max_hp_loss":0.0,"gold_gain":0.0,"event_name":"Forgotten Altar","player_choice":"Shed Blood","floor":19.0,"gold_loss":0.0,"damage_taken":26.0},{"damage_healed":0.0,"max_hp_gain":0.0,"max_hp_loss":0.0,"gold_gain":0.0,"event_name":"Addict","player_choice":"Obtained Relic","floor":22.0,"gold_loss":85.0,"damage_taken":0.0,"relics_obtained":["Boot"]},{"cards_removed":["Strike_R"],"damage_healed":0.0,"max_hp_gain":0.0,"max_hp_loss":0.0,"gold_gain":0.0,"event_name":"Back to Basics","player_choice":"Elegance","floor":27.0,"gold_loss":0.0,"damage_taken":0.0},{"damage_healed":0.0,"max_hp_gain":0.0,"max_hp_loss":0.0,"gold_gain":0.0,"event_name":"SensoryStone","player_choice":"Memory 3","floor":36.0,"gold_loss":0.0,"damage_taken":10.0},{"cards_removed":["Defend_R"],"damage_healed":0,"gold_gain":0,"player_choice":"Removed Skill","damage_taken":0,"max_hp_gain":0,"max_hp_loss":0,"event_name":"Falling","floor":38,"gold_loss":0}],"is_beta":false,"boss_relics":[{"not_picked":["Busted Crown","Empty Cage"],"picked":"Sozu"},{"not_picked":["Black Blood","SacredBark"],"picked":"Mark of Pain"}],"items_purged_floors":[21],"is_endless":false,"potions_floor_spawned":[1,3,5,12,16],"killed_by":"Giant Head","ascension_level":20}}