{"host":"6pfj0wha12yu6wq3","time":1612574163,"event":{"mods":["AchievementEnabler","BaseMod","Colored Map","Colored Powertips","Curses Come First","DeckTracker","Minty Spire (QoL Compilation)","RNG Fix","Relic Sorter","Relic Stats","StSLib","UnlockEverythingMod","ojb\u0027s Better Paths Mod","ojb\u0027s Info Mod"],"gold_per_floor":[110,110,126,146,146,180,190,216,266,278,278,304,304,56,56,128,128,139,155,167,179,197,228,240,278,343,355,387,80,80,113,113,191,191,201,201,214,226,238,266,266,266,345,370,384,414,433,202,202,202,202,202],"floor_reached":51,"language":"ENG","playtime":3958,"items_purged":["Strike_G","Defend_G"],"score":1888,"play_id":"8516d996-3c6b-404c-a55b-3659ad0a0485","local_time":"20210205201603","is_ascension_mode":true,"campfire_choices":[{"data":"Glass Knife","floor":11,"key":"SMITH"},{"data":"Bouncing Flask","floor":13,"key":"SMITH"},{"data":"Adrenaline","floor":15,"key":"SMITH"},{"data":"Dagger Spray","floor":24,"key":"SMITH"},{"floor":30,"key":"REST"},{"data":"Phantasmal Killer","floor":32,"key":"SMITH"},{"data":"Doppelganger","floor":41,"key":"SMITH"},{"floor":49,"key":"RECALL"}],"circlet_count":0,"master_deck":["AscendersBane","Strike_G+1","Strike_G","Strike_G","Strike_G","Survivor","Neutralize","Adrenaline+1","Calculated Gamble","Riddle With Holes+1","Bouncing Flask+1","Slice","Underhanded Strike","Glass Knife+1","Venomology","Escape Plan","Dagger Spray+1","Calculated Gamble","PiercingWail+1","Necronomicurse","Phantasmal Killer+1","Blade Dance+1","After Image","Calculated Gamble","Burst+1","Doppelganger+1","After Image","Escape Plan+1","Reflex","Backflip","Trip"],"relics":["Ring of the Snake","Nunchaku","Pen Nib","Vajra","Bag of Marbles","Centennial Puzzle","Lantern","Empty Cage","MawBank","Whetstone","Necronomicon","Toolbox","Turnip","SacredBark","Mercury Hourglass","White Beast Statue","Lizard Tail","Boot"],"acts_visited":["Exordium","TheCity","TheBeyond"],"potions_floor_usage":[6,12,16,20,21,22,23,25,25,28,33,33,39,40,45,46,46,50,50,51,51],"damage_taken":[{"damage":4,"enemies":"Small Slimes","floor":1,"turns":4},{"damage":0,"enemies":"Jaw Worm","floor":3,"turns":5},{"damage":0,"enemies":"2 Louse","floor":4,"turns":2},{"damage":22,"enemies":"Lagavulin","floor":6,"turns":6},{"damage":3,"enemies":"Gremlin Gang","floor":7,"turns":4},{"damage":12,"enemies":"Gremlin Nob","floor":8,"turns":3},{"damage":0,"enemies":"Large Slime","floor":10,"turns":1},{"damage":0,"enemies":"3 Sentries","floor":12,"turns":2},{"damage":1,"enemies":"Hexaghost","floor":16,"turns":5},{"damage":0,"enemies":"Shell Parasite","floor":18,"turns":1},{"damage":6,"enemies":"2 Thieves","floor":19,"turns":2},{"damage":3,"enemies":"Chosen and Byrds","floor":20,"turns":2},{"damage":0,"enemies":"Snecko","floor":21,"turns":1},{"damage":5,"enemies":"Centurion and Healer","floor":22,"turns":3},{"damage":0,"enemies":"Gremlin Leader","floor":23,"turns":3},{"damage":0,"enemies":"Book of Stabbing","floor":25,"turns":2},{"damage":0,"enemies":"Chosen and Byrds","floor":28,"turns":2},{"damage":0,"enemies":"Gremlin Leader","floor":31,"turns":2},{"damage":29,"enemies":"Collector","floor":33,"turns":3},{"damage":0,"enemies":"Orb Walker","floor":35,"turns":1},{"damage":0,"enemies":"3 Darklings","floor":37,"turns":1},{"damage":0,"enemies":"Spire Growth","floor":38,"turns":2},{"damage":0,"enemies":"4 Shapes","floor":39,"turns":4},{"damage":5,"enemies":"Nemesis","floor":40,"turns":3},{"damage":0,"enemies":"Giant Head","floor":44,"turns":3},{"damage":59,"enemies":"Transient","floor":45,"turns":6},{"damage":0,"enemies":"Nemesis","floor":46,"turns":3},{"damage":0,"enemies":"Sphere and 2 Shapes","floor":47,"turns":1},{"damage":54,"enemies":"Awakened One","floor":50,"turns":5},{"damage":31,"enemies":"Time Eater","floor":51,"turns":4}],"seed_played":"-4139690824212935395","potions_obtained":[{"floor":3,"key":"Block Potion"},{"floor":7,"key":"CunningPotion"},{"floor":10,"key":"Fire Potion"},{"floor":12,"key":"Poison Potion"},{"floor":21,"key":"Weak Potion"},{"floor":25,"key":"Poison Potion"},{"floor":28,"key":"PowerPotion"},{"floor":35,"key":"Swift Potion"},{"floor":44,"key":"Strength Potion"},{"floor":45,"key":"CunningPotion"},{"floor":46,"key":"FairyPotion"}],"is_trial":false,"path_per_floor":["M","?","M","M","?","E","M","E","T","M","R","E","R","$","R","B",null,"M","M","M","M","M","E","R","E","T","?","M","$","R","E","R","B",null,"M","?","M","M","M","E","R","?","T","E","M","E","M","$","R","B","B"],"character_chosen":"THE_SILENT","items_purchased":["Lantern","Toolbox","Nunchaku","Backflip","Trip"],"campfire_rested":1,"item_purchase_floors":[14,29,29,48,48],"current_hp_per_floor":[55,60,60,60,60,38,35,23,23,23,23,23,23,23,23,22,51,51,45,42,42,37,37,37,37,37,16,16,16,34,34,34,5,46,46,46,46,46,46,41,41,41,41,41,30,30,30,30,30,12,0,0],"gold":202,"neow_bonus":"TRANSFORM_TWO_CARDS","is_daily":false,"chose_seed":false,"campfire_upgraded":6,"win_rate":0.0,"timestamp":1612574163,"path_taken":["M","?","M","M","?","E","M","E","T","?","R","E","R","$","R","BOSS","M","M","M","M","M","E","R","E","T","?","M","$","R","E","R","BOSS","M","?","M","?","M","E","R","?","T","E","M","E","M","$","R","BOSS","BOSS"],"items_purchased_type":["Relic","Relic","Relic","Card","Card"],"build_version":"2020-12-22","purchased_purges":2,"victory":false,"max_hp_per_floor":[60,60,60,60,60,60,60,60,60,60,60,60,60,60,60,60,60,60,60,60,60,60,60,60,60,60,60,60,60,60,60,60,60,60,60,60,60,60,60,60,60,60,60,60,60,60,60,60,60,60,60,60],"relic_stats":{"counters":[30,86],"Pen Nib":[23],"Whetstone":["Riddle With Holes","Strike_G"],"MawBank":72,"Boot":[4],"Mercury Hourglass":[73],"Nunchaku":[15],"Centennial Puzzle":[27],"Lizard Tail":30,"Turnip":[0],"Necronomicon":[17],"obtain_stats":[{"Lantern":14,"SacredBark":34,"Vajra":6,"Pen Nib":9,"Whetstone":25,"Empty Cage":17,"MawBank":23,"Boot":46,"White Beast Statue":43,"Mercury Hourglass":40,"Centennial Puzzle":12,"Nunchaku":29,"Lizard Tail":44,"Toolbox":29,"Turnip":31,"Bag of Marbles":8,"Necronomicon":27,"Ring of the Snake":0},{"Lantern":8,"SacredBark":19,"Vajra":4,"Pen Nib":6,"Whetstone":16,"Empty Cage":9,"MawBank":15,"Boot":27,"White Beast Statue":24,"Mercury Hourglass":24,"Centennial Puzzle":8,"Nunchaku":17,"Lizard Tail":25,"Toolbox":17,"Turnip":18,"Bag of Marbles":6,"Necronomicon":16,"Ring of the Snake":0},{"Lantern":27,"SacredBark":53,"Vajra":17,"Pen Nib":24,"Whetstone":46,"Empty Cage":32,"MawBank":44,"Boot":76,"White Beast Statue":64,"Mercury Hourglass":64,"Centennial Puzzle":27,"Nunchaku":48,"Lizard Tail":67,"Toolbox":48,"Turnip":50,"Bag of Marbles":24,"Necronomicon":46,"Ring of the Snake":0}],"Ring of the Snake":[60]},"card_choices":[{"not_picked":["PiercingWail","Prepared"],"picked":"Calculated Gamble","floor":1},{"not_picked":["Blur","Flechettes"],"picked":"Riddle With Holes","floor":3},{"not_picked":["Deflect","Finisher"],"picked":"Bouncing Flask","floor":4},{"not_picked":["Riddle With Holes","Acrobatics"],"picked":"Slice","floor":6},{"not_picked":["Bane","Acrobatics"],"picked":"Underhanded Strike","floor":7},{"not_picked":["Poisoned Stab","Backflip"],"picked":"Glass Knife","floor":8},{"not_picked":["Flying Knee","Quick Slash","Cloak And Dagger"],"picked":"SKIP","floor":10},{"not_picked":["Deflect","Outmaneuver","PiercingWail"],"picked":"SKIP","floor":12},{"not_picked":["Storm of Steel","Adrenaline"],"picked":"Venomology","floor":16},{"not_picked":["Bane","Blur"],"picked":"Escape Plan","floor":18},{"not_picked":["Setup","Quick Slash","Accuracy"],"picked":"SKIP","floor":19},{"not_picked":["Setup","Quick Slash","Accuracy"],"picked":"SKIP","floor":19},{"not_picked":["Outmaneuver","Noxious Fumes"],"picked":"Dagger Spray","floor":20},{"not_picked":["Well Laid Plans","Acrobatics"],"picked":"Calculated Gamble","floor":21},{"not_picked":["Bane","Deflect","Night Terror"],"picked":"SKIP","floor":22},{"not_picked":["Deflect","Poisoned Stab","Prepared"],"picked":"SKIP","floor":23},{"not_picked":["Deadly Poison","Outmaneuver"],"picked":"PiercingWail+1","floor":25},{"not_picked":["Backflip","Dodge and Roll"],"picked":"Phantasmal Killer","floor":28},{"not_picked":["Sucker Punch","Skewer+1"],"picked":"Blade Dance+1","floor":31},{"not_picked":["Adrenaline","Corpse Explosion"],"picked":"After Image","floor":33},{"not_picked":["Catalyst","Flying Knee"],"picked":"Calculated Gamble","floor":35},{"not_picked":["Prepared","Poisoned Stab","Underhanded Strike"],"picked":"SKIP","floor":37},{"not_picked":["Flying Knee","Dagger Spray","All Out Attack"],"picked":"SKIP","floor":38},{"not_picked":["Infinite Blades+1","Footwork","Deflect"],"picked":"SKIP","floor":39},{"not_picked":["Dagger Throw","Crippling Poison"],"picked":"Doppelganger","floor":40},{"not_picked":["Eviscerate+1","Expertise"],"picked":"After Image","floor":44},{"not_picked":["Sucker Punch","Dagger Throw","Predator"],"picked":"SKIP","floor":45},{"not_picked":["Bane","Deadly Poison"],"picked":"Escape Plan+1","floor":46},{"not_picked":["Finisher","Calculated Gamble"],"picked":"Reflex","floor":47}],"player_experience":646091,"relics_obtained":[{"floor":6,"key":"Vajra"},{"floor":8,"key":"Bag of Marbles"},{"floor":9,"key":"Pen Nib"},{"floor":12,"key":"Centennial Puzzle"},{"floor":23,"key":"MawBank"},{"floor":25,"key":"Whetstone"},{"floor":27,"key":"Necronomicon"},{"floor":31,"key":"Turnip"},{"floor":40,"key":"Mercury Hourglass"},{"floor":43,"key":"White Beast Statue"},{"floor":44,"key":"Lizard Tail"},{"floor":46,"key":"Boot"}],"event_choices":[{"cards_removed":["Distraction"],"damage_healed":5,"gold_gain":0,"player_choice":"Offered Uncommon","damage_taken":0,"max_hp_gain":0,"max_hp_loss":0,"event_name":"Bonfire Elementals","floor":2,"gold_loss":0},{"damage_healed":0,"gold_gain":0,"player_choice":"Ignored","damage_taken":0,"max_hp_gain":0,"max_hp_loss":0,"event_name":"Liars Game","floor":5,"gold_loss":0},{"damage_healed":0,"gold_gain":0,"player_choice":"Obtained Book","damage_taken":21,"max_hp_gain":0,"max_hp_loss":0,"event_name":"Cursed Tome","floor":27,"gold_loss":0},{"damage_healed":0,"gold_gain":0,"player_choice":"1 cards matched","damage_taken":0,"max_hp_gain":0,"max_hp_loss":0,"event_name":"Match and Keep!","floor":36,"gold_loss":0,"cards_obtained":["Burst"]},{"damage_healed":0,"gold_gain":0,"player_choice":"Upgraded","damage_taken":0,"max_hp_gain":0,"max_hp_loss":0,"event_name":"Upgrade Shrine","floor":42,"gold_loss":0,"cards_upgraded":["Burst"]}],"is_beta":false,"boss_relics":[{"not_picked":["Busted Crown","Tiny House"],"picked":"Empty Cage"},{"not_picked":["Calling Bell","Ring of the Serpent"],"picked":"SacredBark"}],"items_purged_floors":[14,48],"is_endless":false,"potions_floor_spawned":[3,7,10,12,21,25,28,35,38,44,45,46,47],"killed_by":"Time Eater","ascension_level":20}}