{"host":"z609fbm6pkeriks8","time":1612618210,"event":{"mods":["AchievementEnabler","BaseMod","Colored Map","Colored Powertips","Downfall","Highlight Path","Marisa£®ÏF”Í°°ƒß¿Ì…≥£©","Minty Spire (QoL Compilation)","StSLib","The Cursed","The Servant 0.9.4"],"gold_per_floor":[114,132,150,167,181,208,208,226,226,32,60,77,109,109,109,206,206,218,133,83,102,52,83,96,96,96,96,107,120,120,148,148,249,249,261,277,287,287,83,83,83],"floor_reached":40,"language":"ZHS","playtime":1885,"items_purged":["Strike_R","Strike_R","Strike_R","downfall:Aged"],"score":473,"play_id":"b7a9c0c0-aca0-4e17-9368-19016c2300bd","local_time":"20210206213010","is_ascension_mode":true,"campfire_choices":[{"data":"Mayhem","floor":7,"key":"SMITH"},{"data":"Armaments","floor":15,"key":"SMITH"},{"data":"Demon Form","floor":25,"key":"SMITH"},{"data":"Entrench","floor":32,"key":"SMITH"}],"circlet_count":0,"master_deck":["Strike_R","Strike_R","Defend_R","Defend_R","Bash","Mayhem+1","Carnage","Uppercut","Shrug It Off","Metallicize","Anger","Cleave","Entrench+1","Armaments+1","Dramatic Entrance","Blood for Blood","Headbutt","Demon Form+1","Battle Trance+1","Clothesline","Uppercut","Twin Strike+1","Limit Break","CurseOfTheBell","Flex+1"],"relics":["Burning Blood","Smiling Mask","Bottled Tornado","MealTicket","Blood Vial","Runic Cube","Ginger","Anchor","Bronze Scales","Red Mask","Calling Bell","PreservedInsect","Eternal Feather","Unceasing Top","Brimstone"],"acts_visited":["Exordium","TheCity","TheBeyond"],"potions_floor_usage":[11,11,11,16,33,37,37,37],"damage_taken":[{"damage":9,"enemies":"Cultist","floor":1,"turns":5},{"damage":13,"enemies":"2 Louse","floor":2,"turns":4},{"damage":1,"enemies":"Small Slimes","floor":3,"turns":5},{"damage":6,"enemies":"Looter","floor":4,"turns":4},{"damage":32,"enemies":"Large Slime","floor":5,"turns":10},{"damage":36,"enemies":"Lagavulin","floor":6,"turns":9},{"damage":7,"enemies":"Exordium Wildlife","floor":8,"turns":4},{"damage":4,"enemies":"3 Sentries","floor":11,"turns":5},{"damage":2,"enemies":"Looter","floor":12,"turns":3},{"damage":24,"enemies":"Gremlin Nob","floor":13,"turns":4},{"damage":18,"enemies":"Slime Boss","floor":16,"turns":9},{"damage":23,"enemies":"Shell Parasite","floor":18,"turns":5},{"damage":14,"enemies":"Spheric Guardian","floor":21,"turns":5},{"damage":15,"enemies":"Gremlin Leader","floor":23,"turns":6},{"damage":24,"enemies":"Snake Plant","floor":24,"turns":4},{"damage":31,"enemies":"Shelled Parasite and Fungi","floor":28,"turns":5},{"damage":14,"enemies":"Cultist and Chosen","floor":29,"turns":5},{"damage":25,"enemies":"Masked Bandits","floor":31,"turns":4},{"damage":16,"enemies":"Champ","floor":33,"turns":9},{"damage":7,"enemies":"Orb Walker","floor":35,"turns":3},{"damage":27,"enemies":"3 Darklings","floor":36,"turns":6},{"damage":52,"enemies":"Jaw Worm Horde","floor":37,"turns":5},{"damage":54,"enemies":"Nemesis","floor":40,"turns":3}],"seed_played":"1215959095817316092","potions_obtained":[{"floor":1,"key":"BlessingOfTheForge"},{"floor":2,"key":"BloodPotion"},{"floor":3,"key":"DistilledChaos"},{"floor":11,"key":"Fire Potion"},{"floor":16,"key":"Fire Potion"},{"floor":18,"key":"BlessingOfTheForge"},{"floor":24,"key":"DuplicationPotion"},{"floor":29,"key":"Regen Potion"},{"floor":33,"key":"Swift Potion"}],"is_trial":false,"path_per_floor":["M","M","M","M","M","E","R","M","T","$","E","M","E","?","R","B",null,"M","?","$","M","$","E","M","R","T","?","M","M","?","?","R","B",null,"M","M","M","?","$","E"],"character_chosen":"IRONCLAD","items_purchased":["Armaments","Dramatic Entrance","Brimstone"],"campfire_rested":0,"item_purchase_floors":[10,10,39],"current_hp_per_floor":[77,70,75,75,49,19,19,18,18,18,36,40,22,27,27,17,85,68,68,83,77,85,76,60,60,60,60,37,31,59,42,42,34,85,84,64,29,29,44,0,0],"gold":83,"neow_bonus":"RANDOM_COLORLESS_2","is_daily":false,"chose_seed":false,"campfire_upgraded":4,"win_rate":0.0,"timestamp":1612618210,"path_taken":["M","M","M","M","M","E","R","M","T","$","E","?","E","?","R","BOSS","M","?","$","M","$","E","M","R","T","?","M","M","?","?","R","BOSS","M","M","M","?","$","E"],"items_purchased_type":["Card","Card","Relic"],"build_version":"2020-12-22","purchased_purges":4,"victory":false,"max_hp_per_floor":[80,80,80,80,80,80,80,80,80,80,80,80,80,85,85,85,85,85,85,85,85,85,85,85,85,85,85,85,85,85,85,85,85,85,85,85,85,85,85,85,85],"card_choices":[{"not_picked":["Apotheosis","Chrysalis"],"picked":"Mayhem","floor":0},{"not_picked":["Wild Strike","Cleave"],"picked":"Carnage","floor":1},{"not_picked":["Sword Boomerang","Headbutt"],"picked":"Uppercut","floor":2},{"not_picked":["Pummel","Dropkick"],"picked":"Shrug It Off","floor":3},{"not_picked":["Flex","Havoc"],"picked":"Metallicize","floor":4},{"not_picked":["Whirlwind","True Grit"],"picked":"Anger","floor":5},{"not_picked":["Flex","Hemokinesis"],"picked":"Cleave","floor":6},{"not_picked":["Second Wind","Warcry"],"picked":"Entrench","floor":8},{"not_picked":["Metallicize","Flex","Searing Blow"],"picked":"SKIP","floor":11},{"not_picked":["Combust","Ghostly Armor"],"picked":"Blood for Blood","floor":12},{"not_picked":["Uppercut","Fiend Fire"],"picked":"Headbutt","floor":13},{"not_picked":["Reaper","Offering"],"picked":"Demon Form","floor":16},{"not_picked":["Perfected Strike","Searing Blow","Clash"],"picked":"SKIP","floor":18},{"not_picked":["Whirlwind","Body Slam","Armaments"],"picked":"SKIP","floor":21},{"not_picked":["Thunderclap","Bloodletting"],"picked":"Battle Trance+1","floor":23},{"not_picked":["Wild Strike","Cleave+1"],"picked":"Clothesline","floor":24},{"not_picked":["Sword Boomerang","Dropkick+1"],"picked":"Twin Strike+1","floor":28},{"not_picked":["Blood for Blood","Cleave","Dual Wield"],"picked":"SKIP","floor":29},{"not_picked":["Brutality","Exhume"],"picked":"Limit Break","floor":33},{"not_picked":["Dual Wield+1","Havoc+1","Clash"],"picked":"SKIP","floor":35},{"not_picked":["Perfected Strike+1","Cleave+1","Headbutt"],"picked":"SKIP","floor":36},{"not_picked":["Fiend Fire","Iron Wave"],"picked":"Flex+1","floor":37}],"player_experience":46738,"relics_obtained":[{"floor":6,"key":"Smiling Mask"},{"floor":9,"key":"Bottled Tornado"},{"floor":11,"key":"MealTicket"},{"floor":13,"key":"Blood Vial"},{"floor":23,"key":"Anchor"},{"floor":26,"key":"Bronze Scales"},{"floor":31,"key":"Red Mask"},{"floor":34,"key":"PreservedInsect"},{"floor":34,"key":"Eternal Feather"},{"floor":34,"key":"Unceasing Top"}],"event_choices":[{"damage_healed":0,"gold_gain":0,"player_choice":"Donut","damage_taken":0,"max_hp_gain":5,"max_hp_loss":0,"event_name":"Big Fish","floor":14,"gold_loss":0},{"damage_healed":0,"gold_gain":0,"player_choice":"Obtained Relic","damage_taken":0,"relics_obtained":["Ginger"],"max_hp_gain":0,"max_hp_loss":0,"event_name":"Addict","floor":19,"gold_loss":85},{"damage_healed":0,"gold_gain":0,"cards_transformed":["Defend_R","Defend_R"],"player_choice":"Became Test Subject","damage_taken":0,"max_hp_gain":0,"max_hp_loss":0,"event_name":"Drug Dealer","floor":27,"gold_loss":0,"cards_obtained":["Cleave","Uppercut"]},{"damage_healed":28,"gold_gain":0,"player_choice":"Heal","damage_taken":0,"max_hp_gain":0,"max_hp_loss":0,"event_name":"The Library","floor":30,"gold_loss":0},{"damage_healed":0,"gold_gain":0,"player_choice":"Fought Bandits","damage_taken":0,"max_hp_gain":0,"max_hp_loss":0,"event_name":"Masked Bandits","floor":31,"gold_loss":0},{"cards_removed":["Cleave"],"damage_healed":0,"gold_gain":0,"player_choice":"Removed Attack","damage_taken":0,"max_hp_gain":0,"max_hp_loss":0,"event_name":"Falling","floor":38,"gold_loss":0}],"is_beta":false,"boss_relics":[{"not_picked":["SacredBark","Ectoplasm"],"picked":"Runic Cube"},{"not_picked":["Busted Crown","Black Star"],"picked":"Calling Bell"}],"items_purged_floors":[10,20,22,39],"is_endless":false,"potions_floor_spawned":[1,2,3,11,16,18,24,29,31,33,35],"killed_by":"Nemesis","ascension_level":2}}