{"host":"gg","time":1612587501,"event":{"mods":["BaseMod","Colored Map","Googly Eyes","Minty Spire (QoL Compilation)","Permanent Neow","Relic Stats","The IronCluck"],"gold_per_floor":[99,99,99,99,99,99,99,99,99,99,99,99,99,99,99,99,99,79,79,79],"floor_reached":19,"language":"ENG","playtime":710,"items_purged":[],"score":350,"play_id":"05216962-15cf-426a-ab1f-594765089e5f","local_time":"20210205205821","is_ascension_mode":true,"campfire_choices":[{"data":"TalkToTheHand","floor":7.0,"key":"SMITH"},{"data":"Eruption","floor":12.0,"key":"SMITH"},{"data":"EmptyFist","floor":15.0,"key":"SMITH"}],"circlet_count":0,"master_deck":["AscendersBane","Strike_P+1","Strike_P","Strike_P","Strike_P","Defend_P","Defend_P","Defend_P","Defend_P","Eruption+1","Vigilance","Wireheading","CutThroughFate","TalkToTheHand+1","SashWhip+1","Adaptation","Weave","EmptyFist+1","Vault","Pain"],"relics":["Ectoplasm","Oddly Smooth Stone","Odd Mushroom","Whetstone","Pantograph","CloakClasp","Turnip","Cursed Key"],"acts_visited":["Exordium","TheCity"],"potions_floor_usage":[],"damage_taken":[{"damage":0.0,"enemies":"Jaw Worm","floor":1.0,"turns":3.0},{"damage":0.0,"enemies":"Small Slimes","floor":4.0,"turns":3.0},{"damage":1.0,"enemies":"Cultist","floor":5.0,"turns":4.0},{"damage":19.0,"enemies":"Lagavulin","floor":6.0,"turns":6.0},{"damage":13.0,"enemies":"The Mushroom Lair","floor":8.0,"turns":3.0},{"damage":11.0,"enemies":"Gremlin Nob","floor":13.0,"turns":3.0},{"damage":0.0,"enemies":"Blue Slaver","floor":14.0,"turns":2.0},{"damage":3.0,"enemies":"Hexaghost","floor":16.0,"turns":6.0},{"damage":9.0,"enemies":"2 Thieves","floor":18.0,"turns":2.0}],"seed_played":"-3120906840303628011","potions_obtained":[{"floor":5.0,"key":"Weak Potion"},{"floor":14.0,"key":"Fire Potion"},{"floor":16.0,"key":"Regen Potion"}],"is_trial":false,"path_per_floor":["M","?","?","M","M","E","R","?","T","?","T","R","E","M","R","B",null,"M","T"],"character_chosen":"WATCHER","items_purchased":[],"campfire_rested":0,"item_purchase_floors":[],"current_hp_per_floor":[61,66,56,56,55,36,36,23,23,23,23,23,12,12,12,34,63,54,54,54],"gold":79,"neow_bonus":"BOSS_RELIC","is_daily":false,"chose_seed":false,"campfire_upgraded":3,"win_rate":0.0,"timestamp":1612587501,"path_taken":["M","?","?","?","M","E","R","?","T","?","?","R","E","M","R","BOSS","M","?"],"items_purchased_type":[],"build_version":"2020-12-18","purchased_purges":0,"victory":false,"max_hp_per_floor":[68,73,73,73,73,73,73,73,73,73,73,73,73,73,73,73,73,73,73,73],"relic_stats":{"counters":[9,32],"Pantograph":25,"Ectoplasm":271,"Turnip":[0],"CloakClasp":[15],"Whetstone":["Strike_P","SashWhip"],"Cursed Key":1,"obtain_stats":[{"Pantograph":10,"Oddly Smooth Stone":6,"Ectoplasm":0,"Turnip":13,"CloakClasp":11,"Whetstone":9,"PureWater":0,"Odd Mushroom":8,"Cursed Key":17},{"Pantograph":5,"Oddly Smooth Stone":4,"Ectoplasm":0,"Turnip":6,"CloakClasp":5,"Whetstone":5,"PureWater":0,"Odd Mushroom":5,"Cursed Key":8},{"Pantograph":19,"Oddly Smooth Stone":16,"Ectoplasm":0,"Turnip":22,"CloakClasp":19,"Whetstone":19,"PureWater":0,"Odd Mushroom":19,"Cursed Key":30}]},"card_choices":[{"not_picked":["Crescendo","Vengeance"],"picked":"Wireheading","floor":1.0},{"not_picked":["JustLucky","ThirdEye"],"picked":"CutThroughFate","floor":4.0},{"not_picked":["JustLucky","Nirvana"],"picked":"TalkToTheHand","floor":5.0},{"not_picked":["Alpha","Swivel"],"picked":"SashWhip","floor":6.0},{"not_picked":["WreathOfFlame","FlyingSleeves"],"picked":"Adaptation","floor":8.0},{"not_picked":["JustLucky","DeceiveReality"],"picked":"Weave","floor":13.0},{"not_picked":["WreathOfFlame","BowlingBash"],"picked":"EmptyFist","floor":14.0},{"not_picked":["DevaForm","Establishment"],"picked":"Vault","floor":16.0},{"not_picked":["ReachHeaven","Prostrate","EmptyBody"],"picked":"SKIP","floor":18}],"player_experience":1294977,"relics_obtained":[{"floor":6.0,"key":"Oddly Smooth Stone"},{"floor":8.0,"key":"Odd Mushroom"},{"floor":9.0,"key":"Whetstone"},{"floor":11.0,"key":"CloakClasp"},{"floor":13.0,"key":"Turnip"}],"event_choices":[{"damage_healed":0.0,"max_hp_gain":5.0,"max_hp_loss":0.0,"gold_gain":0.0,"event_name":"Big Fish","player_choice":"Donut","floor":2.0,"gold_loss":0.0,"damage_taken":0.0},{"damage_healed":0.0,"max_hp_gain":0.0,"max_hp_loss":0.0,"gold_gain":0.0,"event_name":"Wheel of Change","player_choice":"Damaged","floor":3.0,"gold_loss":0.0,"damage_taken":10.0},{"damage_healed":0.0,"max_hp_gain":0.0,"max_hp_loss":0.0,"gold_gain":0.0,"event_name":"Mushrooms","player_choice":"Fought Mushrooms","floor":8.0,"gold_loss":0.0,"damage_taken":0.0},{"damage_healed":0.0,"max_hp_gain":0.0,"max_hp_loss":0.0,"gold_gain":0.0,"event_name":"Dead Adventurer","player_choice":"Searched \u00271\u0027 times","floor":10.0,"gold_loss":0.0,"damage_taken":0.0,"relics_obtained":["Pantograph"]}],"is_beta":true,"boss_relics":[{"not_picked":["Runic Dome","Snecko Eye"],"picked":"Cursed Key"}],"items_purged_floors":[],"is_endless":false,"potions_floor_spawned":[5,14,16],"ascension_level":20}}