{"host":"yxzbjgn8r2ozgaoi","time":1612584091,"event":{"mods":["Act Like it!","BaseMod","CapriCore","Gensokyo","Hallownest","Lobotomy","LobotomyExtend","Marisa（F雨　魔理沙）","Minty Spire (QoL Compilation)","Quick Restart","Remilia（蕾米莉亚）","Replay The Spire","StSLib","The Alterego","The Bug Knight","The Immortal","Youmu（魂魄妖梦）","【功能Mod】聪明的最终Boss","篝火指南"],"gold_per_floor":[114,127,144,144,160,160,180,180,228,228,240,255,255,281,281,378,378,389,3,3,0,0,0,0,0],"floor_reached":24,"language":"ZHS","playtime":758,"items_purged":[],"score":221,"play_id":"5f6d6452-5cf8-4ca5-94c0-9ea0d892f41a","local_time":"20210206120131","is_ascension_mode":false,"campfire_choices":[{"data":"EternalNight","floor":6,"key":"SMITH"},{"data":"Stigmanizer","floor":10,"key":"SMITH"},{"data":"HunterOfTheNight","floor":15,"key":"SMITH"},{"data":"Gensokyo:ManorOfTheDishes","floor":23,"key":"SMITH"}],"circlet_count":0,"master_deck":["Strike_RM","Strike_RM","Strike_RM","Strike_RM","Defend_RM","Defend_RM","Defend_RM","Defend_RM+1","RedMoon","ScarletShoot","VampireKiss","EternalNight+1","Stigmanizer+1","RedRainbow","DiffusionOfMisfortune","HunterOfTheNight+1","NightDance","HeartBreak","BombardNight+1","Gensokyo:TarnishedGold","Gensokyo:BlemishedSteel","Gensokyo:ManorOfTheDishes+1","Gensokyo:ScrapIron"],"relics":["ScarletHat","LetterFromLob","Bag of Marbles","Shuriken","Replay:Grab Bag","Sozu","Philosopher\u0027s Stone","Black Star"],"acts_visited":["Exordium","Gensokyo:Gensokyoer"],"potions_floor_usage":[14,14,24,24],"damage_taken":[{"damage":2,"enemies":"2 Louse","floor":1,"turns":2},{"damage":0,"enemies":"Cultist","floor":2,"turns":4},{"damage":1,"enemies":"Small Slimes","floor":3,"turns":4},{"damage":2,"enemies":"Exordium Wildlife","floor":5,"turns":3},{"damage":36,"enemies":"Exordium Thugs","floor":7,"turns":1},{"damage":0,"enemies":"Large Slime","floor":11,"turns":4},{"damage":0,"enemies":"Red Slaver","floor":12,"turns":1},{"damage":0,"enemies":"Lagavulin","floor":14,"turns":2},{"damage":27,"enemies":"The Guardian","floor":16,"turns":6},{"damage":0,"enemies":"Gensokyo:CosmicMonolith","floor":18,"turns":1},{"damage":110,"enemies":"Gensokyo:3_Dogs","floor":24,"turns":7}],"seed_played":"4593245615138896292","potions_obtained":[{"floor":1,"key":"Swift Potion"},{"floor":7,"key":"PowerPotion"},{"floor":12,"key":"Venom Potion"},{"floor":14,"key":"Dexterity Potion"},{"floor":16,"key":"Ancient Potion"}],"is_trial":false,"path_per_floor":["M","M","M","?","M","R","M","?","T","R","M","M","?","E","R","B",null,"M","COS","$","?","$","R","M"],"character_chosen":"REMILIA","items_purchased":[],"campfire_rested":0,"item_purchase_floors":[],"current_hp_per_floor":[73,73,74,74,73,73,37,30,30,30,30,33,33,40,40,27,75,75,75,75,75,75,75,0,0],"gold":0,"neow_bonus":"THREE_CARDS","is_daily":false,"chose_seed":false,"campfire_upgraded":4,"win_rate":0.0,"timestamp":1612584091,"path_taken":["M","M","M","?","?","R","M","?","T","R","?","M","?","E","R","BOSS","M","COS","?","?","$","R","M"],"items_purchased_type":[],"build_version":"2020-12-22","purchased_purges":0,"victory":false,"max_hp_per_floor":[75,75,75,75,75,75,75,75,75,75,75,75,75,75,75,75,75,75,75,75,75,75,75,75,75],"card_choices":[{"not_picked":["UltimateOffering","FavorOfDestiny"],"picked":"VampireKiss","floor":0},{"not_picked":["DiffusionOfMisfortune","StarOfDavid"],"picked":"EternalNight","floor":1},{"not_picked":["Septette","LeisurelyOfLord"],"picked":"Stigmanizer","floor":2},{"not_picked":["AfternoonTea","UnderTheZenith"],"picked":"RedRainbow","floor":3},{"not_picked":["VampireKiss","NightDance"],"picked":"Stigmanizer","floor":5},{"not_picked":["RedRainbow","FavorOfDestiny"],"picked":"DiffusionOfMisfortune","floor":7},{"not_picked":["ScarletImprint","VampireKiss"],"picked":"HunterOfTheNight","floor":11},{"not_picked":["VampireFantasy","VampirishNight","MastersStateliness"],"picked":"SKIP","floor":12},{"not_picked":["BlasphemousPunishment","CharismaGuard","VampireKiss"],"picked":"SKIP","floor":14},{"not_picked":["ScarletCoffin","ForecastOfChange"],"picked":"HeartBreak","floor":16},{"not_picked":["NightDance+1","FavorOfDestiny"],"picked":"BombardNight+1","floor":18}],"player_experience":127585,"relics_obtained":[{"floor":1,"key":"LetterFromLob"},{"floor":9,"key":"Bag of Marbles"},{"floor":14,"key":"Shuriken"}],"event_choices":[{"damage_healed":0,"gold_gain":0,"player_choice":"Ignored","damage_taken":0,"max_hp_gain":0,"max_hp_loss":0,"event_name":"Purifier","floor":4,"gold_loss":0},{"damage_healed":0,"gold_gain":0,"player_choice":"Damaged","damage_taken":7,"max_hp_gain":0,"max_hp_loss":0,"event_name":"Wheel of Change","floor":8,"gold_loss":0},{"cards_removed":["Stigmanizer"],"damage_healed":0,"gold_gain":0,"player_choice":"Took Card","damage_taken":0,"max_hp_gain":0,"max_hp_loss":0,"event_name":"NoteForYourself","floor":13,"gold_loss":0,"cards_obtained":["NightDance"]}],"is_beta":false,"boss_relics":[{"not_picked":["Ring of Chaos","Fusion Hammer"],"picked":"Replay:Grab Bag"},{"not_picked":["Cursed Key","Velvet Choker"],"picked":"Sozu"},{"not_picked":["ChewingGum","Busted Crown"],"picked":"Philosopher\u0027s Stone"},{"not_picked":["Astrolabe","Calling Bell"],"picked":"Black Star"}],"items_purged_floors":[],"is_endless":false,"potions_floor_spawned":[1,7,12,14,16],"killed_by":"Gensokyo:3_Dogs","ascension_level":0}}