{"host":"aq3xpixvif6gmjmv","time":1612581787,"event":{"mods":["BaseMod","CapriCore","Colored Map","Colored Powertips","Friendly Minions","Minty Spire (QoL Compilation)","StSLib","SuperFastMode","The Hierophant"],"gold_per_floor":[109,0,20,20,33,33,67,99,99,126,126,126,151,177,177,279,279,297,207,233,74,74,104,104,131,131,159,187,66,86,100,100,195,195,205,205,125,125,160,190,215,250,250,276,313,351,380,47,47,47],"floor_reached":51,"language":"KOR","playtime":918,"items_purged":["Shrug It Off","Sever Soul+1","Feel No Pain+1"],"score":1762,"play_id":"9a7e3633-17c7-4b12-8d86-9348d6813633","local_time":"20210206122307","daily_mods":["Draft","Vintage","Heirloom","Time Dilation","Flight","DeadlyEvents","Elite Swarm","Lethality"],"is_ascension_mode":true,"campfire_choices":[{"data":"Inflame","floor":6.0,"key":"SMITH"},{"data":"Inflame","floor":12,"key":"SMITH"},{"data":"Double Tap","floor":15,"key":"SMITH"},{"data":"Heavy Blade","floor":24,"key":"SMITH"},{"data":"Double Tap","floor":32,"key":"SMITH"},{"data":"Offering","floor":49,"key":"SMITH"}],"circlet_count":0,"master_deck":["Battle Trance","Cleave","Flex","Bloodletting","Inflame+1","Battle Trance","Twin Strike","Thunderclap","Bloodletting","Flex+1","Inflame+1","Offering+1","Double Tap+1","Offering+1","Heavy Blade+1","Limit Break","Double Tap+1","Limit Break","Offering+1","Limit Break","Limit Break","Limit Break"],"relics":["Burning Blood","Champion Belt","Ginger","Sundial","Oddly Smooth Stone","HornCleat","Dream Catcher","FossilizedHelix","Meat on the Bone","Omamori","The Courier","Mark of Pain","Art of War","Bag of Preparation","Vajra","Ornamental Fan","PreservedInsect","Akabeko","Letter Opener","Peace Pipe","Kunai","Lantern","Torii","Nunchaku","Astrolabe","Bag of Marbles","Centennial Puzzle","Strawberry","Boot","CeramicFish","Happy Flower","Molten Egg 2","Pear","Gambling Chip","Orichalcum","Potion Belt","Medical Kit","Blood Vial"],"acts_visited":["Exordium","TheCity","TheBeyond"],"potions_floor_usage":[],"damage_taken":[{"damage":0.0,"enemies":"Small Slimes","floor":1.0,"turns":1.0},{"damage":3.0,"enemies":"Cultist","floor":3.0,"turns":1.0},{"damage":0.0,"enemies":"2 Louse","floor":5.0,"turns":1.0},{"damage":15.0,"enemies":"3 Sentries","floor":7.0,"turns":3.0},{"damage":3.0,"enemies":"Gremlin Nob","floor":8.0,"turns":2.0},{"damage":9.0,"enemies":"3 Sentries","floor":10.0,"turns":2.0},{"damage":0,"enemies":"Gremlin Nob","floor":13,"turns":1},{"damage":0,"enemies":"Lagavulin","floor":14,"turns":2},{"damage":0,"enemies":"Hexaghost","floor":16,"turns":2},{"damage":0,"enemies":"2 Thieves","floor":18,"turns":2},{"damage":0,"enemies":"Gremlin Leader","floor":20,"turns":1},{"damage":0,"enemies":"Book of Stabbing","floor":23,"turns":1},{"damage":0,"enemies":"Slavers","floor":25,"turns":1},{"damage":0,"enemies":"Book of Stabbing","floor":27,"turns":1},{"damage":3,"enemies":"Slavers","floor":28,"turns":2},{"damage":0,"enemies":"Spheric Guardian","floor":30,"turns":1},{"damage":0,"enemies":"Snecko","floor":31,"turns":1},{"damage":9,"enemies":"Automaton","floor":33,"turns":2},{"damage":0,"enemies":"Orb Walker","floor":35,"turns":1},{"damage":0,"enemies":"Reptomancer","floor":39,"turns":1},{"damage":0,"enemies":"Giant Head","floor":40,"turns":1},{"damage":0,"enemies":"Nemesis","floor":41,"turns":1},{"damage":0,"enemies":"Giant Head","floor":42,"turns":1},{"damage":0,"enemies":"Nemesis","floor":44,"turns":1},{"damage":0,"enemies":"Giant Head","floor":45,"turns":1},{"damage":0,"enemies":"Reptomancer","floor":46,"turns":1},{"damage":0,"enemies":"Giant Head","floor":47,"turns":1},{"damage":15,"enemies":"Donu and Deca","floor":50,"turns":1}],"seed_played":"8441338109499572693","potions_obtained":[{"floor":1.0,"key":"Swift Potion"},{"floor":3.0,"key":"Swift Potion"},{"floor":8.0,"key":"BloodPotion"},{"floor":40,"key":"SpeedPotion"},{"floor":45,"key":"Energy Potion"},{"floor":47,"key":"BloodPotion"}],"is_trial":true,"path_per_floor":["M","$","M","?","M","R","E","E","T","E","?","R","E","E","R","B",null,"M","?","E","$","T","E","R","E","T","E","E","$","M","M","R","B",null,"M","?","$","?","E","E","E","E","T","E","E","E","E","$","R","B",null],"character_chosen":"IRONCLAD","items_purchased":["Inflame","Heavy Blade","Vajra","Lantern","Medical Kit","Blood Vial"],"campfire_rested":0,"item_purchase_floors":[2,21,21,29,48,48],"current_hp_per_floor":[80,80,80,80,80,80,71,74,74,71,71,71,77,80,80,80,80,80,80,80,80,80,80,80,80,80,80,80,80,80,80,80,77,80,80,76,76,76,83,83,83,83,83,93,93,93,93,93,93,84],"gold":47,"neow_bonus":"","is_daily":false,"chose_seed":false,"campfire_upgraded":6,"win_rate":0.0,"timestamp":1612581787,"path_taken":["M","$","M","?","?","R","E","E","T","E","?","R","E","E","R","BOSS","M","?","?","$","?","E","R","E","T","E","?","$","?","M","R","BOSS","M","?","$","?","?","E","E","E","T","E","E","E","E","$","R","BOSS"],"items_purchased_type":["Card","Card","Relic","Relic","Relic","Relic"],"build_version":"2020-12-22","purchased_purges":3,"victory":true,"max_hp_per_floor":[80,80,80,80,80,80,80,80,80,80,80,80,80,80,80,80,80,80,80,80,80,80,80,80,80,80,80,80,80,80,80,80,80,80,80,76,76,76,83,83,83,83,83,93,93,93,93,93,93,93],"card_choices":[{"not_picked":["Dark Embrace","Cleave"],"picked":"Battle Trance","floor":0.0},{"not_picked":["Ghostly Armor","Anger"],"picked":"Cleave","floor":0.0},{"not_picked":["Rupture","True Grit"],"picked":"Flex","floor":0.0},{"not_picked":["Anger","Dual Wield"],"picked":"Pommel Strike","floor":0.0},{"not_picked":["Warcry","Ghostly Armor"],"picked":"Thunderclap","floor":0.0},{"not_picked":["Burning Pact","True Grit"],"picked":"Bloodletting","floor":0.0},{"not_picked":["Havoc","Power Through"],"picked":"Shrug It Off","floor":0.0},{"not_picked":["Fire Breathing","Sever Soul"],"picked":"Inflame","floor":0.0},{"not_picked":["Second Wind","Blood for Blood"],"picked":"Battle Trance","floor":0.0},{"not_picked":["Anger","Hemokinesis"],"picked":"Twin Strike","floor":0.0},{"not_picked":["Flame Barrier","Clothesline"],"picked":"Thunderclap","floor":0.0},{"not_picked":["Uppercut","Sword Boomerang"],"picked":"Bloodletting","floor":0.0},{"not_picked":["Rupture","Pommel Strike"],"picked":"Flex","floor":0.0},{"not_picked":["Warcry","Havoc"],"picked":"Shrug It Off","floor":0.0},{"not_picked":["Rage","Entrench"],"picked":"Body Slam","floor":0.0},{"not_picked":["Fiend Fire","Barricade","Feed"],"picked":"SKIP","floor":7.0},{"not_picked":["Immolate","Juggernaut","Feed"],"picked":"SKIP","floor":8.0},{"not_picked":["Limit Break","Fiend Fire"],"picked":"Offering","floor":10},{"not_picked":["Immolate","Berserk"],"picked":"Double Tap","floor":13},{"not_picked":["Berserk","Reaper","Demon Form"],"picked":"SKIP","floor":14},{"not_picked":["Feed","Brutality"],"picked":"Offering","floor":20},{"not_picked":["Offering","Feed"],"picked":"Limit Break","floor":23},{"not_picked":["Bludgeon","Corruption"],"picked":"Double Tap","floor":25},{"not_picked":["Juggernaut","Feed"],"picked":"Limit Break","floor":27},{"not_picked":["Fiend Fire","Exhume","Impervious"],"picked":"SKIP","floor":28},{"not_picked":["Demon Form","Exhume"],"picked":"Limit Break","floor":39},{"not_picked":["Corruption","Fiend Fire","Limit Break"],"picked":"SKIP","floor":40},{"not_picked":["Bludgeon","Immolate","Brutality"],"picked":"SKIP","floor":41},{"not_picked":["Feed","Double Tap","Offering"],"picked":"SKIP","floor":42},{"not_picked":["Impervious","Feed+1","Immolate+1"],"picked":"SKIP","floor":44},{"not_picked":["Berserk","Reaper+1"],"picked":"Limit Break","floor":45},{"not_picked":["Immolate+1","Brutality"],"picked":"Limit Break","floor":46},{"not_picked":["Impervious","Bludgeon+1","Exhume"],"picked":"SKIP","floor":47}],"player_experience":415151,"relics_obtained":[{"floor":1.0,"key":"Ginger"},{"floor":3.0,"key":"Sundial"},{"floor":5.0,"key":"Oddly Smooth Stone"},{"floor":7.0,"key":"HornCleat"},{"floor":8.0,"key":"Dream Catcher"},{"floor":9.0,"key":"FossilizedHelix"},{"floor":10,"key":"Meat on the Bone"},{"floor":13,"key":"Omamori"},{"floor":14,"key":"The Courier"},{"floor":18,"key":"Art of War"},{"floor":20,"key":"Bag of Preparation"},{"floor":22,"key":"Ornamental Fan"},{"floor":23,"key":"PreservedInsect"},{"floor":25,"key":"Akabeko"},{"floor":26,"key":"Letter Opener"},{"floor":27,"key":"Peace Pipe"},{"floor":28,"key":"Kunai"},{"floor":30,"key":"Torii"},{"floor":31,"key":"Nunchaku"},{"floor":35,"key":"Bag of Marbles"},{"floor":39,"key":"Strawberry"},{"floor":40,"key":"Boot"},{"floor":41,"key":"CeramicFish"},{"floor":42,"key":"Happy Flower"},{"floor":43,"key":"Molten Egg 2"},{"floor":44,"key":"Pear"},{"floor":45,"key":"Gambling Chip"},{"floor":46,"key":"Orichalcum"},{"floor":47,"key":"Potion Belt"}],"event_choices":[{"damage_healed":0.0,"max_hp_gain":0.0,"max_hp_loss":0.0,"gold_gain":0.0,"event_name":"NoteForYourself","player_choice":"Ignored","floor":4.0,"gold_loss":0.0,"damage_taken":0.0},{"damage_healed":0,"gold_gain":0,"player_choice":"Grow","damage_taken":0,"max_hp_gain":0,"max_hp_loss":0,"event_name":"Living Wall","floor":11,"gold_loss":0,"cards_upgraded":["Offering"]},{"cards_removed":["Body Slam"],"damage_healed":0,"gold_gain":0,"player_choice":"Upgrade and Remove","damage_taken":0,"max_hp_gain":0,"max_hp_loss":0,"event_name":"Designer","floor":19,"gold_loss":90,"cards_upgraded":["Flex"]},{"damage_healed":0,"gold_gain":0,"player_choice":"Max HP","damage_taken":0,"max_hp_gain":0,"max_hp_loss":4,"event_name":"Winding Halls","floor":36,"gold_loss":0},{"damage_healed":0,"gold_gain":0,"player_choice":"Gave Potion","damage_taken":0,"relics_obtained":["Centennial Puzzle"],"max_hp_gain":0,"max_hp_loss":0,"event_name":"WeMeetAgain","floor":38,"gold_loss":0}],"is_beta":false,"boss_relics":[{"not_picked":["Runic Pyramid","Cursed Key"],"picked":"Mark of Pain"},{"not_picked":["SacredBark","Fusion Hammer"],"picked":"Astrolabe"}],"items_purged_floors":[2,37,48],"is_endless":false,"potions_floor_spawned":[1,3,8,10,18,23,28,31,35,40,45,47],"ascension_level":1}}