{"host":"n9qmgrsa9l2j981v","time":1612595362,"event":{"mods":["BaseMod","Bestiary","Minty Spire (QoL Compilation)","Relic Stats","StSLib"],"gold_per_floor":[115,115,129,146,71,99,109,109,109,109,124,155,166,181,181,258,258,273,289,289,214,214,214,214,214],"floor_reached":24,"language":"ENG","playtime":1002,"items_purged":["Finisher"],"score":441,"play_id":"9ba4219c-402c-4ab3-a58c-6e81b0a4753c","local_time":"20210205230922","is_ascension_mode":true,"campfire_choices":[{"data":"Wraith Form v2","floor":8,"key":"SMITH"},{"data":"Neutralize","floor":10,"key":"SMITH"},{"data":"Noxious Fumes","floor":15,"key":"SMITH"},{"data":"Wraith Form v2","floor":23,"key":"SMITH"}],"circlet_count":0,"master_deck":["AscendersBane","Survivor","Neutralize+1","Heel Hook","Die Die Die","All Out Attack","Wraith Form v2+1","Deadly Poison","Noxious Fumes+1","Escape Plan","Grand Finale","Footwork","Noxious Fumes","Tools of the Trade","Wraith Form v2+1","Calculated Gamble","Noxious Fumes","PiercingWail","Unload","Noxious Fumes","Expertise","Catalyst"],"relics":["Ring of the Snake","NeowsBlessing","InkBottle","Turnip","Gambling Chip","Pandora\u0027s Box"],"acts_visited":["Exordium","TheCity"],"potions_floor_usage":[6,6,16,24,24],"damage_taken":[{"damage":0,"enemies":"Small Slimes","floor":1,"turns":1},{"damage":0,"enemies":"Cultist","floor":3,"turns":1},{"damage":0,"enemies":"Jaw Worm","floor":4,"turns":1},{"damage":7,"enemies":"3 Sentries","floor":6,"turns":5},{"damage":10,"enemies":"Exordium Thugs","floor":7,"turns":5},{"damage":1,"enemies":"Blue Slaver","floor":11,"turns":5},{"damage":10,"enemies":"Lagavulin","floor":12,"turns":7},{"damage":0,"enemies":"Exordium Wildlife","floor":13,"turns":2},{"damage":0,"enemies":"Looter","floor":14,"turns":3},{"damage":17,"enemies":"Slime Boss","floor":16,"turns":9},{"damage":4,"enemies":"Spheric Guardian","floor":18,"turns":5},{"damage":13,"enemies":"Shell Parasite","floor":19,"turns":6},{"damage":49,"enemies":"Book of Stabbing","floor":24,"turns":6}],"seed_played":"969170444913970350","potions_obtained":[{"floor":2,"key":"Dexterity Potion"},{"floor":2,"key":"BlessingOfTheForge"},{"floor":4,"key":"Explosive Potion"},{"floor":7,"key":"Ancient Potion"},{"floor":11,"key":"ColorlessPotion"},{"floor":13,"key":"AttackPotion"},{"floor":19,"key":"DistilledChaos"}],"is_trial":false,"path_per_floor":["M","?","M","M","$","E","M","R","T","R","M","E","M","M","R","B",null,"M","M","?","$","?","R","E"],"character_chosen":"THE_SILENT","items_purchased":["All Out Attack"],"campfire_rested":0,"item_purchase_floors":[5],"current_hp_per_floor":[59,59,59,59,59,52,42,42,42,42,41,31,31,31,31,14,53,49,36,36,36,36,36,0,0],"gold":214,"neow_bonus":"THREE_ENEMY_KILL","is_daily":false,"chose_seed":false,"campfire_upgraded":4,"win_rate":0.0,"timestamp":1612595362,"path_taken":["M","?","?","?","$","E","M","R","T","R","M","E","M","M","R","BOSS","M","M","?","$","?","R","E"],"items_purchased_type":["Card"],"build_version":"2020-12-22","purchased_purges":1,"victory":false,"max_hp_per_floor":[66,66,66,66,66,66,66,66,66,66,66,66,66,66,66,66,66,66,66,66,66,66,66,66,66],"relic_stats":{"counters":[13,56],"Gambling Chip":[14],"Pandora\u0027s Box":["Footwork","Noxious Fumes","Tools of the Trade","Wraith Form v2","Calculated Gamble","Noxious Fumes","PiercingWail","Unload","Noxious Fumes","Finisher"],"Turnip":[12],"obtain_stats":[{"NeowsBlessing":0,"Gambling Chip":12,"Pandora\u0027s Box":17,"Turnip":9,"InkBottle":6,"Ring of the Snake":0},{"NeowsBlessing":0,"Gambling Chip":7,"Pandora\u0027s Box":10,"Turnip":5,"InkBottle":4,"Ring of the Snake":0},{"NeowsBlessing":0,"Gambling Chip":25,"Pandora\u0027s Box":39,"Turnip":13,"InkBottle":8,"Ring of the Snake":0}],"InkBottle":[15],"Ring of the Snake":[26]},"card_choices":[{"not_picked":["Prepared","Dodge and Roll","Sucker Punch"],"picked":"SKIP","floor":1},{"not_picked":["Backflip","Sucker Punch"],"picked":"Heel Hook","floor":3},{"not_picked":["Quick Slash","Deflect"],"picked":"Die Die Die","floor":4},{"not_picked":["Well Laid Plans","Deflect"],"picked":"Wraith Form v2","floor":6},{"not_picked":["Riddle With Holes","Backstab"],"picked":"Deadly Poison","floor":7},{"not_picked":["Quick Slash","Tactician"],"picked":"Noxious Fumes","floor":11},{"not_picked":["PiercingWail","Flying Knee","Tactician"],"picked":"SKIP","floor":12},{"not_picked":["Dagger Throw","Quick Slash"],"picked":"Escape Plan","floor":13},{"not_picked":["Acrobatics","PiercingWail","Storm of Steel"],"picked":"SKIP","floor":14},{"not_picked":["Tools of the Trade","Venomology"],"picked":"Grand Finale","floor":16},{"not_picked":["Poisoned Stab","Cloak And Dagger"],"picked":"Expertise","floor":18},{"not_picked":["PiercingWail","Riddle With Holes","Deflect"],"picked":"SKIP","floor":19}],"player_experience":662265,"relics_obtained":[{"floor":6,"key":"InkBottle"},{"floor":9,"key":"Turnip"},{"floor":12,"key":"Gambling Chip"}],"event_choices":[{"damage_healed":0,"gold_gain":0,"player_choice":"Got Potions","damage_taken":0,"max_hp_gain":0,"max_hp_loss":0,"event_name":"Lab","floor":2,"gold_loss":0},{"damage_healed":0,"gold_gain":0,"player_choice":"Read","damage_taken":0,"max_hp_gain":0,"max_hp_loss":0,"event_name":"The Library","floor":20,"gold_loss":0,"cards_obtained":["Catalyst"]},{"damage_healed":0,"gold_gain":0,"player_choice":"Ignored","damage_taken":0,"max_hp_gain":0,"max_hp_loss":0,"event_name":"Vampires","floor":22,"gold_loss":0}],"is_beta":false,"boss_relics":[{"not_picked":["Ring of the Serpent","Velvet Choker"],"picked":"Pandora\u0027s Box"}],"items_purged_floors":[21],"is_endless":false,"potions_floor_spawned":[3,4,7,11,13,19],"killed_by":"Book of Stabbing","ascension_level":20}}