{"host":"mydft8i2zzydgggw","time":1612600376,"event":{"mods":["AchievementEnabler","BaseMod","BetterRewards","Colored Map","Colored Powertips","DeckTracker","Keyboard Shortcuts","Minty Spire (QoL Compilation)","Rare Cards Sparkle","StSLib","SuperFastMode","everything is the same but u backflip on backflip"],"gold_per_floor":[119,134,134,147,165,165,193,193,193,47,65,82,92,151,151,246,246,258,271,271,284,131,131,131],"floor_reached":23,"language":"KOR","playtime":522,"items_purged":["Strike_R","Strike_R"],"score":263,"play_id":"fdeb9365-5f88-441a-8471-35022ebbcfb7","local_time":"20210206173256","is_ascension_mode":true,"campfire_choices":[{"data":"True Grit","floor":6,"key":"SMITH"},{"floor":8,"key":"REST"},{"floor":15,"key":"REST"}],"circlet_count":0,"master_deck":["Strike_R","Strike_R","Strike_R","Defend_R","Defend_R","Defend_R","Defend_R","Bash","Impervious","Carnage","True Grit+1","Power Through","Dark Embrace","Pommel Strike","Shockwave+1","Blood for Blood","Dual Wield+1","Offering+1","Shrug It Off+1","Exhume+1","True Grit+1"],"relics":["Black Blood","Paper Frog","Darkstone Periapt","Toxic Egg 2","Frozen Egg 2"],"acts_visited":["Exordium","TheCity"],"potions_floor_usage":[16,16,16,23],"damage_taken":[{"damage":2,"enemies":"2 Louse","floor":1,"turns":3},{"damage":10,"enemies":"Cultist","floor":2,"turns":5},{"damage":9,"enemies":"Jaw Worm","floor":4,"turns":3},{"damage":26,"enemies":"Large Slime","floor":5,"turns":6},{"damage":33,"enemies":"3 Sentries","floor":7,"turns":10},{"damage":11,"enemies":"2 Fungi Beasts","floor":11,"turns":7},{"damage":2,"enemies":"3 Louse","floor":12,"turns":5},{"damage":15,"enemies":"Lots of Slimes","floor":13,"turns":7},{"damage":23,"enemies":"Gremlin Nob","floor":14,"turns":5},{"damage":40,"enemies":"Slime Boss","floor":16,"turns":12},{"damage":49,"enemies":"Spheric Guardian","floor":18,"turns":6},{"damage":9,"enemies":"Chosen","floor":19,"turns":3},{"damage":12,"enemies":"Snecko","floor":21,"turns":5},{"damage":31,"enemies":"Slavers","floor":23,"turns":4}],"seed_played":"-2345830527769131198","potions_obtained":[{"floor":2,"key":"PowerPotion"},{"floor":12,"key":"Swift Potion"},{"floor":13,"key":"SpeedPotion"},{"floor":14,"key":"Dexterity Potion"},{"floor":19,"key":"SkillPotion"}],"is_trial":false,"path_per_floor":["M","M","?","M","M","R","E","R","T","$","M","M","M","?","R","B",null,"M","M","?","M","$","E"],"character_chosen":"IRONCLAD","items_purchased":["Dark Embrace","True Grit+1"],"campfire_rested":2,"item_purchase_floors":[10,22],"current_hp_per_floor":[76,72,72,69,49,49,22,46,46,46,41,45,36,19,43,9,62,25,28,28,28,28,0,0],"gold":131,"neow_bonus":"ONE_RANDOM_RARE_CARD","is_daily":false,"chose_seed":false,"campfire_upgraded":1,"win_rate":0.0,"timestamp":1612600376,"path_taken":["M","M","?","M","M","R","E","R","T","?","M","?","M","?","R","BOSS","M","M","?","M","$","E"],"items_purchased_type":["Card","Card"],"build_version":"2020-12-22","purchased_purges":2,"victory":false,"max_hp_per_floor":[80,80,80,80,80,80,80,80,80,80,80,80,80,80,80,80,80,80,80,80,80,80,80,80],"card_choices":[{"not_picked":["Wild Strike","Pummel","Havoc"],"picked":"SKIP","floor":1},{"not_picked":["Clash","Flex"],"picked":"Carnage","floor":2},{"not_picked":["Second Wind","Anger"],"picked":"True Grit","floor":4},{"not_picked":["Reckless Charge","Anger","True Grit"],"picked":"SKIP","floor":5},{"not_picked":["Armaments","Rampage"],"picked":"Power Through","floor":7},{"not_picked":["Heavy Blade","Pommel Strike","Clash"],"picked":"SKIP","floor":11},{"not_picked":["Heavy Blade","Clash"],"picked":"Pommel Strike","floor":11},{"not_picked":["Anger","Seeing Red+1"],"picked":"Shockwave+1","floor":12},{"not_picked":["Metallicize","Flex+1"],"picked":"Blood for Blood","floor":13},{"not_picked":["Sword Boomerang","Heavy Blade"],"picked":"Dual Wield+1","floor":14},{"not_picked":["Demon Form+1","Reaper"],"picked":"Offering+1","floor":16},{"not_picked":["Sever Soul","Clash","Heavy Blade"],"picked":"SKIP","floor":18},{"not_picked":["Havoc+1","Clothesline"],"picked":"Shrug It Off+1","floor":19},{"not_picked":["Infernal Blade+1","Wild Strike"],"picked":"Exhume+1","floor":21}],"player_experience":235880,"relics_obtained":[{"floor":7,"key":"Darkstone Periapt"},{"floor":9,"key":"Toxic Egg 2"},{"floor":14,"key":"Frozen Egg 2"}],"event_choices":[{"damage_healed":0,"gold_gain":0,"player_choice":"Gave Potion","damage_taken":0,"relics_obtained":["Paper Frog"],"max_hp_gain":0,"max_hp_loss":0,"event_name":"WeMeetAgain","floor":3,"gold_loss":0},{"damage_healed":0,"gold_gain":30,"player_choice":"Searched \u00272\u0027 times","damage_taken":0,"max_hp_gain":0,"max_hp_loss":0,"event_name":"Dead Adventurer","floor":14,"gold_loss":0},{"damage_healed":0,"gold_gain":0,"player_choice":"Ignored","damage_taken":0,"max_hp_gain":0,"max_hp_loss":0,"event_name":"The Mausoleum","floor":20,"gold_loss":0}],"is_beta":false,"boss_relics":[{"not_picked":["Runic Dome","SlaversCollar"],"picked":"Black Blood"}],"items_purged_floors":[10,22],"is_endless":false,"potions_floor_spawned":[2,12,13,14,19],"killed_by":"Slavers","ascension_level":7}}