{"host":"1mv6gj0zv8k9e9tz","time":1612603894,"event":{"mods":["AchievementEnabler","BaseMod","Better Third Choice","Colored Map","DeckTracker","Highlight Path","KOR Keyword Fix","Keyboard Shortcuts","Minty Spire (QoL Compilation)","Permanent Neow","Quick Restart","Rare Cards Sparkle","StSLib","SuperFastMode","everything is the same but u backflip on backflip"],"gold_per_floor":[111,130,149,161,5,40,40,54,54,54,102,102,128,150,162,251,263,290,315,341,365,397,409,450,462,528,550,562,593,632,660,672,684,684],"floor_reached":33,"language":"KOR","playtime":1400,"items_purged":[],"score":625,"play_id":"96e5dc34-08ff-450f-a84e-f2a86e1eeea2","local_time":"20210206183134","is_ascension_mode":true,"campfire_choices":[{"data":"Fission","floor":7.0,"key":"SMITH"},{"data":"Zap","floor":10.0,"key":"SMITH"},{"floor":15.0,"key":"REST"},{"data":"Defragment","floor":23.0,"key":"SMITH"},{"data":"Capacitor","floor":25.0,"key":"SMITH"},{"data":"Dualcast","floor":28.0,"key":"SMITH"},{"data":"White Noise","floor":32,"key":"SMITH"}],"circlet_count":0,"master_deck":["AscendersBane","Strike_B","Strike_B","Defend_B","Defend_B","Defend_B","Zap+1","Dualcast+1","Stack+1","Reinforced Body+1","Genetic Algorithm+1","Doom and Gloom","Fission+1","Sweeping Beam","Cold Snap","Capacitor+1","BootSequence","Chill","Defragment+1","Glacier","Conserve Battery","Meteor Strike+1","Ball Lightning+1","White Noise+1","Melter+1","FTL+1","Self Repair+1","Stack+1"],"relics":["Astrolabe","Molten Egg 2","Blue Candle","Bird Faced Urn","MawBank","SlaversCollar","Dream Catcher","Pen Nib","Singing Bowl"],"acts_visited":["Exordium","TheCity"],"potions_floor_usage":[31],"damage_taken":[{"damage":2.0,"enemies":"Cultist","floor":1.0,"turns":4.0},{"damage":7.0,"enemies":"Small Slimes","floor":2.0,"turns":4.0},{"damage":5.0,"enemies":"Jaw Worm","floor":3.0,"turns":5.0},{"damage":7.0,"enemies":"2 Fungi Beasts","floor":4.0,"turns":3.0},{"damage":7.0,"enemies":"3 Sentries","floor":6.0,"turns":8.0},{"damage":5.0,"enemies":"Red Slaver","floor":8.0,"turns":6.0},{"damage":16.0,"enemies":"Gremlin Nob","floor":11.0,"turns":5.0},{"damage":0.0,"enemies":"Lagavulin","floor":13.0,"turns":8.0},{"damage":7.0,"enemies":"Exordium Thugs","floor":14.0,"turns":5.0},{"damage":29.0,"enemies":"Slime Boss","floor":16.0,"turns":12.0},{"damage":1.0,"enemies":"Shell Parasite","floor":18.0,"turns":10.0},{"damage":6.0,"enemies":"Spheric Guardian","floor":19.0,"turns":8.0},{"damage":10.0,"enemies":"Snake Plant","floor":20.0,"turns":4.0},{"damage":12.0,"enemies":"Centurion and Healer","floor":21.0,"turns":13.0},{"damage":16.0,"enemies":"Sentry and Sphere","floor":22.0,"turns":3.0},{"damage":8.0,"enemies":"Book of Stabbing","floor":24.0,"turns":6.0},{"damage":16.0,"enemies":"Shelled Parasite and Fungi","floor":27.0,"turns":6.0},{"damage":14.0,"enemies":"Snake Plant","floor":29.0,"turns":5.0},{"damage":2,"enemies":"Gremlin Leader","floor":30,"turns":8},{"damage":10,"enemies":"3 Cultists","floor":31,"turns":6},{"damage":29,"enemies":"Collector","floor":33,"turns":7}],"seed_played":"3192179755693849517","potions_obtained":[{"floor":4.0,"key":"Block Potion"},{"floor":6.0,"key":"SpeedPotion"},{"floor":8.0,"key":"ColorlessPotion"},{"floor":11.0,"key":"Weak Potion"},{"floor":18.0,"key":"SteroidPotion"},{"floor":21.0,"key":"FocusPotion"},{"floor":24.0,"key":"BlessingOfTheForge"},{"floor":27.0,"key":"ColorlessPotion"},{"floor":29.0,"key":"Fire Potion"}],"is_trial":false,"path_per_floor":["M","M","M","M","$","E","R","M","T","R","E","?","E","M","R","B",null,"M","M","M","M","M","R","E","R","T","M","R","M","E","M","R","B"],"character_chosen":"DEFECT","items_purchased":["Capacitor","BootSequence"],"campfire_rested":1,"item_purchase_floors":[5,5],"current_hp_per_floor":[62,55,50,43,43,36,36,31,31,31,15,4,8,5,26,1,54,57,55,47,41,27,27,25,25,25,15,15,17,39,47,47,26,26],"gold":684,"neow_bonus":"BOSS_RELIC","is_daily":false,"chose_seed":false,"campfire_upgraded":6,"win_rate":0.0,"timestamp":1612603894,"path_taken":["M","M","M","M","$","E","R","M","T","R","E","?","E","M","R","BOSS","M","M","M","M","M","R","E","R","T","M","R","M","E","M","R","BOSS"],"items_purchased_type":["Card","Card"],"build_version":"2020-12-22","purchased_purges":0,"victory":false,"max_hp_per_floor":[71,71,71,71,71,71,71,71,71,71,71,71,71,71,71,71,71,71,71,71,71,71,71,71,71,71,71,71,71,73,75,75,75,75],"card_choices":[{"not_picked":["Rebound","Barrage"],"picked":"Doom and Gloom","floor":1.0},{"not_picked":["Compile Driver","Conserve Battery"],"picked":"Fission","floor":2.0},{"not_picked":["Streamline","Conserve Battery"],"picked":"Sweeping Beam","floor":3.0},{"not_picked":["Beam Cell","Gash"],"picked":"Cold Snap","floor":4.0},{"not_picked":["Turbo","Self Repair"],"picked":"Chill","floor":6.0},{"not_picked":["Ball Lightning+1","Conserve Battery"],"picked":"Defragment","floor":8.0},{"not_picked":["Barrage+1","BootSequence","Rip and Tear+1"],"picked":"SKIP","floor":11.0},{"not_picked":["Rip and Tear+1","Redo"],"picked":"Glacier","floor":13.0},{"not_picked":["Steam","Turbo"],"picked":"Conserve Battery","floor":14.0},{"not_picked":["Rainbow","All For One+1"],"picked":"Meteor Strike+1","floor":16.0},{"not_picked":["Stack","Conserve Battery"],"picked":"Ball Lightning+1","floor":18.0},{"not_picked":["Beam Cell+1","Sweeping Beam+1"],"picked":"White Noise","floor":19.0},{"not_picked":["Reinforced Body","Beam Cell+1","Conserve Battery"],"picked":"SKIP","floor":20.0},{"not_picked":["Reprogram","Sunder+1"],"picked":"Melter+1","floor":21.0},{"not_picked":["Stack","Streamline+1","Glacier"],"picked":"SKIP","floor":22.0},{"not_picked":["Beam Cell+1","Fusion"],"picked":"FTL+1","floor":24.0},{"not_picked":["Static Discharge+1","Sweeping Beam+1"],"picked":"Self Repair+1","floor":27.0},{"not_picked":["Heatsinks","Beam Cell+1"],"picked":"Stack+1","floor":29.0},{"not_picked":["Skim","Loop+1","Melter+1"],"picked":"Singing Bowl","floor":30},{"not_picked":["Rebound+1","Stack","FTL+1"],"picked":"Singing Bowl","floor":31}],"player_experience":626170,"relics_obtained":[{"floor":6.0,"key":"Molten Egg 2"},{"floor":11.0,"key":"Blue Candle"},{"floor":13.0,"key":"MawBank"},{"floor":24.0,"key":"Dream Catcher"},{"floor":26.0,"key":"Pen Nib"},{"floor":30,"key":"Singing Bowl"}],"event_choices":[{"damage_healed":0.0,"max_hp_gain":0.0,"max_hp_loss":0.0,"gold_gain":1.0,"event_name":"betterThird:BetterScrap","player_choice":"Relic ","floor":12.0,"gold_loss":0.0,"damage_taken":11.0,"cards_obtained":["Sanctity"]}],"is_beta":false,"boss_relics":[{"not_picked":["SacredBark","Pandora\u0027s Box"],"picked":"SlaversCollar"}],"items_purged_floors":[],"is_endless":false,"potions_floor_spawned":[4,6,8,11,18,21,24,27,29],"killed_by":"Collector","ascension_level":17}}