{"host":"0tiuc76yumknr6qf","time":1612573951,"event":{"mods":["BaseMod","Bestiary","Colored Map","DeckTracker","Highlight Path","Jedi Mod","Minty Spire (QoL Compilation)","StSLib"],"gold_per_floor":[117,135,153,171,78,78,109,109,181,214,227,227,244,255,255,334,334,353,353,365,365,365,365,365,365],"floor_reached":24,"language":"ENG","playtime":1116,"items_purged":[],"score":516,"play_id":"cabec1df-bf6e-4e0e-a72d-f1767d5709a4","local_time":"20210205191231","is_ascension_mode":true,"campfire_choices":[{"data":"Tempest","floor":6,"key":"SMITH"},{"data":"Ball Lightning","floor":8,"key":"SMITH"},{"data":"Glacier","floor":12,"key":"SMITH"},{"data":"Recycle","floor":15,"key":"SMITH"},{"data":"jedi:overflow","floor":23,"key":"SMITH"}],"circlet_count":0,"master_deck":["AscendersBane","Strike_B","Strike_B","Defend_B","Defend_B","Defend_B","Defend_B","Zap","Dualcast","Tempest+1","Glacier+1","Cold Snap","Consume","Chill","Ball Lightning+1","Self Repair","Rip and Tear","Go for the Eyes","Recycle+1","Biased Cognition","Conserve Battery","jedi:overflow+1","Skim+1","Writhe"],"relics":["Cracked Core","NeowsBlessing","StoneCalendar","HornCleat","jedi:laserpointer","Empty Cage","Calipers"],"acts_visited":["Exordium","TheCity"],"potions_floor_usage":[7,16,24],"damage_taken":[{"damage":0,"enemies":"Jaw Worm","floor":1,"turns":1},{"damage":0,"enemies":"Small Slimes","floor":2,"turns":1},{"damage":0,"enemies":"2 Louse","floor":3,"turns":1},{"damage":1,"enemies":"Exordium Wildlife","floor":4,"turns":5},{"damage":8,"enemies":"Gremlin Nob","floor":7,"turns":3},{"damage":8,"enemies":"3 Sentries","floor":10,"turns":7},{"damage":17,"enemies":"Large Slime","floor":11,"turns":5},{"damage":2,"enemies":"Exordium Thugs","floor":13,"turns":4},{"damage":13,"enemies":"Gremlin Gang","floor":14,"turns":4},{"damage":0,"enemies":"Hexaghost","floor":16,"turns":8},{"damage":23,"enemies":"3 Byrds","floor":18,"turns":7},{"damage":11,"enemies":"Spheric Guardian","floor":20,"turns":4},{"damage":50,"enemies":"Gremlin Leader","floor":24,"turns":5}],"seed_played":"-4037644900128819286","potions_obtained":[{"floor":1,"key":"CultistPotion"},{"floor":3,"key":"GamblersBrew"},{"floor":4,"key":"jedi:StrikingPotion"},{"floor":10,"key":"SpeedPotion"},{"floor":20,"key":"jedi:coolantleak"}],"is_trial":false,"path_per_floor":["M","M","M","M","$","R","E","R","T","E","M","R","M","M","R","B",null,"M","?","M","?","?","R","E"],"character_chosen":"DEFECT","items_purchased":["Chill","Ball Lightning"],"campfire_rested":0,"item_purchase_floors":[5,5],"current_hp_per_floor":[64,64,64,63,63,63,55,55,55,54,44,44,42,36,36,43,64,48,48,44,44,44,44,0,0],"gold":365,"neow_bonus":"THREE_ENEMY_KILL","is_daily":false,"chose_seed":false,"campfire_upgraded":5,"win_rate":0.0,"timestamp":1612573951,"path_taken":["M","M","M","M","$","R","E","R","T","E","M","R","M","M","R","BOSS","M","?","M","?","?","R","E"],"items_purchased_type":["Card","Card"],"build_version":"2020-12-22","purchased_purges":0,"victory":false,"max_hp_per_floor":[71,71,71,71,71,71,71,71,71,71,71,71,71,71,71,71,71,71,71,71,71,71,71,71,71],"card_choices":[{"not_picked":["Go for the Eyes","Barrage"],"picked":"Tempest","floor":1},{"not_picked":["Storm","Cold Snap"],"picked":"Glacier","floor":2},{"not_picked":["Skim","jedi:sharpshooter"],"picked":"Cold Snap","floor":3},{"not_picked":["Fusion","Ball Lightning"],"picked":"Consume","floor":4},{"not_picked":["Gash","Steam Power"],"picked":"Self Repair","floor":7},{"not_picked":["jedi:darknesscall","Double Energy","Redo"],"picked":"SKIP","floor":10},{"not_picked":["Coolheaded","Redo"],"picked":"Rip and Tear","floor":11},{"not_picked":["Chill","Barrage"],"picked":"Go for the Eyes","floor":13},{"not_picked":["Streamline","Stack"],"picked":"Recycle","floor":14},{"not_picked":["Amplify","Multi-Cast"],"picked":"Biased Cognition","floor":16},{"not_picked":["jedi:BurstLightning+1","Hologram"],"picked":"Conserve Battery","floor":18},{"not_picked":["Go for the Eyes","jedi:BurstFrost"],"picked":"Skim+1","floor":20}],"player_experience":1950300,"relics_obtained":[{"floor":7,"key":"StoneCalendar"},{"floor":9,"key":"HornCleat"},{"floor":10,"key":"jedi:laserpointer"}],"event_choices":[{"damage_healed":0,"gold_gain":0,"player_choice":"Read","damage_taken":0,"max_hp_gain":0,"max_hp_loss":0,"event_name":"The Library","floor":19,"gold_loss":0,"cards_obtained":["jedi:overflow"]},{"damage_healed":0,"gold_gain":0,"player_choice":"Opened","damage_taken":0,"relics_obtained":["Calipers"],"max_hp_gain":0,"max_hp_loss":0,"event_name":"The Mausoleum","floor":21,"gold_loss":0,"cards_obtained":["Writhe"]},{"damage_healed":0,"gold_gain":0,"player_choice":"Ignored","damage_taken":0,"max_hp_gain":0,"max_hp_loss":0,"event_name":"Ghosts","floor":22,"gold_loss":0}],"is_beta":false,"boss_relics":[{"not_picked":["Tiny House","Runic Dome"],"picked":"Empty Cage"}],"items_purged_floors":[],"is_endless":false,"potions_floor_spawned":[1,3,4,10,14,20],"killed_by":"Gremlin Leader","ascension_level":20}}