{"host":"hf83sijwe64ts2lm","time":1612633334,"event":{"mods":["2.2 Compatiblity","BaseMod","Better Altar","Better Match","Better Note","Better Sensory Stone","Better Skull","Better Third Choice","Colored Map","Colored Powertips","Highlight Path","Hubris","Infinite Spire","Minty Spire (QoL Compilation)","Quick Restart","Rare Cards Sparkle","Relic Stats","Reliquary","Replay The Spire","Shop Mod","Spicy Shops","Spire Arcade","StSLib","Thieving Mod"],"gold_per_floor":[118,0,0,0,11,36,36,69,92,111,203,203,236,251,251,352,352,364,378,62,62,62,62,62],"floor_reached":23,"language":"ENG","playtime":462,"items_purged":[],"score":296,"play_id":"93fba473-5d3a-4e2e-a748-2bed2c2e73dc","local_time":"20210206124214","is_ascension_mode":true,"campfire_choices":[{"data":"Poison Darts","floor":7,"key":"SMITH"},{"data":"ReplayTheSpireMod:Shiv Toss","floor":12,"key":"SMITH"},{"floor":15,"key":"DIG"}],"circlet_count":0,"master_deck":["Strike_G","Strike_G","Strike_G","Strike_G","Strike_G","Defend_G+1","Defend_G","Defend_G+1","Defend_G","Defend_G","Survivor","Neutralize","Blade Dance","Infinite Blades","Cloak And Dagger","Cloak And Dagger","Deflect","Poison Darts+1","Toxin Wave","Replay:Poison Smokescreen","Flying Knee","Footwork","Caltrops","infinitespire:Neurotoxin","Outmaneuver","Masterful Stab+1","Accuracy","ReplayTheSpireMod:Private Reserves","Catalyst"],"relics":["Sizzling Blood","NeowsBlessing","infinitespire:Cubic Diamond","Replay:Wax Seal","ReplayTheSpireMod:Lightbulb","infinitespire:PuzzleCube","Pear","Simple Rune","reliquary:WeakTea","hubris:Icosahedron"],"acts_visited":["Exordium","TheCity"],"potions_floor_usage":[13,13,13,14],"damage_taken":[{"damage":0,"enemies":"Cultist","floor":1,"turns":1},{"damage":0,"enemies":"Jaw Worm","floor":5,"turns":1},{"damage":0,"enemies":"Replay:BlueRogue","floor":6,"turns":1},{"damage":0,"enemies":"3 Sentries","floor":8,"turns":1},{"damage":0,"enemies":"Small Slimes","floor":10,"turns":2},{"damage":25,"enemies":"Gremlin Nob","floor":13,"turns":4},{"damage":5,"enemies":"3 Louse","floor":14,"turns":3},{"damage":40,"enemies":"Slime Boss","floor":16,"turns":11},{"damage":27,"enemies":"Chosen","floor":18,"turns":6},{"damage":27,"enemies":"3 Byrds","floor":19,"turns":5},{"damage":35,"enemies":"Book of Stabbing","floor":23,"turns":4}],"seed_played":"-5273044270195367458","potions_obtained":[{"floor":1,"key":"SkillPotion"},{"floor":6,"key":"Adrenaline Potion"},{"floor":10,"key":"AttackPotion"},{"floor":13,"key":"EssenceOfSteel"}],"is_trial":false,"path_per_floor":["M","$","?","?","M","E","R","E","T","M","?","R","E","M","R_BF","B",null,"M","M","$","?","?","E"],"character_chosen":"THE_SILENT","items_purchased":["Infinite Blades","Cloak And Dagger","Accuracy","ReplayTheSpireMod:Private Reserves","reliquary:WeakTea"],"campfire_rested":0,"item_purchase_floors":[2,2,20,20,20],"current_hp_per_floor":[70,70,70,53,57,61,61,65,65,69,69,69,58,57,57,21,80,57,34,34,34,34,0,0],"gold":62,"neow_bonus":"THREE_ENEMY_KILL","is_daily":false,"chose_seed":false,"campfire_upgraded":2,"win_rate":0.0,"timestamp":1612633334,"path_taken":["M","$","?","?","M","E","R","E","T","M","?","R","E","M","R_BF","BOSS","M","M","$","?","?","E"],"items_purchased_type":["Card","Card","Card","Card","Relic"],"build_version":"2020-12-22","purchased_purges":0,"victory":false,"max_hp_per_floor":[70,70,70,70,70,70,70,70,70,70,70,70,80,80,80,80,80,80,80,80,80,80,80,80],"relic_stats":{"counters":[11,39],"obtain_stats":[{"Pear":13,"hubris:Icosahedron":21,"NeowsBlessing":0,"Simple Rune":15,"infinitespire:Cubic Diamond":3,"Sizzling Blood":3,"reliquary:WeakTea":20,"Replay:Wax Seal":6,"ReplayTheSpireMod:Lightbulb":8,"infinitespire:PuzzleCube":11,"Ring of the Snake":0},{"Pear":6,"hubris:Icosahedron":10,"NeowsBlessing":0,"Simple Rune":7,"infinitespire:Cubic Diamond":1,"Sizzling Blood":1,"reliquary:WeakTea":10,"Replay:Wax Seal":3,"ReplayTheSpireMod:Lightbulb":4,"infinitespire:PuzzleCube":5,"Ring of the Snake":0},{"Pear":10,"hubris:Icosahedron":35,"NeowsBlessing":0,"Simple Rune":13,"infinitespire:Cubic Diamond":1,"Sizzling Blood":1,"reliquary:WeakTea":35,"Replay:Wax Seal":3,"ReplayTheSpireMod:Lightbulb":4,"infinitespire:PuzzleCube":6,"Ring of the Snake":0}]},"card_choices":[{"not_picked":["Acrobatics","Flying Knee"],"picked":"Blade Dance","floor":1},{"not_picked":["Replay:Fractal Strike","infinitespire:Menacing"],"picked":"infinitespire:SealOfDarkness+","floor":4},{"not_picked":["Replay:Poison Smokescreen","Flying Knee"],"picked":"Deflect","floor":5},{"not_picked":["Concentrate","Sneak Up"],"picked":"Poison Darts","floor":6},{"not_picked":["Poison Darts","Flying Knee"],"picked":"Toxin Wave","floor":8},{"not_picked":["Outmaneuver","Dash"],"picked":"Replay:Poison Smokescreen","floor":10},{"not_picked":["Outmaneuver","hubris:Sniper"],"picked":"Flying Knee","floor":11},{"not_picked":["Poisoned Stab","Flying Knee"],"picked":"ReplayTheSpireMod:Shiv Toss","floor":11},{"not_picked":["Flying Knee","Well Laid Plans"],"picked":"Footwork","floor":13},{"not_picked":["Masterful Stab","Burst"],"picked":"Caltrops","floor":14},{"not_picked":["Corpse Explosion","Malaise"],"picked":"infinitespire:Neurotoxin","floor":16},{"not_picked":["Predator+1","Setup"],"picked":"Outmaneuver","floor":18},{"not_picked":["hubris:SlightOfHand","Backflip"],"picked":"Masterful Stab+1","floor":19}],"player_experience":143360,"relics_obtained":[{"floor":6,"key":"Replay:Wax Seal"},{"floor":8,"key":"ReplayTheSpireMod:Lightbulb"},{"floor":11,"key":"infinitespire:PuzzleCube"},{"floor":13,"key":"Pear"},{"floor":15,"key":"Simple Rune"}],"event_choices":[{"damage_healed":0,"gold_gain":0,"cards_transformed":["ReplayTheSpireMod:Shiv Toss"],"player_choice":"Transformed","damage_taken":0,"max_hp_gain":0,"max_hp_loss":0,"event_name":"Transmorgrifier","floor":22,"gold_loss":0,"cards_obtained":["Catalyst"]}],"is_beta":false,"boss_relics":[{"not_picked":["reliquary:Craggleroot","Snecko Eye","Replay:Wanted Poster"]}],"items_purged_floors":[],"is_endless":false,"potions_floor_spawned":[1,6,10,13],"killed_by":"Book of Stabbing","ascension_level":3}}