{"host":"bnpj5ln693dhfj4y","time":1612606950,"event":{"mods":["AchievementEnabler","BaseMod","Colored Map","Colored Powertips","DeckTracker","Minty Spire (QoL Compilation)","Weighted Paths"],"gold_per_floor":[113,113,138,161,236,236,275,275,275,296,296,310,310,333,333,453,453,467,566,546,560,583,583,583],"floor_reached":23,"language":"ENG","playtime":1490,"items_purged":[],"score":273,"play_id":"166661f0-0550-4038-89f4-ccc99a03d0ea","local_time":"20210206112230","is_ascension_mode":true,"campfire_choices":[{"data":"Battle Trance","floor":6,"key":"SMITH"},{"data":"Inflame","floor":8,"key":"SMITH"},{"data":"Seeing Red","floor":13,"key":"SMITH"},{"data":"Uppercut","floor":15,"key":"SMITH"}],"circlet_count":0,"master_deck":["Strike_R","Strike_R","Strike_R","Strike_R","Defend_R","Defend_R","Defend_R","Defend_R","Bash","Bludgeon","Thunderclap","Battle Trance+1","Inflame+1","Pommel Strike","Seeing Red+1","Uppercut+1","Demon Form","Iron Wave+1"],"relics":["Burning Blood","Golden Idol","TungstenRod","Gambling Chip","Philosopher\u0027s Stone"],"acts_visited":["Exordium","TheCity"],"potions_floor_usage":[7,12,22,23],"damage_taken":[{"damage":3,"enemies":"Jaw Worm","floor":1,"turns":4},{"damage":2,"enemies":"2 Louse","floor":3,"turns":3},{"damage":0,"enemies":"Cultist","floor":4,"turns":2},{"damage":0,"enemies":"Gremlin Nob","floor":7,"turns":2},{"damage":13,"enemies":"Red Slaver","floor":10,"turns":4},{"damage":1,"enemies":"Exordium Wildlife","floor":12,"turns":3},{"damage":9,"enemies":"Gremlin Gang","floor":14,"turns":5},{"damage":22,"enemies":"The Guardian","floor":16,"turns":9},{"damage":0,"enemies":"Spheric Guardian","floor":18,"turns":3},{"damage":3,"enemies":"Chosen","floor":21,"turns":4},{"damage":25,"enemies":"Shelled Parasite and Fungi","floor":22,"turns":3},{"damage":56,"enemies":"Slavers","floor":23,"turns":2}],"seed_played":"9060360395111986630","potions_obtained":[{"floor":1,"key":"SneckoOil"},{"floor":4,"key":"Dexterity Potion"},{"floor":10,"key":"BlessingOfTheForge"},{"floor":12,"key":"AttackPotion"},{"floor":20,"key":"Strength Potion"}],"is_trial":false,"path_per_floor":["M","?","M","M","?","R","E","R","T","M","?","M","R","M","R","B",null,"M","?","?","M","M","E"],"character_chosen":"IRONCLAD","items_purchased":[],"campfire_rested":0,"item_purchase_floors":[],"current_hp_per_floor":[80,74,74,74,63,63,69,69,69,62,62,67,67,64,64,48,68,74,74,74,74,55,0,0],"gold":583,"neow_bonus":"ONE_RANDOM_RARE_CARD","is_daily":false,"chose_seed":false,"campfire_upgraded":4,"win_rate":0.0,"timestamp":1612606950,"path_taken":["M","?","M","M","?","R","E","R","T","M","?","?","R","M","R","BOSS","M","?","?","M","M","E"],"items_purchased_type":[],"build_version":"2020-12-22","purchased_purges":0,"victory":false,"max_hp_per_floor":[80,74,74,74,74,74,74,74,74,74,74,74,74,74,74,74,74,74,74,74,74,74,74,74],"card_choices":[{"not_picked":["Dropkick","Second Wind"],"picked":"Thunderclap","floor":1},{"not_picked":["Perfected Strike","Iron Wave"],"picked":"Battle Trance","floor":3},{"not_picked":["Power Through","Iron Wave"],"picked":"Inflame","floor":4},{"not_picked":["Hemokinesis","Armaments"],"picked":"Pommel Strike","floor":7},{"not_picked":["Wild Strike","Clothesline"],"picked":"Seeing Red","floor":10},{"not_picked":["Thunderclap","Rage"],"picked":"Uppercut","floor":12},{"not_picked":["Hemokinesis","Carnage","Thunderclap"],"picked":"SKIP","floor":14},{"not_picked":["Brutality","Reaper"],"picked":"Demon Form","floor":16},{"not_picked":["Searing Blow+1","Pommel Strike"],"picked":"Iron Wave+1","floor":18},{"not_picked":["Searing Blow","Warcry","Iron Wave"],"picked":"SKIP","floor":21},{"not_picked":["Warcry","Battle Trance","Perfected Strike"],"picked":"SKIP","floor":22}],"player_experience":344057,"relics_obtained":[{"floor":7,"key":"TungstenRod"},{"floor":9,"key":"Gambling Chip"}],"event_choices":[{"damage_healed":0,"gold_gain":0,"player_choice":"Lose Max HP","damage_taken":0,"relics_obtained":["Golden Idol"],"max_hp_gain":0,"max_hp_loss":6,"event_name":"Golden Idol","floor":2,"gold_loss":0},{"damage_healed":0,"gold_gain":75,"player_choice":"Gather Gold","damage_taken":11,"max_hp_gain":0,"max_hp_loss":0,"event_name":"World of Goop","floor":5,"gold_loss":0},{"cards_removed":["Strike_R"],"damage_healed":0,"gold_gain":0,"player_choice":"Offered Basic","damage_taken":0,"max_hp_gain":0,"max_hp_loss":0,"event_name":"Bonfire Elementals","floor":11,"gold_loss":0},{"damage_healed":0,"gold_gain":99,"player_choice":"Stole From Cult","damage_taken":0,"max_hp_gain":0,"max_hp_loss":0,"event_name":"Nest","floor":19,"gold_loss":0},{"damage_healed":0,"gold_gain":0,"player_choice":"Bought 1 Potion","damage_taken":0,"max_hp_gain":0,"max_hp_loss":0,"event_name":"The Woman in Blue","floor":20,"gold_loss":0}],"is_beta":false,"boss_relics":[{"not_picked":["Runic Dome","Runic Cube"],"picked":"Philosopher\u0027s Stone"}],"items_purged_floors":[],"is_endless":false,"potions_floor_spawned":[1,4,10,12],"killed_by":"Slavers","ascension_level":5}}