{"host":"3jjxuhjpio8e4zkv","time":1612636936,"event":{"mods":["BaseMod","Colored Map","Highlight Path","Minty Spire (QoL Compilation)","Permanent Neow","Relic Stats","StSLib"],"gold_per_floor":[116,134,150,164,180,215,215,248,274,288,288,288,288,308,308,403,403,377,377,395,395,6,6,21,21,21,62,93,140,132,169,181,292,304,329,341,367,399,38,38,38],"floor_reached":40,"language":"ENG","playtime":4325,"items_purged":["Bite","Predator+1"],"score":905,"play_id":"69aae808-f054-4136-85a7-85f546901e22","local_time":"20210206134216","is_ascension_mode":true,"campfire_choices":[{"data":"Predator","floor":7.0,"key":"SMITH"},{"data":"Caltrops","floor":12.0,"key":"SMITH"},{"data":"Noxious Fumes","floor":15.0,"key":"SMITH"},{"data":"Phantasmal Killer","floor":23.0,"key":"SMITH"},{"data":"Crippling Poison","floor":25.0,"key":"SMITH"},{"data":"Noxious Fumes","floor":32.0,"key":"SMITH"}],"circlet_count":0,"master_deck":["AscendersBane","Defend_G","Defend_G","Defend_G","Defend_G","Defend_G","Survivor","Neutralize","Flying Knee","Blade Dance","Noxious Fumes+1","Caltrops+1","Flying Knee","Acrobatics","Phantasmal Killer+1","Crippling Poison+1","Bite","Bite","Bite","Bite","Leg Sweep","Blur","Noxious Fumes+1","Bullet Time","Leg Sweep+1","Dodge and Roll+1","Prepared+1"],"relics":["Ring of the Snake","Nunchaku","Boot","Meat on the Bone","Art of War","Golden Idol","Runic Pyramid","Turnip","Kunai","MawBank","Snake Skull","Sozu","Mummified Hand"],"acts_visited":["Exordium","TheCity","TheBeyond"],"potions_floor_usage":[40,40],"damage_taken":[{"damage":6.0,"enemies":"Small Slimes","floor":1.0,"turns":6.0},{"damage":1.0,"enemies":"Jaw Worm","floor":2.0,"turns":5.0},{"damage":0.0,"enemies":"2 Louse","floor":3.0,"turns":2.0},{"damage":14.0,"enemies":"Exordium Thugs","floor":4.0,"turns":3.0},{"damage":5.0,"enemies":"Gremlin Gang","floor":5.0,"turns":4.0},{"damage":17.0,"enemies":"3 Sentries","floor":6.0,"turns":7.0},{"damage":4.0,"enemies":"Lagavulin","floor":8.0,"turns":7.0},{"damage":7.0,"enemies":"3 Louse","floor":10.0,"turns":3.0},{"damage":2.0,"enemies":"Looter","floor":14.0,"turns":3.0},{"damage":11.0,"enemies":"Hexaghost","floor":16.0,"turns":8.0},{"damage":16.0,"enemies":"2 Thieves","floor":18.0,"turns":4.0},{"damage":0.0,"enemies":"Spheric Guardian","floor":20.0,"turns":2.0},{"damage":37.0,"enemies":"Cultist and Chosen","floor":24.0,"turns":8.0},{"damage":20.0,"enemies":"Book of Stabbing","floor":27.0,"turns":5.0},{"damage":18.0,"enemies":"Snecko","floor":28.0,"turns":6.0},{"damage":49.0,"enemies":"Gremlin Leader","floor":29.0,"turns":9.0},{"damage":0.0,"enemies":"Snake Plant","floor":31.0,"turns":5.0},{"damage":29.0,"enemies":"Automaton","floor":33.0,"turns":11.0},{"damage":17.0,"enemies":"3 Darklings","floor":35.0,"turns":4.0},{"damage":9.0,"enemies":"3 Shapes","floor":37.0,"turns":5.0},{"damage":8.0,"enemies":"3 Darklings","floor":38.0,"turns":5.0},{"damage":41,"enemies":"Giant Head","floor":40,"turns":8}],"seed_played":"1680840608320172032","potions_obtained":[{"floor":2.0,"key":"Dexterity Potion"},{"floor":3.0,"key":"Strength Potion"},{"floor":5.0,"key":"ColorlessPotion"},{"floor":8.0,"key":"GhostInAJar"},{"floor":16.0,"key":"Fruit Juice"},{"floor":20.0,"key":"EssenceOfSteel"},{"floor":27.0,"key":"Regen Potion"},{"floor":29.0,"key":"Strength Potion"},{"floor":30.0,"key":"SpeedPotion"}],"is_trial":false,"path_per_floor":["M","M","M","M","M","E","R","E","T","M","?","R","?","M","R","B",null,"M","?","M","?","$","R","M","R","T","E","M","E","?","M","R","B",null,"M","$","M","M","$","E"],"character_chosen":"THE_SILENT","items_purchased":["Turnip","Mummified Hand"],"campfire_rested":0,"item_purchase_floors":[22,39],"current_hp_per_floor":[53,52,52,38,33,16,16,12,12,17,17,17,17,27,27,28,52,36,36,41,41,41,41,30,30,30,30,32,24,24,36,36,27,41,30,30,27,29,29,0,0],"gold":38,"neow_bonus":"RANDOM_COMMON_RELIC","is_daily":false,"chose_seed":false,"campfire_upgraded":6,"win_rate":0.0,"timestamp":1612636936,"path_taken":["M","M","M","M","M","E","R","E","T","M","?","R","?","M","R","BOSS","M","?","M","?","$","R","M","R","T","E","M","E","?","M","R","BOSS","M","$","M","M","$","E"],"items_purchased_type":["Relic","Relic"],"build_version":"2020-12-22","purchased_purges":2,"victory":false,"max_hp_per_floor":[66,66,66,66,66,66,66,66,66,66,66,66,60,60,60,60,60,60,60,65,45,45,45,45,45,45,45,45,45,45,45,45,45,45,45,45,45,45,45,45,45],"relic_stats":{"counters":[22,120],"Golden Idol":87,"Snake Skull":[48],"Boot":[92],"MawBank":144,"Sozu":3,"Nunchaku":[26],"Mummified Hand":[6],"Turnip":[6],"Art of War":[16],"Kunai":[25],"obtain_stats":[{"Golden Idol":13,"Snake Skull":29,"Boot":6,"MawBank":27,"Sozu":34,"Nunchaku":0,"Mummified Hand":39,"Turnip":22,"Art of War":9,"Kunai":26,"Ring of the Snake":0,"Meat on the Bone":8,"Runic Pyramid":17},{"Golden Idol":8,"Snake Skull":16,"Boot":6,"MawBank":14,"Sozu":18,"Nunchaku":0,"Mummified Hand":21,"Turnip":12,"Art of War":7,"Kunai":13,"Ring of the Snake":0,"Meat on the Bone":7,"Runic Pyramid":10},{"Golden Idol":37,"Snake Skull":82,"Boot":27,"MawBank":67,"Sozu":98,"Nunchaku":0,"Mummified Hand":112,"Turnip":54,"Art of War":34,"Kunai":62,"Ring of the Snake":0,"Meat on the Bone":34,"Runic Pyramid":48}],"Ring of the Snake":[44],"Meat on the Bone":84},"card_choices":[{"not_picked":["Cloak And Dagger","Slice"],"picked":"Predator","floor":1.0},{"not_picked":["Well Laid Plans","Deadly Poison"],"picked":"Flying Knee","floor":2.0},{"not_picked":["Backflip","Accuracy"],"picked":"Blade Dance","floor":3.0},{"not_picked":["Cloak And Dagger","Deflect"],"picked":"Noxious Fumes","floor":4.0},{"not_picked":["Dodge and Roll","Deflect"],"picked":"Caltrops","floor":5.0},{"not_picked":["Bullet Time","Dodge and Roll","Quick Slash"],"picked":"SKIP","floor":6.0},{"not_picked":["Concentrate","Reflex"],"picked":"Flying Knee","floor":8.0},{"not_picked":["Flechettes","Dodge and Roll","Cloak And Dagger"],"picked":"SKIP","floor":10.0},{"not_picked":["PiercingWail","Dodge and Roll"],"picked":"Acrobatics","floor":14.0},{"not_picked":["A Thousand Cuts","Glass Knife"],"picked":"Phantasmal Killer","floor":16.0},{"not_picked":["Choke","All Out Attack","Prepared"],"picked":"SKIP","floor":18.0},{"not_picked":["Prepared","Deadly Poison"],"picked":"Crippling Poison","floor":20.0},{"not_picked":["Outmaneuver","Quick Slash","Dodge and Roll"],"picked":"SKIP","floor":24.0},{"not_picked":["Distraction","Deflect"],"picked":"Leg Sweep","floor":27.0},{"not_picked":["Underhanded Strike","All Out Attack","Dash"],"picked":"SKIP","floor":28.0},{"not_picked":["Setup+1","Phantasmal Killer"],"picked":"Blur","floor":29.0},{"not_picked":["Dagger Spray","Deflect"],"picked":"Noxious Fumes","floor":31.0},{"not_picked":["Die Die Die","Night Terror"],"picked":"Bullet Time","floor":33.0},{"not_picked":["Predator+1","Crippling Poison"],"picked":"Leg Sweep+1","floor":35.0},{"not_picked":["Acrobatics","Dagger Throw+1"],"picked":"Dodge and Roll+1","floor":37.0},{"not_picked":["Concentrate","Bouncing Flask"],"picked":"Prepared+1","floor":38.0}],"player_experience":1259414,"relics_obtained":[{"floor":6.0,"key":"Boot"},{"floor":8.0,"key":"Meat on the Bone"},{"floor":9.0,"key":"Art of War"},{"floor":26.0,"key":"Kunai"},{"floor":27.0,"key":"MawBank"},{"floor":29.0,"key":"Snake Skull"}],"event_choices":[{"damage_healed":0.0,"max_hp_gain":0.0,"max_hp_loss":0.0,"gold_gain":0.0,"event_name":"Liars Game","player_choice":"Ignored","floor":11.0,"gold_loss":0.0,"damage_taken":0.0},{"damage_healed":0.0,"max_hp_gain":0.0,"max_hp_loss":6.0,"gold_gain":0.0,"event_name":"Golden Idol","player_choice":"Lose Max HP","floor":13.0,"gold_loss":0.0,"damage_taken":0.0,"relics_obtained":["Golden Idol"]},{"damage_healed":0.0,"max_hp_gain":0.0,"max_hp_loss":0.0,"gold_gain":0.0,"event_name":"The Mausoleum","player_choice":"Ignored","floor":19.0,"gold_loss":0.0,"damage_taken":0.0},{"damage_healed":0.0,"max_hp_gain":0.0,"max_hp_loss":20.0,"gold_gain":0.0,"event_name":"Vampires","player_choice":"Became a vampire","floor":21.0,"gold_loss":0.0,"damage_taken":0.0,"cards_obtained":["Bite","Bite","Bite","Bite","Bite"]},{"damage_healed":0.0,"max_hp_gain":0.0,"max_hp_loss":0.0,"gold_gain":0.0,"event_name":"The Woman in Blue","player_choice":"Bought 1 Potion","floor":30.0,"gold_loss":0.0,"damage_taken":0.0}],"is_beta":false,"boss_relics":[{"not_picked":["Philosopher\u0027s Stone","Astrolabe"],"picked":"Runic Pyramid"},{"not_picked":["Ring of the Serpent","Tiny House"],"picked":"Sozu"}],"items_purged_floors":[22,39],"is_endless":false,"potions_floor_spawned":[2,3,5,8,16,20,27,29,33,35,37,38],"killed_by":"Giant Head","ascension_level":20}}