{"host":"2lo6hma6kymb0g9i","time":1612592145,"event":{"mods":["BaseMod","Colored Map","DeckTracker","Minty Spire (QoL Compilation)"],"gold_per_floor":[114,128,128,128,139,174,174,184,184,32,58,58,58,58,58,134,134,152,152,172,172,184,195,195,31,82,82,102,118,118,118],"floor_reached":30,"language":"JPN","playtime":1611,"items_purged":["Strike_R"],"score":480,"play_id":"d959281c-c729-4243-bb4f-b5bdaa6c4dc2","local_time":"20210206151545","is_ascension_mode":true,"campfire_choices":[{"data":"Body Slam","floor":7.0,"key":"SMITH"},{"data":"Shrug It Off","floor":13.0,"key":"SMITH"},{"data":"Bash","floor":15.0,"key":"SMITH"},{"data":"Dark Embrace","floor":24.0,"key":"SMITH"},{"data":"True Grit","floor":27.0,"key":"SMITH"}],"circlet_count":0,"master_deck":["AscendersBane","Strike_R","Strike_R","Defend_R","Defend_R","Defend_R","Defend_R","Bash+1","Power Through","Body Slam+1","Feel No Pain","Shrug It Off+1","Fire Breathing","Fiend Fire","Dark Embrace+1","Impervious","Ghostly Armor","True Grit+1","Shrug It Off"],"relics":["Burning Blood","NeowsBlessing","Potion Belt","Akabeko","Ornamental Fan","Eternal Feather","Black Star","Membership Card","Red Skull"],"acts_visited":["Exordium","TheCity"],"potions_floor_usage":[30],"damage_taken":[{"damage":0.0,"enemies":"Cultist","floor":1.0,"turns":1.0},{"damage":0.0,"enemies":"Jaw Worm","floor":2.0,"turns":1.0},{"damage":0.0,"enemies":"Small Slimes","floor":5.0,"turns":1.0},{"damage":30.0,"enemies":"Lagavulin","floor":6.0,"turns":8.0},{"damage":3.0,"enemies":"Looter","floor":8.0,"turns":3.0},{"damage":12.0,"enemies":"3 Sentries","floor":11.0,"turns":7.0},{"damage":52.0,"enemies":"The Guardian","floor":16.0,"turns":16.0},{"damage":17.0,"enemies":"3 Byrds","floor":18.0,"turns":5.0},{"damage":0.0,"enemies":"Chosen","floor":20.0,"turns":5.0},{"damage":25.0,"enemies":"Snake Plant","floor":22.0,"turns":6.0},{"damage":14.0,"enemies":"Centurion and Healer","floor":23.0,"turns":8.0},{"damage":5.0,"enemies":"Snecko","floor":28.0,"turns":10.0},{"damage":1.0,"enemies":"Snake Plant","floor":29.0,"turns":3.0},{"damage":39,"enemies":"Book of Stabbing","floor":30,"turns":5}],"seed_played":"141723149227021422","potions_obtained":[{"floor":1.0,"key":"AttackPotion"},{"floor":2.0,"key":"CultistPotion"},{"floor":3.0,"key":"FairyPotion"},{"floor":6.0,"key":"SneckoOil"},{"floor":23.0,"key":"SkillPotion"},{"floor":28.0,"key":"Block Potion"},{"floor":29.0,"key":"Ancient Potion"}],"is_trial":false,"path_per_floor":["M","M","?","$","M","E","R","M","T","$","E","?","R","?","R","B",null,"M","?","M","?","M","M","R","$","T","R","M","M","E"],"character_chosen":"IRONCLAD","items_purchased":["Fire Breathing","Membership Card"],"campfire_rested":0,"item_purchase_floors":[10,25],"current_hp_per_floor":[74,75,75,75,75,51,51,54,54,54,48,53,53,48,57,11,63,52,52,58,58,39,31,40,40,40,49,50,55,16,16],"gold":118,"neow_bonus":"THREE_ENEMY_KILL","is_daily":false,"chose_seed":false,"campfire_upgraded":5,"win_rate":0.0,"timestamp":1612592145,"path_taken":["M","M","?","$","?","E","R","M","T","$","E","?","R","?","R","BOSS","M","?","?","?","M","M","R","$","T","R","?","M","E"],"items_purchased_type":["Card","Relic"],"build_version":"2020-12-22","purchased_purges":1,"victory":false,"max_hp_per_floor":[75,75,75,75,75,75,75,75,75,75,75,80,80,80,80,80,80,80,80,80,80,80,80,80,80,80,80,80,80,80,80],"card_choices":[{"not_picked":["Thunderclap","Perfected Strike"],"picked":"Power Through","floor":1.0},{"not_picked":["Flex","Heavy Blade","Power Through"],"picked":"SKIP","floor":2.0},{"not_picked":["Wild Strike","Havoc"],"picked":"Body Slam","floor":5.0},{"not_picked":["Shrug It Off","Carnage"],"picked":"Feel No Pain","floor":6.0},{"not_picked":["Sword Boomerang","Warcry"],"picked":"Shrug It Off","floor":8.0},{"not_picked":["Iron Wave","Twin Strike","Rupture"],"picked":"SKIP","floor":11.0},{"not_picked":["Double Tap","Juggernaut"],"picked":"Fiend Fire","floor":16.0},{"not_picked":["Armaments","Twin Strike"],"picked":"Dark Embrace","floor":18.0},{"not_picked":["Anger","Wild Strike","Headbutt"],"picked":"SKIP","floor":20.0},{"not_picked":["Inflame","Intimidate+1"],"picked":"Ghostly Armor","floor":22.0},{"not_picked":["Anger","Dual Wield"],"picked":"True Grit","floor":23.0},{"not_picked":["Twin Strike","Anger"],"picked":"Shrug It Off","floor":28.0},{"not_picked":["Havoc","Heavy Blade","Rage"],"picked":"SKIP","floor":29.0}],"player_experience":1127006,"relics_obtained":[{"floor":6.0,"key":"Potion Belt"},{"floor":9.0,"key":"Akabeko"},{"floor":11.0,"key":"Ornamental Fan"},{"floor":26.0,"key":"Red Skull"}],"event_choices":[{"damage_healed":0.0,"max_hp_gain":0.0,"max_hp_loss":0.0,"gold_gain":0.0,"event_name":"Lab","player_choice":"Got Potions","floor":3.0,"gold_loss":0.0,"damage_taken":0.0},{"damage_healed":0.0,"max_hp_gain":5.0,"max_hp_loss":0.0,"gold_gain":0.0,"event_name":"Big Fish","player_choice":"Donut","floor":12.0,"gold_loss":0.0,"damage_taken":0.0},{"damage_healed":0.0,"max_hp_gain":0.0,"max_hp_loss":0.0,"gold_gain":0.0,"event_name":"Scrap Ooze","player_choice":"Success","floor":14.0,"gold_loss":0.0,"damage_taken":5.0,"relics_obtained":["Eternal Feather"]},{"damage_healed":0.0,"max_hp_gain":0.0,"max_hp_loss":0.0,"gold_gain":0.0,"cards_transformed":["Strike_R"],"event_name":"Transmorgrifier","player_choice":"Transformed","floor":19.0,"gold_loss":0.0,"damage_taken":0.0,"cards_obtained":["Impervious"]},{"cards_removed":["Strike_R"],"damage_healed":0.0,"max_hp_gain":0.0,"max_hp_loss":0.0,"gold_gain":0.0,"event_name":"Purifier","player_choice":"Purged","floor":21.0,"gold_loss":0.0,"damage_taken":0.0}],"is_beta":false,"boss_relics":[{"not_picked":["Velvet Choker","Ectoplasm"],"picked":"Black Star"}],"items_purged_floors":[10],"is_endless":false,"potions_floor_spawned":[1,2,6,23,28,29],"killed_by":"Book of Stabbing","ascension_level":20}}