{"host":"mg3e76uznu9x14du","time":1612603967,"event":{"mods":["BaseMod","Colored Map","Downfall","Minty Spire (QoL Compilation)","Permanent Neow","Relic Stats","Spire Arcade","StSLib","Waifu the Spire","everything is the same but u backflip on backflip"],"gold_per_floor":[199,219,234,259,274,174,174,199,211,111,286,286,316,30,47,47,47,47],"floor_reached":16,"language":"ENG","playtime":899,"items_purged":[],"score":132,"play_id":"c36720b5-ecda-4bf9-a989-e6eac20eedd0","local_time":"20210206043247","is_ascension_mode":true,"campfire_choices":[{"floor":1,"key":"RECALL"},{"data":"champ:Taunt","floor":6,"key":"SMITH"},{"data":"champ:SetATrap","floor":10,"key":"SMITH"},{"data":"champ:Circumvent","floor":12,"key":"SMITH"}],"circlet_count":0,"master_deck":["champ:Strike","champ:Strike","champ:Strike","champ:Strike","champ:Defend","champ:Defend","champ:Defend","champ:Defend","champ:Execute","champ:Taunt+1","champ:GutPunch","champ:Circumvent+1","champ:EnGarde","champ:Parry","champ:SetATrap+1","champ:ArenaPreparation","champ:AdrenalArmor","champ:DefensiveShout","champ:BerserkerStyle","champ:BerserkersShout"],"relics":["champ:ChampionCrown","Omamori","downfall:HeartBlessingRed","Thread and Needle","downfall:HeartBlessingBlue","MealTicket","champ:Barbells"],"acts_visited":["Exordium"],"potions_floor_usage":[9,13,15],"damage_taken":[{"damage":25,"enemies":"Cultist","floor":2,"turns":5},{"damage":25,"enemies":"Jaw Worm","floor":3,"turns":5},{"damage":10,"enemies":"2 Louse","floor":5,"turns":3},{"damage":73,"enemies":"Lagavulin","floor":8,"turns":10},{"damage":15,"enemies":"2 Fungi Beasts","floor":9,"turns":4},{"damage":35,"enemies":"3 Sentries","floor":13,"turns":8},{"damage":25,"enemies":"downfall:FleeingMerchant","floor":14,"turns":4},{"damage":10,"enemies":"Blue Slaver","floor":15,"turns":3},{"damage":84,"enemies":"DF_ARCHETYPE_STREAMLINE","floor":16,"turns":8}],"seed_played":"-8141919375767858510","potions_obtained":[{"floor":5,"key":"PowerPotion"},{"floor":8,"key":"DuplicationPotion"},{"floor":13,"key":"Swift Potion"}],"is_trial":false,"path_per_floor":["R","M","M","T","M","R","T","E","M","R","?","R","E","$","M","B"],"character_chosen":"THE_CHAMP","items_purchased":["champ:Barbells","champ:DefensiveShout","champ:BerserkerStyle"],"campfire_rested":0,"item_purchase_floors":[14,14,14],"current_hp_per_floor":[90,90,85,85,85,85,85,52,52,62,62,62,47,62,62,0,0,0],"gold":47,"neow_bonus":"HUNDRED_GOLD","is_daily":false,"chose_seed":false,"campfire_upgraded":3,"win_rate":0.0,"timestamp":1612603967,"path_taken":["R","M","M","?","?","R","T","E","M","R","?","R","E","$","M","BOSS"],"items_purchased_type":["Relic","Card","Card"],"build_version":"2020-12-22","purchased_purges":0,"victory":false,"max_hp_per_floor":[90,90,90,90,90,90,90,90,90,100,100,100,100,100,100,100,100,100],"relic_stats":{"counters":[9,50],"MealTicket":15,"obtain_stats":[{"champ:Barbells":14,"downfall:HeartBlessingRed":6,"downfall:HeartBlessingBlue":10,"champ:ChampionCrown":0,"Thread and Needle":8,"MealTicket":13,"Omamori":4},{"champ:Barbells":7,"downfall:HeartBlessingRed":3,"downfall:HeartBlessingBlue":5,"champ:ChampionCrown":0,"Thread and Needle":4,"MealTicket":6,"Omamori":2},{"champ:Barbells":39,"downfall:HeartBlessingRed":13,"downfall:HeartBlessingBlue":27,"champ:ChampionCrown":0,"Thread and Needle":23,"MealTicket":35,"Omamori":10}]},"card_choices":[{"not_picked":["champ:FocusedDefense","champ:PerfectedStrike"],"picked":"champ:GutPunch","floor":2},{"not_picked":["champ:Haymaker","champ:DeathBlow"],"picked":"champ:Circumvent","floor":3},{"not_picked":["champ:Haymaker","champ:BladeFlurry"],"picked":"champ:EnGarde","floor":5},{"not_picked":["champ:Devastate","champ:SetATrap"],"picked":"champ:Parry","floor":8},{"not_picked":["champ:FocusedDefense","champ:TornadoPunch"],"picked":"champ:SetATrap","floor":9},{"not_picked":["champ:PerfectedStrike","champ:Circumvent"],"picked":"champ:ArenaPreparation","floor":13},{"not_picked":["champ:BladeFlurry","champ:FlashCut"],"picked":"champ:AdrenalArmor","floor":14},{"not_picked":["champ:PerfectedStrike","champ:BladeFlurry"],"picked":"champ:BerserkersShout","floor":15}],"player_experience":515591,"relics_obtained":[{"floor":4,"key":"Omamori"},{"floor":8,"key":"Thread and Needle"},{"floor":13,"key":"MealTicket"}],"event_choices":[],"is_beta":false,"boss_relics":[],"items_purged_floors":[],"is_endless":false,"potions_floor_spawned":[5,8,13],"killed_by":"DF_ARCHETYPE_STREAMLINE","ascension_level":4}}