{"host":"7gewg82ormp6yt4e","time":1612616069,"event":{"mods":["BaseMod","Block Reminder","Colored Map","DeckTracker","Highlight Path","Minty Spire (QoL Compilation)","Relic Stats","StSLib","ojb\u0027s Info Mod"],"gold_per_floor":[117,132,21,21,33,61,61,61,61,96,115,115,132,161,161,236,236,246,296,313,7,23,23,23,53,76,76,88,88,88,106,106,183,183,197,46,62,62,62,62,62,62],"floor_reached":41,"language":"JPN","playtime":3406,"items_purged":["WindmillStrike","SignatureMove"],"score":1033,"play_id":"5a4a26c9-1b92-42bd-aed9-47d0bf3199bc","local_time":"20210206215429","is_ascension_mode":true,"campfire_choices":[{"data":"BowlingBash","floor":7.0,"key":"SMITH"},{"data":"SashWhip","floor":12.0,"key":"SMITH"},{"data":"Eruption","floor":15.0,"key":"SMITH"},{"data":"Omniscience","floor":23.0,"key":"SMITH"},{"floor":27.0,"key":"REST"},{"data":"Fasting2","floor":29.0,"key":"SMITH"},{"data":"Protect","floor":32.0,"key":"SMITH"},{"floor":40,"key":"RECALL"}],"circlet_count":0,"master_deck":["AscendersBane","Eruption+1","Vigilance","MentalFortress+1","MentalFortress","EmptyFist","EmptyBody","SashWhip+1","BowlingBash+1","FlyingSleeves","InnerPeace","MentalFortress","Omniscience+1","WheelKick","Crescendo","Fasting2+1","Protect+1","ConjureBlade","DeceiveReality","DevaForm","FearNoEvil","MentalFortress+1","ThirdEye","Tantrum+1","Tantrum","Omniscience","Wireheading","Blind","FearNoEvil+1"],"relics":["PureWater","Pear","Omamori","Tiny Chest","The Courier","Pandora\u0027s Box","OrangePellets","Potion Belt","Pantograph","Blue Candle","VioletLotus"],"acts_visited":["Exordium","TheCity","TheBeyond"],"potions_floor_usage":[],"damage_taken":[{"damage":3.0,"enemies":"Small Slimes","floor":1.0,"turns":4.0},{"damage":2.0,"enemies":"2 Louse","floor":2.0,"turns":3.0},{"damage":0.0,"enemies":"Jaw Worm","floor":5.0,"turns":6.0},{"damage":0.0,"enemies":"Lagavulin","floor":6.0,"turns":8.0},{"damage":10.0,"enemies":"3 Sentries","floor":10.0,"turns":10.0},{"damage":1.0,"enemies":"2 Fungi Beasts","floor":11.0,"turns":3.0},{"damage":0.0,"enemies":"Large Slime","floor":13.0,"turns":4.0},{"damage":7.0,"enemies":"Lagavulin","floor":14.0,"turns":11.0},{"damage":0.0,"enemies":"Hexaghost","floor":16.0,"turns":7.0},{"damage":0.0,"enemies":"Chosen","floor":18.0,"turns":3.0},{"damage":16.0,"enemies":"2 Thieves","floor":20.0,"turns":4.0},{"damage":2.0,"enemies":"Cultist and Chosen","floor":22.0,"turns":5.0},{"damage":44.0,"enemies":"Book of Stabbing","floor":25.0,"turns":7.0},{"damage":0.0,"enemies":"Snecko","floor":28.0,"turns":5.0},{"damage":14.0,"enemies":"Centurion and Healer","floor":31.0,"turns":6.0},{"damage":18.0,"enemies":"Champ","floor":33.0,"turns":13.0},{"damage":20.0,"enemies":"3 Darklings","floor":35.0,"turns":7.0},{"damage":1.0,"enemies":"3 Shapes","floor":37.0,"turns":4.0},{"damage":73,"enemies":"Reptomancer","floor":41,"turns":2}],"seed_played":"7341086428513852643","potions_obtained":[{"floor":0.0,"key":"SkillPotion"},{"floor":0.0,"key":"Strength Potion"},{"floor":2.0,"key":"BlessingOfTheForge"},{"floor":10.0,"key":"LiquidMemories"},{"floor":14.0,"key":"EntropicBrew"},{"floor":18.0,"key":"Weak Potion"},{"floor":20.0,"key":"Energy Potion"},{"floor":22.0,"key":"CultistPotion"},{"floor":35.0,"key":"AttackPotion"}],"is_trial":false,"path_per_floor":["M","M","$","?","M","E","R","?","T","E","M","R","M","E","R","B",null,"M","?","M","$","M","R","?","E","T","R","M","R","T","M","R","B",null,"M","$","M","?","?","R","E"],"character_chosen":"WATCHER","items_purchased":["EmptyFist","EmptyBody","OrangePellets","Potion Belt","Blind"],"campfire_rested":1,"item_purchase_floors":[3,3,21,21,36],"current_hp_per_floor":[58,56,56,36,36,46,46,46,46,36,35,35,35,28,28,28,66,66,66,50,50,48,48,48,4,4,27,27,27,27,13,13,20,64,44,44,43,59,59,59,0,0],"gold":62,"neow_bonus":"THREE_SMALL_POTIONS","is_daily":false,"chose_seed":false,"campfire_upgraded":6,"win_rate":0.0,"timestamp":1612616069,"path_taken":["M","M","$","?","M","E","R","?","T","E","?","R","M","E","R","BOSS","M","?","M","$","M","R","?","E","T","R","M","R","?","M","R","BOSS","M","$","?","?","?","R","E"],"items_purchased_type":["Card","Card","Relic","Relic","Card"],"build_version":"2020-12-22","purchased_purges":2,"victory":false,"max_hp_per_floor":[68,68,68,68,68,78,78,78,78,78,78,78,78,78,78,78,78,78,78,78,78,78,78,78,78,78,78,78,78,78,78,78,78,78,78,78,78,78,78,78,78,78],"relic_stats":{"OrangePellets":[16],"counters":[19,112],"Pantograph":25,"Blue Candle":[0],"Tiny Chest":1,"Pandora\u0027s Box":["WheelKick","Crescendo","Fasting2","Protect","ConjureBlade","DeceiveReality","WindmillStrike","DevaForm"],"VioletLotus":[5],"obtain_stats":[{"Potion Belt":21,"OrangePellets":21,"Pear":6,"Pantograph":25,"Blue Candle":30,"Tiny Chest":10,"Pandora\u0027s Box":17,"The Courier":14,"VioletLotus":34,"Omamori":9,"PureWater":0},{"Potion Belt":11,"OrangePellets":11,"Pear":4,"Pantograph":13,"Blue Candle":14,"Tiny Chest":5,"Pandora\u0027s Box":9,"The Courier":8,"VioletLotus":16,"Omamori":4,"PureWater":0},{"Potion Belt":63,"OrangePellets":63,"Pear":21,"Pantograph":75,"Blue Candle":80,"Tiny Chest":31,"Pandora\u0027s Box":56,"The Courier":49,"VioletLotus":99,"Omamori":21,"PureWater":0}]},"card_choices":[{"not_picked":["CrushJoints","ClearTheMind"],"picked":"MentalFortress","floor":1.0},{"not_picked":["InnerPeace","Swivel"],"picked":"MentalFortress","floor":2.0},{"not_picked":["MentalFortress","Evaluate"],"picked":"SashWhip","floor":5.0},{"not_picked":["CarveReality","ReachHeaven"],"picked":"BowlingBash","floor":6.0},{"not_picked":["Collect","Nirvana"],"picked":"FlyingSleeves","floor":10.0},{"not_picked":["Protect","FlyingSleeves"],"picked":"InnerPeace","floor":11.0},{"not_picked":["Consecrate","BowlingBash"],"picked":"MentalFortress","floor":13.0},{"not_picked":["Meditate","Wireheading"],"picked":"SignatureMove","floor":14.0},{"not_picked":["Vault","Blasphemy"],"picked":"Omniscience","floor":16.0},{"not_picked":["TalkToTheHand","BowlingBash"],"picked":"FearNoEvil","floor":18.0},{"not_picked":["JustLucky","BowlingBash","Collect"],"picked":"SKIP","floor":20.0},{"not_picked":["CutThroughFate","PathToVictory"],"picked":"MentalFortress+1","floor":22.0},{"not_picked":["Protect","SashWhip"],"picked":"ThirdEye","floor":25.0},{"not_picked":["Protect","MentalFortress"],"picked":"Tantrum+1","floor":28.0},{"not_picked":["Crescendo","PathToVictory"],"picked":"Tantrum","floor":31.0},{"not_picked":["Blasphemy","Ragnarok"],"picked":"Omniscience","floor":33.0},{"not_picked":["BowlingBash","SashWhip"],"picked":"Wireheading","floor":35.0},{"not_picked":["CrushJoints+1","Halt"],"picked":"FearNoEvil+1","floor":37.0}],"player_experience":2788592,"relics_obtained":[{"floor":6.0,"key":"Pear"},{"floor":9.0,"key":"Omamori"},{"floor":10.0,"key":"Tiny Chest"},{"floor":14.0,"key":"The Courier"},{"floor":25.0,"key":"Pantograph"},{"floor":30.0,"key":"Blue Candle"}],"event_choices":[{"damage_healed":0.0,"max_hp_gain":0.0,"max_hp_loss":0.0,"gold_gain":0.0,"event_name":"Shining Light","player_choice":"Entered Light","floor":4.0,"gold_loss":0.0,"damage_taken":20.0,"cards_upgraded":["MentalFortress","Defend_P"]},{"damage_healed":0.0,"max_hp_gain":0.0,"max_hp_loss":0.0,"gold_gain":0.0,"event_name":"Liars Game","player_choice":"Ignored","floor":8.0,"gold_loss":0.0,"damage_taken":0.0},{"damage_healed":0.0,"max_hp_gain":0.0,"max_hp_loss":0.0,"gold_gain":50.0,"event_name":"Nest","player_choice":"Stole From Cult","floor":19.0,"gold_loss":0.0,"damage_taken":0.0},{"damage_healed":0.0,"max_hp_gain":0.0,"max_hp_loss":0.0,"gold_gain":0.0,"event_name":"Forgotten Altar","player_choice":"Smashed Altar","floor":24.0,"gold_loss":0.0,"damage_taken":0.0,"cards_obtained":["Decay"]},{"damage_healed":16.0,"max_hp_gain":0.0,"max_hp_loss":0.0,"gold_gain":0.0,"event_name":"Winding Halls","player_choice":"Writhe","floor":38.0,"gold_loss":0.0,"damage_taken":0.0,"cards_obtained":["Writhe"]},{"damage_healed":0,"gold_gain":0,"player_choice":"Ignored","damage_taken":0,"max_hp_gain":0,"max_hp_loss":0,"event_name":"Mysterious Sphere","floor":39,"gold_loss":0}],"is_beta":false,"boss_relics":[{"not_picked":["Calling Bell","SlaversCollar"],"picked":"Pandora\u0027s Box"},{"not_picked":["Sozu","Runic Dome"],"picked":"VioletLotus"}],"items_purged_floors":[21,36],"is_endless":false,"potions_floor_spawned":[1,2,10,14,18,20,22,35],"killed_by":"Reptomancer","ascension_level":20}}