{"host":"19tvufa8xx4wr4o1","time":1612578997,"event":{"mods":["AchievementEnabler","BaseMod","Better Sensory Stone","Better Third Choice","Highlight Path","Minty Spire (QoL Compilation)","Relic Stats","StSLib"],"gold_per_floor":[119,66,66,85,85,85,112,126,153,153,153,153,171,185,185,257,257,271,271,283,299,299,299,299,299],"floor_reached":24,"language":"ENG","playtime":714,"items_purged":[],"score":387,"play_id":"de1b2c9d-143a-438d-9a6a-6b0741a3b19e","local_time":"20210205203637","is_ascension_mode":true,"campfire_choices":[{"data":"Poisoned Stab","floor":6,"key":"SMITH"},{"data":"Neutralize","floor":12,"key":"SMITH"},{"data":"Noxious Fumes","floor":15,"key":"SMITH"},{"floor":23,"key":"REST"}],"circlet_count":0,"master_deck":["AscendersBane","Strike_G","Strike_G","Strike_G","Strike_G","Defend_G","Defend_G","Defend_G","Defend_G","Survivor","Neutralize+1","Poisoned Stab+1","Skewer","Bouncing Flask","Bouncing Flask","Noxious Fumes+1","Adrenaline","Bane","Noxious Fumes+1"],"relics":["Ring of the Snake","NeowsBlessing","Tiny Chest","Blood Vial","Runic Pyramid","Ice Cream"],"acts_visited":["Exordium","TheCity"],"potions_floor_usage":[24],"damage_taken":[{"damage":0,"enemies":"Cultist","floor":1,"turns":1},{"damage":0,"enemies":"Small Slimes","floor":4,"turns":1},{"damage":0,"enemies":"Gremlin Nob","floor":7,"turns":1},{"damage":7,"enemies":"Jaw Worm","floor":8,"turns":3},{"damage":7,"enemies":"3 Louse","floor":13,"turns":4},{"damage":4,"enemies":"Large Slime","floor":14,"turns":5},{"damage":30,"enemies":"Slime Boss","floor":16,"turns":8},{"damage":0,"enemies":"Chosen","floor":18,"turns":4},{"damage":32,"enemies":"2 Thieves","floor":20,"turns":5},{"damage":1,"enemies":"Snecko","floor":21,"turns":5},{"damage":46,"enemies":"Gremlin Leader","floor":24,"turns":5}],"seed_played":"8877296283564643734","potions_obtained":[{"floor":7,"key":"Swift Potion"},{"floor":14,"key":"FearPotion"}],"is_trial":false,"path_per_floor":["M","$","?","M","?","R","E","M","T","?","$","R","M","M","R","B",null,"M","T","M","M","?","R","E"],"character_chosen":"THE_SILENT","items_purchased":["Poisoned Stab"],"campfire_rested":1,"item_purchase_floors":[2],"current_hp_per_floor":[59,59,52,52,52,52,52,45,45,45,45,45,40,38,38,10,52,54,54,24,25,25,44,0,0],"gold":299,"neow_bonus":"THREE_ENEMY_KILL","is_daily":false,"chose_seed":false,"campfire_upgraded":3,"win_rate":0.0,"timestamp":1612578997,"path_taken":["M","?","?","M","?","R","E","M","T","?","$","R","M","M","R","BOSS","M","?","M","M","?","R","E"],"items_purchased_type":["Card"],"build_version":"2020-12-22","purchased_purges":0,"victory":false,"max_hp_per_floor":[66,66,66,66,66,66,66,66,66,66,66,66,66,66,66,66,66,66,66,66,66,66,66,66,66],"relic_stats":{"Blood Vial":14,"counters":[11,42],"Tiny Chest":0,"obtain_stats":[{"Blood Vial":9,"Ice Cream":19,"NeowsBlessing":0,"Tiny Chest":7,"Ring of the Snake":0,"Runic Pyramid":17},{"Blood Vial":4,"Ice Cream":8,"NeowsBlessing":0,"Tiny Chest":3,"Ring of the Snake":0,"Runic Pyramid":7},{"Blood Vial":6,"Ice Cream":27,"NeowsBlessing":0,"Tiny Chest":3,"Ring of the Snake":0,"Runic Pyramid":23}],"Ring of the Snake":[22]},"card_choices":[{"not_picked":["Dodge and Roll","Deflect","Reflex"],"picked":"SKIP","floor":1},{"not_picked":["Deflect","All Out Attack"],"picked":"Skewer","floor":4},{"not_picked":["Deflect","Catalyst"],"picked":"Bouncing Flask","floor":7},{"not_picked":["Prepared","Sucker Punch","Dagger Throw"],"picked":"SKIP","floor":8},{"not_picked":["Underhanded Strike","Backflip"],"picked":"Bouncing Flask","floor":13},{"not_picked":["Accuracy","Deadly Poison"],"picked":"Noxious Fumes","floor":14},{"not_picked":["Phantasmal Killer","Unload"],"picked":"Adrenaline","floor":16},{"not_picked":["Deflect","Outmaneuver","Poisoned Stab"],"picked":"SKIP","floor":18},{"not_picked":["Acrobatics","Deflect","Flying Knee"],"picked":"SKIP","floor":20},{"not_picked":["Concentrate","PiercingWail"],"picked":"Bane","floor":21}],"player_experience":622239,"relics_obtained":[{"floor":7,"key":"Tiny Chest"},{"floor":9,"key":"Blood Vial"},{"floor":19,"key":"Ice Cream"}],"event_choices":[{"cards_removed":["Defend_G"],"damage_healed":0,"gold_gain":0,"player_choice":"Card Removal","damage_taken":7,"max_hp_gain":0,"max_hp_loss":0,"event_name":"Golden Wing","floor":3,"gold_loss":0},{"damage_healed":0,"gold_gain":1,"player_choice":"1","damage_taken":0,"max_hp_gain":0,"max_hp_loss":0,"event_name":"betterStone:BetterStone","floor":5,"gold_loss":0},{"cards_removed":["Strike_G"],"damage_healed":0,"gold_gain":0,"player_choice":"Offered Basic","damage_taken":0,"max_hp_gain":0,"max_hp_loss":0,"event_name":"Bonfire Elementals","floor":10,"gold_loss":0},{"damage_healed":0,"gold_gain":0,"player_choice":"Copied","damage_taken":0,"max_hp_gain":0,"max_hp_loss":0,"event_name":"Duplicator","floor":22,"gold_loss":0,"cards_obtained":["Noxious Fumes"]}],"is_beta":false,"boss_relics":[{"not_picked":["Astrolabe","Fusion Hammer"],"picked":"Runic Pyramid"}],"items_purged_floors":[],"is_endless":false,"potions_floor_spawned":[7,14,16,20],"killed_by":"Gremlin Leader","ascension_level":15}}