{"host":"izaayrkpa5ecuvkh","time":1612578283,"event":{"mods":["AchievementEnabler","BaseMod","Card Forge","Colored Powertips","Highlight Path","Minty Spire (QoL Compilation)","Quick Restart","Relic Stats","StSLib","Transform Curses"],"gold_per_floor":[113,113,113,133,147,167,194,194,217,217,217,237,250,281,281,380,380,391,401,412,412,209,238,258,289,289,28,28,42,76,94,94,189,189,206,206,222,233,247,278,278,309,334,191,223,240,275,305,317,329,341,353,51,85,85],"floor_reached":56,"language":"ENG","playtime":3794,"items_purged":[],"score":2068,"play_id":"0d64b29c-8669-4320-8653-68c5cf622855","local_time":"20210205212443","is_ascension_mode":true,"campfire_choices":[{"floor":15,"key":"RECALL"},{"floor":28,"key":"REST"},{"floor":32,"key":"REST"},{"floor":41,"key":"REST"},{"floor":49,"key":"REST"},{"floor":52,"key":"REST"}],"circlet_count":0,"master_deck":["Entrench+1","Impervious+1","Body Slam+1","Entrench+1","Double Energy+1","Adrenaline+1","Double Energy+1","Adrenaline+1","Adrenaline+1","Impervious+1","Backflip+1","Adrenaline+1","Backflip+1","Barricade+1","Adrenaline+1"],"relics":["Burning Blood","Hammer of Thor","Seething Fire","Anvil of the Gods","War Paint","Boot","Molten Egg 2","Sundial","Letter Opener","Philosopher\u0027s Stone","WarpedTongs","OrangePellets","Happy Flower","Akabeko","Vajra","Bottled Lightning","Lantern","Busted Crown","InkBottle","Charon\u0027s Ashes","Red Skull","Brimstone","MawBank","Bag of Marbles","DollysMirror","Bird Faced Urn"],"acts_visited":["Exordium","TheCity","TheBeyond","TheEnding"],"potions_floor_usage":[],"damage_taken":[{"damage":0.0,"enemies":"Cultist","floor":1.0,"turns":1.0},{"damage":0.0,"enemies":"2 Louse","floor":4.0,"turns":2.0},{"damage":0.0,"enemies":"Small Slimes","floor":5.0,"turns":2.0},{"damage":0.0,"enemies":"Looter","floor":6.0,"turns":1.0},{"damage":0.0,"enemies":"Lagavulin","floor":7.0,"turns":1.0},{"damage":0.0,"enemies":"Red Slaver","floor":12.0,"turns":1.0},{"damage":0.0,"enemies":"Gremlin Gang","floor":13.0,"turns":1.0},{"damage":0.0,"enemies":"3 Sentries","floor":14.0,"turns":1.0},{"damage":0,"enemies":"Hexaghost","floor":16,"turns":1},{"damage":0,"enemies":"2 Thieves","floor":18,"turns":1},{"damage":0,"enemies":"Chosen","floor":19,"turns":1},{"damage":0,"enemies":"3 Cultists","floor":20,"turns":1},{"damage":0,"enemies":"Slavers","floor":23,"turns":1},{"damage":0,"enemies":"Centurion and Healer","floor":24,"turns":1},{"damage":0,"enemies":"Gremlin Leader","floor":25,"turns":1},{"damage":0,"enemies":"Snecko","floor":29,"turns":1},{"damage":0,"enemies":"Slavers","floor":30,"turns":1},{"damage":0,"enemies":"Chosen and Byrds","floor":31,"turns":1},{"damage":0,"enemies":"Automaton","floor":33,"turns":1},{"damage":0,"enemies":"3 Darklings","floor":35,"turns":1},{"damage":0,"enemies":"3 Shapes","floor":37,"turns":1},{"damage":0,"enemies":"Spire Growth","floor":38,"turns":1},{"damage":0,"enemies":"Writhing Mass","floor":39,"turns":1},{"damage":0,"enemies":"Reptomancer","floor":40,"turns":1},{"damage":0,"enemies":"Giant Head","floor":42,"turns":1},{"damage":0,"enemies":"Nemesis","floor":45,"turns":1},{"damage":0,"enemies":"3 Darklings","floor":46,"turns":1},{"damage":0,"enemies":"Giant Head","floor":47,"turns":1},{"damage":0,"enemies":"4 Shapes","floor":48,"turns":1},{"damage":0,"enemies":"Donu and Deca","floor":50,"turns":1},{"damage":0,"enemies":"Shield and Spear","floor":54,"turns":1},{"damage":1,"enemies":"The Heart","floor":55,"turns":4}],"seed_played":"-5912770167701450742","potions_obtained":[{"floor":4.0,"key":"EssenceOfSteel"},{"floor":5.0,"key":"SpeedPotion"},{"floor":6.0,"key":"Swift Potion"}],"is_trial":false,"path_per_floor":["M","?","$","M","M","M","E","?","T","?","T","M","M","E","R","B",null,"M","M","M","?","$","E","M","E","T","$","R","M","E","M","R","B",null,"M","?","M","M","M","E","R","E","T","$","E","M","E","M","R","B",null,"R","$","E","B",null],"character_chosen":"IRONCLAD","items_purchased":["OrangePellets","ColorlessPotion","Bottled Lightning","Brimstone","Bag of Marbles","DollysMirror"],"campfire_rested":5,"item_purchase_floors":[22,22,27,44,53,53],"current_hp_per_floor":[88,88,88,88,88,88,88,88,88,63,63,69,75,81,81,87,88,88,88,88,88,88,88,88,88,88,88,88,88,88,88,88,88,88,88,88,88,88,88,88,88,88,88,88,88,88,88,88,88,88,88,88,88,88,88],"gold":85,"neow_bonus":"TEN_PERCENT_HP_BONUS","is_daily":false,"chose_seed":false,"campfire_upgraded":0,"win_rate":0.0,"timestamp":1612578283,"path_taken":["M","?","$","M","M","M","E","?","T","?","?","M","M","E","R","BOSS","M","M","M","?","$","E","?","E","T","$","R","M","E","M","R","BOSS","M","?","M","M","M","E","R","E","T","$","E","M","E","M","R","BOSS","R","$","E","BOSS"],"items_purchased_type":["Relic","Potion","Relic","Relic","Relic","Relic"],"build_version":"2020-12-22","purchased_purges":0,"victory":true,"max_hp_per_floor":[88,88,88,88,88,88,88,88,88,88,88,88,88,88,88,88,88,88,88,88,88,88,88,88,88,88,88,88,88,88,88,88,88,88,88,88,88,88,88,88,88,88,88,88,88,88,88,88,88,88,88,88,88,88,88],"relic_stats":{"Happy Flower":[7],"counters":[32,37],"Charon\u0027s Ashes":[339],"Letter Opener":[1116],"War Paint":["Adrenaline"],"Boot":[0],"MawBank":72,"Burning Blood":24,"WarpedTongs":[0],"OrangePellets":[0],"Busted Crown":22,"Sundial":[44],"Bird Faced Urn":[1],"obtain_stats":[{"Lantern":30,"Vajra":26,"Hammer of Thor":0,"Boot":7,"Burning Blood":0,"Sundial":11,"DollysMirror":53,"Philosopher\u0027s Stone":17,"InkBottle":40,"Red Skull":43,"Happy Flower":23,"Charon\u0027s Ashes":42,"Seething Fire":0,"Letter Opener":14,"War Paint":2,"MawBank":47,"Akabeko":25,"WarpedTongs":21,"OrangePellets":22,"Busted Crown":34,"Anvil of the Gods":0,"Brimstone":44,"Bird Faced Urn":54,"Molten Egg 2":10,"Bag of Marbles":53,"Bottled Lightning":27},{"Lantern":17,"Vajra":15,"Hammer of Thor":0,"Boot":5,"Burning Blood":0,"Sundial":5,"DollysMirror":30,"Philosopher\u0027s Stone":9,"InkBottle":24,"Red Skull":25,"Happy Flower":13,"Charon\u0027s Ashes":25,"Seething Fire":0,"Letter Opener":8,"War Paint":1,"MawBank":28,"Akabeko":15,"WarpedTongs":12,"OrangePellets":12,"Busted Crown":19,"Anvil of the Gods":0,"Brimstone":25,"Bird Faced Urn":31,"Molten Egg 2":5,"Bag of Marbles":30,"Bottled Lightning":15},{"Lantern":19,"Vajra":17,"Hammer of Thor":0,"Boot":7,"Burning Blood":0,"Sundial":7,"DollysMirror":32,"Philosopher\u0027s Stone":11,"InkBottle":26,"Red Skull":27,"Happy Flower":15,"Charon\u0027s Ashes":27,"Seething Fire":0,"Letter Opener":10,"War Paint":1,"MawBank":30,"Akabeko":17,"WarpedTongs":14,"OrangePellets":14,"Busted Crown":21,"Anvil of the Gods":0,"Brimstone":27,"Bird Faced Urn":33,"Molten Egg 2":7,"Bag of Marbles":32,"Bottled Lightning":17}],"InkBottle":[8]},"card_choices":[{"not_picked":["Sword Boomerang","Anger","Heavy Blade"],"picked":"SKIP","floor":1.0},{"not_picked":["Armaments","Pommel Strike","Heavy Blade"],"picked":"SKIP","floor":4.0},{"not_picked":["Immolate","Iron Wave","Cleave"],"picked":"SKIP","floor":5.0},{"not_picked":["Pummel","Pommel Strike","Havoc"],"picked":"SKIP","floor":6.0},{"not_picked":["Dark Embrace","Sever Soul","Havoc"],"picked":"SKIP","floor":7.0},{"not_picked":["Pummel+1","Cleave+1","Flame Barrier"],"picked":"SKIP","floor":12.0},{"not_picked":["Sword Boomerang+1","Fire Breathing","Reckless Charge+1"],"picked":"SKIP","floor":13.0},{"not_picked":["Corruption","Blood for Blood+1","Flex"],"picked":"SKIP","floor":14},{"not_picked":["Headbutt+1","Combust","Infernal Blade+1"],"picked":"SKIP","floor":18},{"not_picked":["Headbutt+1","Combust","Infernal Blade+1"],"picked":"SKIP","floor":18},{"not_picked":["Rupture","Infernal Blade","Twin Strike+1"],"picked":"SKIP","floor":19},{"not_picked":["Twin Strike+1","Metallicize","Shrug It Off"],"picked":"SKIP","floor":20},{"not_picked":["Reaper+1","Clash+1","Cleave+1"],"picked":"SKIP","floor":23},{"not_picked":["Thunderclap+1","Shockwave","Headbutt+1"],"picked":"SKIP","floor":24},{"not_picked":["Searing Blow+1","Seeing Red","Disarm"],"picked":"SKIP","floor":25},{"not_picked":["Cleave+1","True Grit","Sever Soul+1"],"picked":"SKIP","floor":29},{"not_picked":["Spot Weakness","Flex","Shrug It Off"],"picked":"SKIP","floor":30},{"not_picked":["Dark Embrace","Armaments+1","Shrug It Off"],"picked":"SKIP","floor":31},{"not_picked":["Burning Pact"],"picked":"SKIP","floor":35},{"not_picked":["Armaments+1"],"picked":"SKIP","floor":37},{"not_picked":["Twin Strike+1"],"picked":"SKIP","floor":38},{"not_picked":["Sword Boomerang+1"],"picked":"SKIP","floor":39},{"not_picked":["Hemokinesis+1"],"picked":"SKIP","floor":40},{"not_picked":["Sever Soul+1"],"picked":"SKIP","floor":42},{"not_picked":["Entrench+1"],"picked":"SKIP","floor":45},{"not_picked":["Hemokinesis+1"],"picked":"SKIP","floor":46},{"not_picked":["Body Slam+1"],"picked":"SKIP","floor":47},{"not_picked":["Dropkick+1"],"picked":"SKIP","floor":48},{"not_picked":["Searing Blow+1"],"picked":"SKIP","floor":54}],"player_experience":213834,"relics_obtained":[{"floor":7.0,"key":"Boot"},{"floor":11.0,"key":"Sundial"},{"floor":14,"key":"Letter Opener"},{"floor":23,"key":"Happy Flower"},{"floor":25,"key":"Akabeko"},{"floor":26,"key":"Vajra"},{"floor":30,"key":"Lantern"},{"floor":40,"key":"InkBottle"},{"floor":42,"key":"Charon\u0027s Ashes"},{"floor":43,"key":"Red Skull"},{"floor":47,"key":"MawBank"},{"floor":54,"key":"Bird Faced Urn"}],"event_choices":[{"damage_healed":0.0,"max_hp_gain":0.0,"max_hp_loss":0.0,"gold_gain":0.0,"event_name":"Big Fish","player_choice":"Box","floor":2.0,"gold_loss":0.0,"damage_taken":0.0,"relics_obtained":["War Paint"],"cards_obtained":["Regret"]},{"damage_healed":0.0,"max_hp_gain":0.0,"max_hp_loss":0.0,"gold_gain":0.0,"event_name":"Shining Light","player_choice":"Ignored","floor":8.0,"gold_loss":0.0,"damage_taken":0.0},{"damage_healed":0.0,"max_hp_gain":0.0,"max_hp_loss":0.0,"gold_gain":0.0,"event_name":"Scrap Ooze","player_choice":"Success","floor":10.0,"gold_loss":0.0,"damage_taken":25.0,"relics_obtained":["Molten Egg 2"]},{"damage_healed":0,"gold_gain":0,"player_choice":"Rummage","damage_taken":0,"relics_obtained":["WarpedTongs"],"max_hp_gain":0,"max_hp_loss":0,"event_name":"Accursed Blacksmith","floor":21,"gold_loss":0,"cards_obtained":["Pain"]},{"damage_healed":0,"gold_gain":0,"player_choice":"Ignored","damage_taken":0,"max_hp_gain":0,"max_hp_loss":0,"event_name":"Purifier","floor":36,"gold_loss":0}],"is_beta":false,"boss_relics":[{"not_picked":["SlaversCollar","Black Blood"],"picked":"Philosopher\u0027s Stone"},{"not_picked":["Velvet Choker","SacredBark"],"picked":"Busted Crown"}],"items_purged_floors":[],"is_endless":false,"potions_floor_spawned":[4,5,6,16,18,20,23,25,31,33,37,39,42,45,47,48],"ascension_level":3}}