{"host":"fl6c84p0pqwjbhud","time":1612611084,"event":{"mods":["AchievementEnabler","BaseMod","Better Altar","Better Match","Better Note","Better Sensory Stone","Better Skull","Better Third Choice","Better Vampires","Better-Laid Plans","Colored Map","Defuse TimeMaze Blight","Displayed Cursed Tome","Energized Spire","Highlight Path","Minty Spire (QoL Compilation)","Permanent Neow","Quick Restart","Relic Sorter","StSLib","Synergy Search","Transform Curses"],"gold_per_floor":[115,130,3,3,78,78,3,3,30,30,94,94,106,66,66,167,467,479,754,754,754,767,767,42,42,42,42,42,42,52,84,84,187,187,202,0,50,77,77,77,95,95,95,23,23,23,23,36,36,36],"floor_reached":51,"language":"ENG","playtime":3437,"items_purged":[],"score":741,"play_id":"a7a3610f-74dc-4cb8-b842-38cdaa5a98cb","local_time":"20210206123124","daily_mods":["Draft","Vintage","Allstar","Diverse","Heirloom","Flight"],"is_ascension_mode":false,"campfire_choices":[{"floor":6,"key":"REST"},{"floor":12,"key":"REST"},{"data":"Terror","floor":15,"key":"SMITH"},{"data":"Tempest","floor":23,"key":"SMITH"},{"floor":32,"key":"REST"},{"floor":40,"key":"REST"},{"data":"Die Die Die","floor":42,"key":"SMITH"},{"data":"Ghostly Armor","floor":49,"key":"SMITH"}],"circlet_count":0,"master_deck":["FlyingSleeves","Prepared","Warcry","Havoc+1","Bane","Bane","Terror+1","Evaluate","Evolve","Escape Plan","Leap","Go for the Eyes","Steam+1","ThirdEye+1","Deadly Poison","Caltrops+1","Outmaneuver","Burn","Ghostly Armor+1","Die Die Die+1","CurseOfTheBell","Tempest+1","Defragment+1","Acrobatics+1","Madness+1","Madness+1","Chill+1"],"relics":["Unceasing Top","Tingsha","Juzu Bracelet","Centennial Puzzle","Strawberry","Bronze Scales","Singing Bowl","Pen Nib","Calling Bell","MealTicket","Meat on the Bone","Old Coin","Eternal Feather","WarpedTongs","Bird Faced Urn","Frozen Egg 2","Toolbox","War Paint","Toxic Egg 2","Nilry\u0027s Codex","Prayer Wheel","Regal Pillow","Art of War","HoveringKite","Blood Vial","Red Mask","Torii","CeramicFish","Nunchaku","Omamori"],"acts_visited":["Exordium","TheCity","TheBeyond"],"potions_floor_usage":[11,16,16,35,35],"damage_taken":[{"damage":0,"enemies":"Cultist","floor":1,"turns":3},{"damage":0,"enemies":"2 Louse","floor":2,"turns":2},{"damage":11,"enemies":"Lagavulin Event","floor":11,"turns":7},{"damage":2,"enemies":"Jaw Worm","floor":13,"turns":3},{"damage":4,"enemies":"The Guardian","floor":16,"turns":7},{"damage":10,"enemies":"Shell Parasite","floor":18,"turns":3},{"damage":1,"enemies":"Chosen","floor":22,"turns":4},{"damage":35,"enemies":"Snake Plant","floor":30,"turns":3},{"damage":64,"enemies":"Book of Stabbing","floor":31,"turns":5},{"damage":60,"enemies":"Collector","floor":33,"turns":10},{"damage":55,"enemies":"3 Darklings","floor":35,"turns":5},{"damage":13,"enemies":"Mind Bloom Boss Battle","floor":37,"turns":5},{"damage":7,"enemies":"3 Shapes","floor":48,"turns":4},{"damage":53,"enemies":"Awakened One","floor":50,"turns":9}],"seed_played":"9090495938874226819","potions_obtained":[{"floor":11,"key":"Regen Potion"},{"floor":13,"key":"Block Potion"},{"floor":14,"key":"ColorlessPotion"},{"floor":22,"key":"Strength Potion"},{"floor":33,"key":"Poison Potion"}],"is_trial":true,"path_per_floor":["M","M","$","?","?","R","$","?","T","?","?","R","M","?","R","B",null,"M","?","?","?","M","R","$","?","T","?","$","?","M","E","R","B",null,"M","?","?","T","?","R","?","R","T","$","?","?","?","M","R","B",null],"character_chosen":"THE_SILENT","items_purchased":["Caltrops","Outmaneuver","Regen Potion","Frozen Egg 2","Toolbox","War Paint","Defragment+1","BlessingOfTheForge","Poison Potion","Chill+1"],"campfire_rested":4,"item_purchase_floors":[3,3,7,24,24,24,24,24,24,44],"current_hp_per_floor":[70,70,70,70,59,70,70,70,77,54,48,71,76,76,76,77,77,74,74,74,74,77,77,77,77,77,61,76,76,56,23,76,52,79,49,49,58,58,58,81,71,81,81,81,81,81,81,76,81,45],"gold":36,"neow_bonus":"","is_daily":false,"chose_seed":false,"campfire_upgraded":4,"win_rate":0.0,"timestamp":1612611084,"path_taken":["M","M","$","?","?","R","?","?","T","?","?","R","M","?","R","BOSS","M","?","?","?","M","R","?","?","T","?","?","?","M","E","R","BOSS","M","?","?","?","?","R","?","R","T","$","?","?","?","M","R","BOSS"],"items_purchased_type":["Card","Card","Potion","Relic","Relic","Relic","Card","Potion","Potion","Card"],"build_version":"2020-12-22","purchased_purges":0,"victory":true,"max_hp_per_floor":[70,70,70,70,70,70,70,70,77,77,77,77,77,77,77,77,77,77,77,77,77,77,77,77,77,77,77,77,77,77,77,77,79,79,79,79,81,81,81,81,81,81,81,81,81,81,81,81,81,81],"card_choices":[{"not_picked":["BowlingBash","Dagger Throw"],"picked":"FlyingSleeves","floor":0},{"not_picked":["ThirdEye","Consume"],"picked":"Prepared","floor":0},{"not_picked":["Dodge and Roll","Bane"],"picked":"Warcry","floor":0},{"not_picked":["Sunder","CutThroughFate"],"picked":"Havoc","floor":0},{"not_picked":["White Noise","Leg Sweep"],"picked":"Bane","floor":0},{"not_picked":["WreathOfFlame","Rebound"],"picked":"Bane","floor":0},{"not_picked":["Rampage","ThirdEye"],"picked":"Terror","floor":0},{"not_picked":["Rampage","Hologram"],"picked":"Evaluate","floor":0},{"not_picked":["Evaluate","Spot Weakness"],"picked":"Evolve","floor":0},{"not_picked":["Flying Knee","Whirlwind"],"picked":"Escape Plan","floor":0},{"not_picked":["Reflex","Thunderclap"],"picked":"Leap","floor":0},{"not_picked":["Flex","FlyingSleeves"],"picked":"Go for the Eyes","floor":0},{"not_picked":["Rebound","Tactician"],"picked":"Steam","floor":0},{"not_picked":["Uppercut","Flame Barrier"],"picked":"ThirdEye","floor":0},{"not_picked":["CarveReality","CutThroughFate"],"picked":"Deadly Poison","floor":0},{"not_picked":["TalkToTheHand","Dodge and Roll"],"picked":"Self Repair","floor":11},{"not_picked":["Wraith Form v2","All For One"],"picked":"Die Die Die","floor":16},{"not_picked":["Fiend Fire","Predator"],"picked":"Acrobatics+1","floor":31},{"not_picked":["Blasphemy+1","Wraith Form v2+1","Vault+1"],"picked":"Singing Bowl","floor":33},{"not_picked":["Warcry+1","Meditate+1","Stack+1"],"picked":"Singing Bowl","floor":37}],"player_experience":479265,"relics_obtained":[{"floor":1,"key":"Juzu Bracelet"},{"floor":2,"key":"Centennial Puzzle"},{"floor":9,"key":"Strawberry"},{"floor":11,"key":"Singing Bowl"},{"floor":13,"key":"Pen Nib"},{"floor":17,"key":"MealTicket"},{"floor":17,"key":"Meat on the Bone"},{"floor":17,"key":"Old Coin"},{"floor":18,"key":"Eternal Feather"},{"floor":22,"key":"Bird Faced Urn"},{"floor":26,"key":"Toxic Egg 2"},{"floor":30,"key":"Regal Pillow"},{"floor":31,"key":"Art of War"},{"floor":35,"key":"Blood Vial"},{"floor":37,"key":"Torii"},{"floor":38,"key":"CeramicFish"},{"floor":43,"key":"Nunchaku"},{"floor":48,"key":"Omamori"}],"event_choices":[{"damage_healed":0,"gold_gain":0,"player_choice":"Grow","damage_taken":0,"max_hp_gain":0,"max_hp_loss":0,"event_name":"Living Wall","floor":4,"gold_loss":0,"cards_upgraded":["Havoc"]},{"damage_healed":0,"gold_gain":75,"player_choice":"Gold","damage_taken":11,"max_hp_gain":0,"max_hp_loss":0,"event_name":"betterThird:BetterGoop","floor":5,"gold_loss":0},{"damage_healed":70,"gold_gain":0,"player_choice":"Embrace Burn","damage_taken":0,"max_hp_gain":0,"max_hp_loss":70,"event_name":"betterThird:BetterShining","floor":8,"gold_loss":0},{"damage_healed":0,"gold_gain":0,"player_choice":"Searched \u00271\u0027 times","damage_taken":0,"max_hp_gain":0,"max_hp_loss":0,"event_name":"Dead Adventurer","floor":11,"gold_loss":0},{"damage_healed":0,"gold_gain":0,"player_choice":"Bought 3 Potions","damage_taken":0,"max_hp_gain":0,"max_hp_loss":0,"event_name":"The Woman in Blue","floor":14,"gold_loss":0},{"damage_healed":0,"gold_gain":275,"player_choice":"Desecrate","damage_taken":0,"max_hp_gain":0,"max_hp_loss":0,"event_name":"Golden Shrine","floor":19,"gold_loss":0,"cards_obtained":["Regret"]},{"damage_healed":0,"gold_gain":0,"cards_transformed":["Regret"],"player_choice":"Transformed","damage_taken":0,"max_hp_gain":0,"max_hp_loss":0,"event_name":"Transmorgrifier","floor":20,"gold_loss":0,"cards_obtained":["Tempest"]},{"damage_healed":0,"gold_gain":0,"player_choice":"Rummage","damage_taken":0,"relics_obtained":["WarpedTongs"],"max_hp_gain":0,"max_hp_loss":0,"event_name":"Accursed Blacksmith","floor":21,"gold_loss":0,"cards_obtained":["Pain"]},{"damage_healed":0,"gold_gain":0,"player_choice":"Became a vampire","damage_taken":0,"max_hp_gain":0,"max_hp_loss":0,"event_name":"Vampires","floor":25,"gold_loss":0,"cards_obtained":[]},{"damage_healed":0,"gold_gain":0,"player_choice":"Obtained Book","damage_taken":16,"max_hp_gain":0,"max_hp_loss":0,"event_name":"Cursed Tome","floor":27,"gold_loss":0},{"damage_healed":0,"gold_gain":0,"player_choice":"Opened","damage_taken":0,"relics_obtained":["Prayer Wheel"],"max_hp_gain":0,"max_hp_loss":0,"event_name":"The Mausoleum","floor":29,"gold_loss":0,"cards_obtained":["Writhe"]},{"damage_healed":0,"gold_gain":0,"player_choice":"Paid","damage_taken":0,"relics_obtained":["Red Mask"],"max_hp_gain":0,"max_hp_loss":0,"event_name":"Tomb of Lord Red Mask","floor":36,"gold_loss":202},{"damage_healed":0,"gold_gain":0,"player_choice":"Fight","damage_taken":0,"max_hp_gain":0,"max_hp_loss":0,"event_name":"MindBloom","floor":37,"gold_loss":0},{"cards_removed":["Pain"],"damage_healed":0,"gold_gain":0,"player_choice":"Purged","damage_taken":0,"max_hp_gain":0,"max_hp_loss":0,"event_name":"Purifier","floor":39,"gold_loss":0},{"damage_healed":0,"gold_gain":0,"player_choice":"Embrace Madness","damage_taken":10,"max_hp_gain":0,"max_hp_loss":0,"event_name":"Winding Halls","floor":41,"gold_loss":0,"cards_obtained":["Madness","Madness"]},{"cards_removed":["Self Repair"],"damage_healed":0,"gold_gain":0,"player_choice":"Removed Power","damage_taken":0,"max_hp_gain":0,"max_hp_loss":0,"event_name":"Falling","floor":45,"gold_loss":0},{"cards_removed":["Writhe"],"damage_healed":0,"gold_gain":0,"player_choice":"Removed Curses","damage_taken":0,"max_hp_gain":0,"max_hp_loss":0,"event_name":"Fountain of Cleansing","floor":46,"gold_loss":0},{"damage_healed":0,"gold_gain":0,"player_choice":"Upgraded","damage_taken":0,"max_hp_gain":0,"max_hp_loss":0,"event_name":"Upgrade Shrine","floor":47,"gold_loss":0,"cards_upgraded":["Caltrops"]}],"is_beta":false,"boss_relics":[{"not_picked":["Tiny House","WristBlade"],"picked":"Calling Bell"},{"not_picked":["energizedSpire:NeverEndingSparkler","Busted Crown"],"picked":"HoveringKite"}],"items_purged_floors":[],"is_endless":false,"potions_floor_spawned":[11,13,22,30,33],"ascension_level":0}}