{"host":"vymnruocrvjmw2yt","time":1612647916,"event":{"mods":["AchievementEnabler","BaseMod","Block Reminder","Downfall","Googly Eyes","Hermit","Hubris","Infinite Spire","Minty Spire (QoL Compilation)","Robot Space Explorer","StSLib","The Hierophant"],"gold_per_floor":[117,133,61,77,26,61,61,61,61,61,61,61,72,85,85,187,187,199,199,11,25,25,51,51,81,81,81,97,113,53,70,70,70,70],"floor_reached":33,"language":"ENG","playtime":1365,"items_purged":["RobotSpaceExplorer:Strike"],"score":299,"play_id":"48148107-1b37-4b96-a207-e23243551877","local_time":"20210206164516","is_ascension_mode":true,"campfire_choices":[{"floor":7,"key":"REST"},{"data":"RobotSpaceExplorer:Explosion","floor":10,"key":"SMITH"},{"data":"hubris:EnhanceAbility","floor":12,"key":"SMITH"},{"data":"RobotSpaceExplorer:PowerGlove","floor":15,"key":"SMITH"},{"floor":24,"key":"REST"},{"floor":27,"key":"REST"},{"floor":32,"key":"REST"}],"circlet_count":0,"master_deck":["RobotSpaceExplorer:Strike","RobotSpaceExplorer:Strike","RobotSpaceExplorer:Strike","RobotSpaceExplorer:Defend+1","RobotSpaceExplorer:Defend","RobotSpaceExplorer:Defend","RobotSpaceExplorer:Defend+1","RobotSpaceExplorer:Scan","RobotSpaceExplorer:MiniLasers","hubris:EnhanceAbility+1","RobotSpaceExplorer:Pulsar","RobotSpaceExplorer:ImprovisedAttack","RobotSpaceExplorer:PowerGlove+1","RobotSpaceExplorer:ShovelStrike","RobotSpaceExplorer:MiniDrones+1","RobotSpaceExplorer:Explosion+1","RobotSpaceExplorer:Scanner","RobotSpaceExplorer:LuckyStrike","RobotSpaceExplorer:MiniDrones","RobotSpaceExplorer:ShockMissile+1","RobotSpaceExplorer:ShockMissile","RobotSpaceExplorer:Pulsar","RobotSpaceExplorer:ScrapMissile","RobotSpaceExplorer:SlimeMissile","hubris:InfiniteBlow+5","RobotSpaceExplorer:Probe+1","RobotSpaceExplorer:Counterblock+1","RobotSpaceExplorer:StunGrenade+1","RobotSpaceExplorer:ShockMissile"],"relics":["RobotSpaceExplorer:RoboCore","War Paint","White Beast Statue","SacredBark","Blue Candle","Dream Catcher","Whetstone","The Courier"],"acts_visited":["Exordium","TheCity"],"potions_floor_usage":[16,16,23,25,28,29,31,33,33],"damage_taken":[{"damage":0,"enemies":"2 Louse","floor":1,"turns":2},{"damage":0,"enemies":"Cultist","floor":2,"turns":4},{"damage":2,"enemies":"Small Slimes","floor":4,"turns":3},{"damage":28,"enemies":"3 Sentries","floor":6,"turns":10},{"damage":0,"enemies":"Blue Slaver","floor":13,"turns":2},{"damage":0,"enemies":"2 Fungi Beasts","floor":14,"turns":3},{"damage":35,"enemies":"Slime Boss","floor":16,"turns":6},{"damage":0,"enemies":"Chosen","floor":18,"turns":5},{"damage":14,"enemies":"Shell Parasite","floor":21,"turns":6},{"damage":16,"enemies":"Book of Stabbing","floor":23,"turns":4},{"damage":85,"enemies":"Nightmare","floor":25,"turns":8},{"damage":0,"enemies":"Snake Plant","floor":28,"turns":3},{"damage":0,"enemies":"Cultist and Chosen","floor":29,"turns":5},{"damage":10,"enemies":"Snecko","floor":31,"turns":5},{"damage":50,"enemies":"Champ","floor":33,"turns":10}],"seed_played":"8304875743633577441","potions_obtained":[{"floor":4,"key":"Energy Potion"},{"floor":6,"key":"Weak Potion"},{"floor":13,"key":"Regen Potion"},{"floor":14,"key":"Dexterity Potion"},{"floor":16,"key":"Slimebound:ThreeZeroPotion"},{"floor":18,"key":"Guardian:BlockOnCardUsePotion"},{"floor":21,"key":"Regen Potion"},{"floor":23,"key":"bronze:BurnAndBuffPotion"},{"floor":25,"key":"ColorlessPotion"},{"floor":28,"key":"infinitespire:BlackPotion"},{"floor":29,"key":"Swift Potion"},{"floor":31,"key":"PowerPotion"}],"is_trial":false,"path_per_floor":["M","M","$","M","$","E","R","?","T","R","$","R","M","M","R","B",null,"M","AVR","$","M","?","E","R","NM","T","R","M","M","$","M","R","B"],"character_chosen":"RobotSpaceExplorer","items_purchased":["RobotSpaceExplorer:PowerGlove","RobotSpaceExplorer:MiniDrones","RobotSpaceExplorer:ShockMissile","RobotSpaceExplorer:Pulsar"],"campfire_rested":4,"item_purchase_floors":[3,5,20,20],"current_hp_per_floor":[68,68,68,66,66,38,58,58,58,58,58,58,58,58,58,36,68,68,68,68,54,49,33,53,13,13,33,33,33,33,23,43,0,0],"gold":70,"neow_bonus":"RANDOM_COLORLESS_2","is_daily":false,"chose_seed":false,"campfire_upgraded":3,"win_rate":0.0,"timestamp":1612647916,"path_taken":["M","M","$","M","$","E","R","?","T","R","?","R","M","M","R","BOSS","M","AVR","?","M","?","E","R","NM","T","R","M","M","$","M","R","BOSS"],"items_purchased_type":["Card","Card","Card","Card"],"build_version":"2020-12-22","purchased_purges":1,"victory":false,"max_hp_per_floor":[68,68,68,68,68,68,68,68,68,68,68,68,68,68,68,68,68,68,68,68,68,68,68,68,68,68,68,68,68,68,68,68,68,68],"card_choices":[{"not_picked":["The Bomb","Thinking Ahead"],"picked":"hubris:EnhanceAbility","floor":0},{"not_picked":["RobotSpaceExplorer:Probe","RobotSpaceExplorer:MiniDrones"],"picked":"RobotSpaceExplorer:Pulsar","floor":1},{"not_picked":["RobotSpaceExplorer:Counterblock","RobotSpaceExplorer:MiniDrones"],"picked":"RobotSpaceExplorer:ImprovisedAttack","floor":2},{"not_picked":["RobotSpaceExplorer:Counterblock","RobotSpaceExplorer:Ammunition"],"picked":"RobotSpaceExplorer:ShovelStrike","floor":4},{"not_picked":["RobotSpaceExplorer:SurgingStrike","RobotSpaceExplorer:Fix"],"picked":"RobotSpaceExplorer:Explosion","floor":6},{"not_picked":["RobotSpaceExplorer:SurgingShield","RobotSpaceExplorer:DoubleFind"],"picked":"RobotSpaceExplorer:LuckyStrike","floor":13},{"not_picked":["RobotSpaceExplorer:ShockKick","RobotSpaceExplorer:StunGrenade"],"picked":"RobotSpaceExplorer:MiniDrones","floor":14},{"not_picked":["RobotSpaceExplorer:Blaster","RobotSpaceExplorer:Asteroid"],"picked":"RobotSpaceExplorer:ShockMissile","floor":16},{"not_picked":["RobotSpaceExplorer:GlueShot","RobotSpaceExplorer:StunGrenade","RobotSpaceExplorer:MiniDrones"],"picked":"SKIP","floor":18},{"not_picked":["RobotSpaceExplorer:GlueShot","RobotSpaceExplorer:ShockKick+1","RobotSpaceExplorer:FreezeRay"],"picked":"SKIP","floor":21},{"not_picked":["RobotSpaceExplorer:ShockKick","RobotSpaceExplorer:ImprovisedAttack+1"],"picked":"RobotSpaceExplorer:ScrapMissile","floor":23},{"not_picked":["RobotSpaceExplorer:Ammunition","RobotSpaceExplorer:SwiftStep"],"picked":"RobotSpaceExplorer:SlimeMissile","floor":24},{"not_picked":["infinitespire:FutureSight","infinitespire:Menacing"],"picked":"hubris:InfiniteBlow+5","floor":25},{"not_picked":["RobotSpaceExplorer:SwiftStep+1","RobotSpaceExplorer:GlueShot","RobotSpaceExplorer:DualCore+1"],"picked":"SKIP","floor":25},{"not_picked":["RobotSpaceExplorer:Blitz","RobotSpaceExplorer:MiniDrones"],"picked":"RobotSpaceExplorer:Probe+1","floor":28},{"not_picked":["RobotSpaceExplorer:SurgingStrike","RobotSpaceExplorer:MetalStrike+1"],"picked":"RobotSpaceExplorer:Counterblock+1","floor":29},{"not_picked":["RobotSpaceExplorer:ToxicBomb","RobotSpaceExplorer:FrostMissile"],"picked":"RobotSpaceExplorer:StunGrenade+1","floor":31},{"not_picked":["RobotSpaceExplorer:MiniDrones","RobotSpaceExplorer:StarDust+1"],"picked":"RobotSpaceExplorer:ShockMissile","floor":32}],"player_experience":786202,"relics_obtained":[{"floor":6,"key":"War Paint"},{"floor":9,"key":"White Beast Statue"},{"floor":23,"key":"Dream Catcher"},{"floor":25,"key":"Whetstone"},{"floor":26,"key":"The Courier"}],"event_choices":[{"damage_healed":0,"gold_gain":0,"player_choice":"1 cards matched","damage_taken":0,"max_hp_gain":0,"max_hp_loss":0,"event_name":"Match and Keep!","floor":8,"gold_loss":0,"cards_obtained":["RobotSpaceExplorer:Scanner"]}],"is_beta":false,"boss_relics":[{"not_picked":["Philosopher\u0027s Stone","Runic Dome"],"picked":"SacredBark"}],"items_purged_floors":[30],"is_endless":true,"potions_floor_spawned":[4,6,13,14,16,18,21,23,25,28,29,31],"killed_by":"Champ","ascension_level":1}}