{"host":"0pljgn4gjyqmpm94","time":1612589014,"event":{"mods":["BaseMod","Downfall","Marisa£®ÏF”Í°°ƒß¿Ì…≥£©","Minty Spire (QoL Compilation)","StSLib","The Servant 0.9.4"],"gold_per_floor":[99,119,104,254,354,264,332,348,348,348,364,264,264,149,168,168,168],"floor_reached":16,"language":"ZHS","playtime":2410,"items_purged":["bronze:ClassDefault","Guardian:Gem_Yellow"],"score":176,"play_id":"8617f1fd-71d3-4a7e-95aa-297bc334ede3","local_time":"20210206132334","daily_mods":["SealedDeck","Flight","Lethality"],"is_ascension_mode":true,"campfire_choices":[{"floor":9,"key":"REST"},{"floor":13,"key":"RECALL"}],"circlet_count":0,"master_deck":["AscendersBane","Guardian:ExploitGems","Guardian:ExploitGems","CarveReality","LuminesStrike","Meditate","sneckomod:QuickMove","hexamod:NightmareGuise","Sanctity","champ:ShieldSigil","MysteriousBeam","PowerUp","bronze:Allocate","Doubt","champ:GutPunch","Acceleration","Slimebound:ComboTackle"],"relics":["PureWater","Guardian:PickAxe","downfall:HeartBlessingBlue"],"acts_visited":["Exordium"],"potions_floor_usage":[],"damage_taken":[{"damage":0,"enemies":"2 Louse","floor":2,"turns":3},{"damage":25,"enemies":"downfall:FleeingMerchant","floor":3,"turns":4},{"damage":16,"enemies":"downfall:FleeingMerchant","floor":6,"turns":4},{"damage":0,"enemies":"Jaw Worm","floor":8,"turns":2},{"damage":1,"enemies":"Cultist","floor":11,"turns":3},{"damage":28,"enemies":"downfall:FleeingMerchant","floor":14,"turns":4},{"damage":21,"enemies":"Gremlin Gang","floor":15,"turns":3},{"damage":27,"enemies":"SI_SHIV_ARCHETYPE","floor":16,"turns":3}],"seed_played":"-7309603125896629334","potions_obtained":[{"floor":8,"key":"SmokeBomb"},{"floor":11,"key":"Slimebound:ThreeZeroPotion"}],"is_trial":true,"path_per_floor":["R","M","$","?","?","$","T","M","R","?","M","R","R","$","M","B"],"character_chosen":"WATCHER","items_purchased":[],"campfire_rested":1,"item_purchase_floors":[],"current_hp_per_floor":[61,61,36,36,36,20,20,20,40,45,44,54,54,41,20,0,0],"gold":168,"neow_bonus":"","is_daily":false,"chose_seed":false,"campfire_upgraded":0,"win_rate":0.0,"timestamp":1612589014,"path_taken":["R","M","$","?","?","?","T","?","R","?","M","R","R","$","M","BOSS"],"items_purchased_type":[],"build_version":"2020-12-22","purchased_purges":2,"victory":false,"max_hp_per_floor":[68,68,68,68,68,68,68,68,68,73,73,83,83,83,83,83,83],"card_choices":[{"not_picked":["champ:AdrenalArmor","Guardian:WalkerClaw"],"picked":"bronze:Allocate","floor":2},{"not_picked":["hexamod:BacktrackSmack","hexamod:FifthSeal","sneckomod:UnknownCommonSkill"],"picked":"SKIP","floor":3},{"not_picked":["sneckomod:UnknownUncommonPower","Guardian:Suspension","Guardian:TimeCapacitor"],"picked":"SKIP","floor":6},{"not_picked":["sneckomod:UnknownClassGUARDIAN","hexamod:CatchUp"],"picked":"champ:GutPunch","floor":8},{"not_picked":["Guardian:ShieldCharger","champ:Lariat","champ:BerserkersShout"],"picked":"SKIP","floor":11},{"not_picked":["EmptyMind","sneckomod:SoulDraw"],"picked":"Acceleration","floor":14},{"not_picked":["bronze:Branch","sneckomod:QuickMove"],"picked":"Slimebound:ComboTackle","floor":15}],"player_experience":30597,"relics_obtained":[],"event_choices":[{"damage_healed":0,"gold_gain":0,"player_choice":"Donut","damage_taken":0,"max_hp_gain":5,"max_hp_loss":0,"event_name":"Big Fish","floor":10,"gold_loss":0}],"is_beta":false,"boss_relics":[],"items_purged_floors":[6,14],"is_endless":true,"potions_floor_spawned":[8,11,15],"killed_by":"SI_SHIV_ARCHETYPE","ascension_level":20}}