{"host":"gaqyve1328ta0etl","time":1612600752,"event":{"mods":["BaseMod","Colored Map","Colored Powertips","Duelist Mod","Googly Eyes","Hero for Fun","Minty Spire (QoL Compilation)","Shop Mod","StSLib","SuperFastMode","The Hierophant","The Runesmith"],"gold_per_floor":[12,12,12,30,30,30,50,50,50,91,91,112,112,130,130,249,249,264,174,187,203,128,128,28,28,28,28,42,57,157,182,182,182,182],"floor_reached":33,"language":"ENG","playtime":2044,"items_purged":["Defend_B","Defend_B"],"score":446,"play_id":"716cdbb4-70db-49c6-adff-936a8e4abb6c","local_time":"20210206003912","is_ascension_mode":true,"campfire_choices":[{"floor":6,"key":"REST"},{"data":"Zap","floor":8,"key":"SMITH"},{"data":"Consume","floor":11,"key":"SMITH"},{"data":"Hyperbeam","floor":13,"key":"SMITH"},{"floor":15,"key":"REST"},{"data":"Defragment","floor":23,"key":"SMITH"},{"floor":32,"key":"REST"}],"circlet_count":0,"master_deck":["AscendersBane","Zap+1","Consume+1","Core Surge","Conserve Battery","Hyperbeam+1","Coolheaded+1","Conserve Battery","Defragment+1","Electrodynamics","Meteor Strike+1","Go for the Eyes+1","Core Surge+1","Gash+1","Capacitor+1","Chaos"],"relics":["Cracked Core","Golden Idol","Gremlin Horn","Dream Catcher","Astrolabe","White Beast Statue"],"acts_visited":["Exordium","TheCity"],"potions_floor_usage":[10,16,33,33],"damage_taken":[{"damage":4,"enemies":"Jaw Worm","floor":1,"turns":4},{"damage":10,"enemies":"2 Louse","floor":4,"turns":3},{"damage":0,"enemies":"Cultist","floor":7,"turns":3},{"damage":5,"enemies":"3 Sentries","floor":10,"turns":7},{"damage":0,"enemies":"3 Louse","floor":12,"turns":1},{"damage":5,"enemies":"Lots of Slimes","floor":14,"turns":2},{"damage":0,"enemies":"The Guardian","floor":16,"turns":17},{"damage":7,"enemies":"Shell Parasite","floor":18,"turns":8},{"damage":8,"enemies":"Spheric Guardian","floor":20,"turns":4},{"damage":7,"enemies":"Chosen and Byrds","floor":21,"turns":5},{"damage":8,"enemies":"Centurion and Healer","floor":28,"turns":5},{"damage":11,"enemies":"3 Cultists","floor":29,"turns":3},{"damage":26,"enemies":"Shelled Parasite and Fungi","floor":31,"turns":5},{"damage":30,"enemies":"Collector","floor":33,"turns":7}],"seed_played":"-8908950154131075705","potions_obtained":[{"floor":4,"key":"PowerPotion"},{"floor":7,"key":"EssenceOfSteel"},{"floor":20,"key":"SteroidPotion"},{"floor":28,"key":"FearPotion"},{"floor":29,"key":"Explosive Potion"},{"floor":31,"key":"SkillPotion"}],"is_trial":false,"path_per_floor":["M","$","?","M","?","R","M","R","T","E","R","M","R","M","R","B",null,"M","?","M","M","$","R","$","$","T","?","M","M","?","M","R","B"],"character_chosen":"DEFECT","items_purchased":[],"campfire_rested":3,"item_purchase_floors":[],"current_hp_per_floor":[64,64,46,36,36,58,58,58,58,53,53,53,53,48,70,70,74,67,67,59,52,52,52,52,52,52,52,44,33,33,7,29,0,0],"gold":182,"neow_bonus":"TRANSFORM_TWO_CARDS","is_daily":false,"chose_seed":false,"campfire_upgraded":4,"win_rate":0.0,"timestamp":1612600752,"path_taken":["M","$","?","M","?","R","M","R","T","E","R","?","R","M","R","BOSS","M","?","?","M","$","R","?","$","T","?","?","M","?","M","R","BOSS"],"items_purchased_type":[],"build_version":"2020-12-22","purchased_purges":2,"victory":false,"max_hp_per_floor":[75,75,75,75,75,75,75,75,75,75,75,75,75,75,75,75,75,75,75,75,75,75,75,75,75,75,75,75,75,75,75,75,75,75],"card_choices":[{"not_picked":["Redo","Conserve Battery"],"picked":"Sweeping Beam","floor":1},{"not_picked":["Turbo","Force Field"],"picked":"Conserve Battery","floor":4},{"not_picked":["Beam Cell","Turbo"],"picked":"Coolheaded","floor":7},{"not_picked":["Streamline","Steam Power","Cold Snap"],"picked":"SKIP","floor":10},{"not_picked":["Force Field","Aggregate"],"picked":"Conserve Battery","floor":12},{"not_picked":["Chill","Cold Snap","Leap"],"picked":"SKIP","floor":14},{"not_picked":["Darkness","Streamline"],"picked":"Defragment","floor":15},{"not_picked":["Fission","All For One"],"picked":"Electrodynamics","floor":16},{"not_picked":["Force Field","Aggregate","Conserve Battery"],"picked":"SKIP","floor":18},{"not_picked":["Stack+1","Go for the Eyes"],"picked":"Gash+1","floor":20},{"not_picked":["Rebound+1","Sweeping Beam","Turbo+1"],"picked":"SKIP","floor":21},{"not_picked":["Skim","Storm","Barrage+1"],"picked":"SKIP","floor":28},{"not_picked":["Melter","Gash"],"picked":"Capacitor+1","floor":29},{"not_picked":["White Noise+1","Static Discharge"],"picked":"Chaos","floor":31}],"player_experience":2084775,"relics_obtained":[{"floor":9,"key":"Gremlin Horn"},{"floor":10,"key":"Dream Catcher"},{"floor":26,"key":"White Beast Statue"}],"event_choices":[{"damage_healed":0,"gold_gain":0,"player_choice":"Take Damage","damage_taken":18,"relics_obtained":["Golden Idol"],"max_hp_gain":0,"max_hp_loss":0,"event_name":"Golden Idol","floor":3,"gold_loss":0},{"damage_healed":0,"gold_gain":0,"cards_transformed":["Strike_B"],"player_choice":"Transformed","damage_taken":0,"max_hp_gain":0,"max_hp_loss":0,"event_name":"Transmorgrifier","floor":5,"gold_loss":0,"cards_obtained":["Hyperbeam"]},{"cards_removed":["Defend_B"],"damage_healed":0,"gold_gain":0,"player_choice":"Upgrade and Remove","damage_taken":0,"max_hp_gain":0,"max_hp_loss":0,"event_name":"Designer","floor":19,"gold_loss":90,"cards_upgraded":["Coolheaded"]},{"cards_removed":["Sweeping Beam"],"damage_healed":0,"gold_gain":0,"player_choice":"Purged","damage_taken":0,"max_hp_gain":0,"max_hp_loss":0,"event_name":"Purifier","floor":27,"gold_loss":0},{"damage_healed":0,"gold_gain":100,"player_choice":"Pray","damage_taken":0,"max_hp_gain":0,"max_hp_loss":0,"event_name":"Golden Shrine","floor":30,"gold_loss":0}],"is_beta":false,"boss_relics":[{"not_picked":["Snecko Eye","Philosopher\u0027s Stone"],"picked":"Astrolabe"}],"items_purged_floors":[22,24],"is_endless":false,"potions_floor_spawned":[4,7,20,28,29,31],"killed_by":"Collector","ascension_level":10}}