{"host":"d52brwsy6af8zvaq","time":1612579471,"event":{"mods":["AchievementEnabler","BaseMod","Bestiary","Highlight Path","Minty Spire (QoL Compilation)","Quick Restart","Relic Stats","ojb\u0027s Better Paths Mod"],"gold_per_floor":[114,127,127,49,49,78,78,95,143,172,184,184,184,184],"floor_reached":13,"language":"ENG","playtime":286,"items_purged":[],"score":186,"play_id":"0f49edf1-7078-4474-ba41-4fb37e4f3e34","local_time":"20210205194431","is_ascension_mode":true,"campfire_choices":[{"floor":7.0,"key":"REST"},{"floor":12,"key":"REST"}],"circlet_count":0,"master_deck":["AscendersBane","Strike_B","Strike_B+1","Defend_B","Defend_B","Defend_B","Defend_B","Zap","Dualcast","Redo","Beam Cell","Compile Driver","Defragment","Rainbow","Sunder+1","Undo","Steam"],"relics":["Cracked Core","Art of War","Whetstone","Nunchaku"],"acts_visited":["Exordium"],"potions_floor_usage":[13],"damage_taken":[{"damage":9.0,"enemies":"2 Louse","floor":1.0,"turns":3.0},{"damage":0.0,"enemies":"Cultist","floor":2.0,"turns":3.0},{"damage":51.0,"enemies":"Gremlin Nob","floor":6.0,"turns":4.0},{"damage":10.0,"enemies":"Jaw Worm","floor":8.0,"turns":2.0},{"damage":12.0,"enemies":"3 Sentries","floor":10.0,"turns":5.0},{"damage":1,"enemies":"Exordium Thugs","floor":11,"turns":4},{"damage":28,"enemies":"Gremlin Nob","floor":13,"turns":3}],"seed_played":"6364160112126389658","potions_obtained":[{"floor":8.0,"key":"Explosive Potion"},{"floor":10.0,"key":"Explosive Potion"}],"is_trial":false,"path_per_floor":["M","M","?","$","?","E","R","M","T","E","M","R","E"],"character_chosen":"DEFECT","items_purchased":["Defragment"],"campfire_rested":2,"item_purchase_floors":[4],"current_hp_per_floor":[55,55,55,55,55,4,25,15,15,3,2,23,0,0],"gold":184,"neow_bonus":"TRANSFORM_CARD","is_daily":false,"chose_seed":false,"campfire_upgraded":0,"win_rate":0.0,"timestamp":1612579471,"path_taken":["M","M","?","?","?","E","R","M","T","E","M","R","E"],"items_purchased_type":["Card"],"build_version":"2020-12-22","purchased_purges":0,"victory":false,"max_hp_per_floor":[71,71,71,71,71,71,71,71,71,71,71,71,71,71],"relic_stats":{"Nunchaku":[0],"counters":[7,24],"Art of War":[5],"Whetstone":["Strike_B","Sunder"],"obtain_stats":[{"Nunchaku":10,"Art of War":6,"Whetstone":9,"Cracked Core":0},{"Nunchaku":5,"Art of War":3,"Whetstone":4,"Cracked Core":0},{"Nunchaku":17,"Art of War":10,"Whetstone":12,"Cracked Core":0}]},"card_choices":[{"not_picked":["Coolheaded","Skim"],"picked":"Beam Cell","floor":1.0},{"not_picked":["Barrage","Blizzard"],"picked":"Compile Driver","floor":2.0},{"not_picked":["Rip and Tear","Go for the Eyes"],"picked":"Rainbow","floor":6.0},{"not_picked":["Barrage","Scrape"],"picked":"Sunder","floor":8.0},{"not_picked":["Turbo","Redo"],"picked":"Undo","floor":10.0},{"not_picked":["Skim","Reprogram"],"picked":"Steam","floor":11}],"player_experience":2160207,"relics_obtained":[{"floor":6.0,"key":"Art of War"},{"floor":9.0,"key":"Whetstone"},{"floor":10.0,"key":"Nunchaku"}],"event_choices":[{"cards_removed":["Strike_B"],"damage_healed":0.0,"max_hp_gain":0.0,"max_hp_loss":0.0,"gold_gain":0.0,"event_name":"Wheel of Change","player_choice":"Card Removal","floor":3.0,"gold_loss":0.0,"damage_taken":0.0},{"damage_healed":0.0,"max_hp_gain":0.0,"max_hp_loss":0.0,"gold_gain":0.0,"event_name":"Liars Game","player_choice":"Ignored","floor":5.0,"gold_loss":0.0,"damage_taken":0.0}],"is_beta":false,"boss_relics":[],"items_purged_floors":[],"is_endless":false,"potions_floor_spawned":[8,10],"killed_by":"Gremlin Nob","ascension_level":20}}