{"host":"1qhzi8r9ejho5yph","time":1612609460,"event":{"mods":["AchievementEnabler","BaseMod","Colored Map","Colored Powertips","Highlight Path","Minty Spire (QoL Compilation)","Permanent Neow","Quick Restart","Random Character Button","StSLib","SuperFastMode","Synergy Search"],"gold_per_floor":[112,128,128,146,146,146,171,171,195,195,230,230,11,38,38,120,120,142,160,182,362,5,5,28,28,52,76,99,99,124,49,49,131,131,151,131,152,152,161,161,182,217,240,249,249,52,52,72,72,72],"floor_reached":51,"language":"ENG","playtime":2625,"items_purged":["Reprogram","Parasite"],"score":1134,"play_id":"09761126-c09c-4911-b93f-82e2b764bf90","local_time":"20210206190420","is_ascension_mode":true,"campfire_choices":[{"data":"Coolheaded","floor":6.0,"key":"SMITH"},{"floor":8.0,"key":"REST"},{"data":"Hologram","floor":10.0,"key":"SMITH"},{"floor":12.0,"key":"REST"},{"data":"Defragment","floor":15.0,"key":"SMITH"},{"floor":23.0,"key":"REST"},{"data":"Consume","floor":25.0,"key":"SMITH"},{"floor":29.0,"key":"REST"},{"data":"Echo Form","floor":32.0,"key":"SMITH"},{"floor":40.0,"key":"REST"},{"floor":45.0,"key":"REST"},{"floor":49,"key":"REST"}],"circlet_count":0,"master_deck":["AscendersBane","Strike_B+1","Defend_B","Zap","Dualcast","Streamline+1","Coolheaded+1","Hologram+1","Conserve Battery","Go for the Eyes","Redo","Defragment+1","Core Surge","Blizzard","Conserve Battery","Conserve Battery","Glacier","Defragment","Consume+1","Echo Form+1","Capacitor+1","BootSequence","Multi-Cast","Sweeping Beam+1","Coolheaded+1","Sweeping Beam+1","Go for the Eyes+1","Glacier","Finesse","Coolheaded"],"relics":["Cracked Core","FaceOfCleric","Happy Flower","Whetstone","Oddly Smooth Stone","CeramicFish","Inserter","Molten Egg 2","Bronze Scales","Empty Cage","Strawberry"],"acts_visited":["Exordium","TheCity","TheBeyond"],"potions_floor_usage":[48,50],"damage_taken":[{"damage":7.0,"enemies":"Jaw Worm","floor":1.0,"turns":3.0},{"damage":5.0,"enemies":"Small Slimes","floor":2.0,"turns":3.0},{"damage":1.0,"enemies":"Cultist","floor":4.0,"turns":3.0},{"damage":15.0,"enemies":"Lagavulin","floor":7.0,"turns":7.0},{"damage":24.0,"enemies":"Gremlin Nob","floor":11.0,"turns":4.0},{"damage":5.0,"enemies":"3 Louse","floor":14.0,"turns":2.0},{"damage":2.0,"enemies":"The Guardian","floor":16.0,"turns":10.0},{"damage":0.0,"enemies":"Spheric Guardian","floor":18.0,"turns":6.0},{"damage":22.0,"enemies":"2 Thieves","floor":20.0,"turns":4.0},{"damage":8.0,"enemies":"3 Cultists","floor":24.0,"turns":9.0},{"damage":7.0,"enemies":"Snake Plant","floor":27.0,"turns":5.0},{"damage":12.0,"enemies":"Centurion and Healer","floor":28.0,"turns":7.0},{"damage":10.0,"enemies":"Snecko","floor":30.0,"turns":5.0},{"damage":36.0,"enemies":"Collector","floor":33.0,"turns":14.0},{"damage":17.0,"enemies":"3 Shapes","floor":35.0,"turns":7.0},{"damage":5.0,"enemies":"Orb Walker","floor":37.0,"turns":6.0},{"damage":22.0,"enemies":"3 Darklings","floor":41.0,"turns":7.0},{"damage":45.0,"enemies":"Writhing Mass","floor":42.0,"turns":10.0},{"damage":20,"enemies":"Spire Growth","floor":48,"turns":9},{"damage":7,"enemies":"Time Eater","floor":50,"turns":20}],"seed_played":"8499263034628746217","potions_obtained":[{"floor":2.0,"key":"LiquidBronze"},{"floor":4.0,"key":"LiquidMemories"},{"floor":18.0,"key":"SteroidPotion"},{"floor":27.0,"key":"SpeedPotion"},{"floor":33.0,"key":"FocusPotion"},{"floor":35.0,"key":"Energy Potion"},{"floor":36.0,"key":"LiquidMemories"},{"floor":42.0,"key":"FearPotion"}],"is_trial":false,"path_per_floor":["M","M","?","M","?","R","E","R","T","R","E","R","$","M","R","B",null,"M","?","M","?","$","R","M","R","T","M","M","R","M","$","R","B",null,"M","?","M","$","?","R","M","M","T","?","R","$","?","M","R","B",null],"character_chosen":"DEFECT","items_purchased":["CeramicFish","Go for the Eyes","Redo","Glacier","Defragment","Molten Egg 2","Coolheaded","Energy Potion"],"campfire_rested":7,"item_purchase_floors":[13,13,13,22,22,22,46,46],"current_hp_per_floor":[57,52,45,44,44,44,30,51,51,51,28,49,49,45,45,44,67,68,68,47,28,28,51,44,44,44,38,27,51,42,42,42,7,63,47,47,43,43,43,68,47,3,10,10,37,37,37,18,45,39],"gold":72,"neow_bonus":"REMOVE_CARD","is_daily":false,"chose_seed":false,"campfire_upgraded":5,"win_rate":0.0,"timestamp":1612609460,"path_taken":["M","M","?","M","?","R","E","R","T","R","E","R","$","?","R","BOSS","M","?","M","?","$","R","?","R","T","M","M","R","M","?","R","BOSS","M","?","?","$","?","R","M","?","T","?","R","$","?","M","R","BOSS"],"items_purchased_type":["Relic","Card","Card","Card","Card","Relic","Card","Potion"],"build_version":"2020-12-22","purchased_purges":2,"victory":true,"max_hp_per_floor":[71,71,71,71,71,71,72,72,72,72,73,73,73,74,74,75,75,76,76,77,77,77,77,78,78,78,79,80,80,81,81,81,82,82,83,83,84,84,84,84,85,86,93,93,93,90,90,91,91,92],"card_choices":[{"not_picked":["Compile Driver","Turbo"],"picked":"Streamline","floor":1.0},{"not_picked":["Barrage","Capacitor"],"picked":"Coolheaded","floor":2.0},{"not_picked":["Rebound","Undo"],"picked":"Hologram","floor":4.0},{"not_picked":["Reprogram","Buffer"],"picked":"Conserve Battery","floor":7.0},{"not_picked":["Steam Power","Scrape","Darkness"],"picked":"SKIP","floor":11.0},{"not_picked":["Go for the Eyes","Ball Lightning"],"picked":"Defragment","floor":14.0},{"not_picked":["Reboot","Meteor Strike"],"picked":"Core Surge","floor":16.0},{"not_picked":["Gash","Steam"],"picked":"Blizzard","floor":18.0},{"not_picked":["Turbo","Streamline"],"picked":"Conserve Battery","floor":20.0},{"not_picked":["Conserve Battery","Hello World"],"picked":"Consume","floor":24.0},{"not_picked":["Sweeping Beam+1","Heatsinks"],"picked":"Echo Form","floor":27.0},{"not_picked":["Chaos+1","Turbo"],"picked":"Capacitor+1","floor":28.0},{"not_picked":["Steam+1","Skim"],"picked":"BootSequence","floor":30.0},{"not_picked":["Fission","Thunder Strike+1"],"picked":"Multi-Cast","floor":33.0},{"not_picked":["Conserve Battery+1","Streamline+1"],"picked":"Sweeping Beam+1","floor":35.0},{"not_picked":["Static Discharge","Steam"],"picked":"Coolheaded+1","floor":37.0},{"not_picked":["Sweeping Beam+1","Skim"],"picked":"Go for the Eyes+1","floor":41.0},{"not_picked":["Skim","Barrage+1"],"picked":"Glacier","floor":42.0},{"not_picked":["Metamorphosis","Deep Breath"],"picked":"Finesse","floor":44.0},{"not_picked":["Ball Lightning+1","Go for the Eyes+1","Steam"],"picked":"SKIP","floor":48}],"player_experience":370902,"relics_obtained":[{"floor":7.0,"key":"Happy Flower"},{"floor":9.0,"key":"Whetstone"},{"floor":11.0,"key":"Oddly Smooth Stone"},{"floor":26.0,"key":"Bronze Scales"},{"floor":43.0,"key":"Strawberry"}],"event_choices":[{"cards_removed":["Strike_B"],"damage_healed":0.0,"max_hp_gain":0.0,"max_hp_loss":0.0,"gold_gain":0.0,"event_name":"Golden Wing","player_choice":"Card Removal","floor":3.0,"gold_loss":0.0,"damage_taken":7.0},{"damage_healed":0.0,"max_hp_gain":0.0,"max_hp_loss":0.0,"gold_gain":0.0,"event_name":"FaceTrader","player_choice":"Trade","floor":5.0,"gold_loss":0.0,"damage_taken":0.0,"relics_obtained":["FaceOfCleric"]},{"damage_healed":0.0,"max_hp_gain":0.0,"max_hp_loss":0.0,"gold_gain":0.0,"cards_transformed":["Strike_B","Defend_B"],"event_name":"Drug Dealer","player_choice":"Became Test Subject","floor":19.0,"gold_loss":0.0,"damage_taken":0.0,"cards_obtained":["Reprogram","Conserve Battery"]},{"damage_healed":0.0,"max_hp_gain":0.0,"max_hp_loss":0.0,"gold_gain":180.0,"event_name":"Knowing Skull","player_choice":"GOLD GOLD ","floor":21.0,"potions_obtained":[],"gold_loss":0.0,"damage_taken":19.0,"cards_obtained":[]},{"damage_healed":0.0,"max_hp_gain":0.0,"max_hp_loss":0.0,"gold_gain":0.0,"event_name":"The Woman in Blue","player_choice":"Bought 1 Potion","floor":36.0,"gold_loss":0.0,"damage_taken":0.0},{"damage_healed":0.0,"max_hp_gain":0.0,"max_hp_loss":0.0,"gold_gain":0.0,"event_name":"Match and Keep!","player_choice":"1 cards matched","floor":39.0,"gold_loss":0.0,"damage_taken":0.0,"cards_obtained":["Sweeping Beam"]},{"damage_healed":0.0,"max_hp_gain":0.0,"max_hp_loss":0.0,"gold_gain":0.0,"event_name":"SensoryStone","player_choice":"Memory 1","floor":44.0,"gold_loss":0.0,"damage_taken":0.0},{"damage_healed":0.0,"max_hp_gain":0.0,"max_hp_loss":0.0,"gold_gain":0.0,"event_name":"Mysterious Sphere","player_choice":"Ignored","floor":47.0,"gold_loss":0.0,"damage_taken":0.0}],"is_beta":false,"boss_relics":[{"not_picked":["Astrolabe","Runic Pyramid"],"picked":"Inserter"},{"not_picked":["Velvet Choker","Coffee Dripper"],"picked":"Empty Cage"}],"items_purged_floors":[31,46],"is_endless":false,"potions_floor_spawned":[2,4,7,11,18,27,33,35,42],"ascension_level":15}}