{"host":"nwd160me4iqdtr8u","time":1612638844,"event":{"mods":["AchievementEnabler","Act Like it!","BaseMod","Colored Map","DeckTracker","Keyboard Shortcuts","Minty Spire (QoL Compilation)","Quick Restart","Rare Cards Sparkle","Smile Girya","StSLib","SuperFastMode","everything is the same but u backflip on backflip"],"gold_per_floor":[116,116,126,76,46,73,89,89,89,152,152,178,178,193,193,288,288,306,405,405,101,114,142,142,168,218,218,236,252,15,50,50,150,150,170,15,15,26,40,74,74,0,26,26,52,52,52,67,67,67],"floor_reached":51,"language":"KOR","playtime":2035,"items_purged":["Strike_B"],"score":1005,"play_id":"51af9cd5-6e38-4eee-9637-158ca7b76c6f","local_time":"20210207041404","is_ascension_mode":true,"campfire_choices":[{"data":"Sunder","floor":8.0,"key":"SMITH"},{"data":"Defragment","floor":11.0,"key":"SMITH"},{"data":"Zap","floor":15.0,"key":"SMITH"},{"floor":32,"key":"REST"},{"floor":41,"key":"REST"},{"data":"1","floor":46,"key":"LIFT"},{"data":"2","floor":49,"key":"LIFT"}],"circlet_count":1,"master_deck":["Strike_B+1","Defend_B","Defend_B","Defend_B","Defend_B","Zap+1","Dualcast+1","Cold Snap","Sunder+1","Compile Driver+1","Defragment+1","FTL","Electrodynamics","Seek","Hologram","Consume+1","Glacier+1","Stack","Ball Lightning+1","Buffer","Glacier","Rainbow","Coolheaded","Loop","Defragment+1","Hologram+1","Capacitor"],"relics":["Cracked Core","Boot","Ornamental Fan","Circlet","Whetstone","Fusion Hammer","Girya","Medical Kit","Sundial","Unceasing Top","Juzu Bracelet","Lizard Tail","Snecko Eye","Happy Flower","Kunai","Red Mask","Nunchaku","Blood Vial"],"acts_visited":["Exordium","TheCity","TheBeyond"],"potions_floor_usage":[31,33,33,40,50],"damage_taken":[{"damage":0.0,"enemies":"Small Slimes","floor":1.0,"turns":3.0},{"damage":0.0,"enemies":"Cultist","floor":3.0,"turns":4.0},{"damage":23.0,"enemies":"Lagavulin","floor":6.0,"turns":6.0},{"damage":0.0,"enemies":"2 Louse","floor":7.0,"turns":1.0},{"damage":8.0,"enemies":"3 Sentries","floor":10.0,"turns":7.0},{"damage":10.0,"enemies":"Gremlin Nob","floor":12.0,"turns":3.0},{"damage":0.0,"enemies":"Large Slime","floor":14.0,"turns":4.0},{"damage":12.0,"enemies":"Hexaghost","floor":16.0,"turns":10.0},{"damage":11.0,"enemies":"2 Thieves","floor":18.0,"turns":3.0},{"damage":1.0,"enemies":"3 Byrds","floor":22.0,"turns":2.0},{"damage":12.0,"enemies":"Slavers","floor":23.0,"turns":3.0},{"damage":26.0,"enemies":"Book of Stabbing","floor":25.0,"turns":6.0},{"damage":0.0,"enemies":"Cultist and Chosen","floor":28.0,"turns":6.0},{"damage":0.0,"enemies":"Snake Plant","floor":29.0,"turns":2.0},{"damage":13,"enemies":"Slavers","floor":31,"turns":4},{"damage":15,"enemies":"Automaton","floor":33,"turns":11},{"damage":0,"enemies":"3 Shapes","floor":35,"turns":2},{"damage":0,"enemies":"Orb Walker","floor":38,"turns":2},{"damage":15,"enemies":"Jaw Worm Horde","floor":39,"turns":5},{"damage":0,"enemies":"Reptomancer","floor":40,"turns":6},{"damage":4,"enemies":"Nemesis","floor":45,"turns":7},{"damage":0,"enemies":"Maw","floor":48,"turns":6},{"damage":20,"enemies":"Time Eater","floor":50,"turns":12}],"seed_played":"3530587284094668115","potions_obtained":[{"floor":5.0,"key":"DuplicationPotion"},{"floor":5.0,"key":"Fruit Juice"},{"floor":6.0,"key":"Strength Potion"},{"floor":12.0,"key":"Dexterity Potion"},{"floor":14.0,"key":"Fire Potion"},{"floor":22.0,"key":"Dexterity Potion"},{"floor":28.0,"key":"SteroidPotion"},{"floor":29.0,"key":"GamblersBrew"},{"floor":38,"key":"Dexterity Potion"},{"floor":40,"key":"AttackPotion"},{"floor":45,"key":"Fire Potion"}],"is_trial":false,"path_per_floor":["M","?","M","?","?","E","M","R","T","?","R","E","?","M","R","B",null,"M","?","T","$","M","E","?","E","T","?","M","M","$","E","R","B",null,"M","$","?","M","M","E","R","?","T","$","E","R","?","M","R","B",null],"character_chosen":"DEFECT","items_purchased":["Seek","Medical Kit","Buffer","PotionOfCapacity","Happy Flower"],"campfire_rested":2,"item_purchase_floors":[21,21,30,30,36],"current_hp_per_floor":[75,68,68,68,73,50,50,50,50,42,42,32,32,32,32,20,65,54,54,54,54,53,41,41,15,15,15,15,15,15,2,26,11,63,63,63,63,63,48,48,70,70,70,70,66,66,66,68,68,50],"gold":67,"neow_bonus":"UPGRADE_CARD","is_daily":false,"chose_seed":false,"campfire_upgraded":3,"win_rate":0.0,"timestamp":1612638844,"path_taken":["M","?","M","?","?","E","?","R","T","?","R","E","?","M","R","BOSS","M","?","?","$","M","E","?","E","T","?","M","M","?","E","R","BOSS","M","$","?","M","M","E","R","?","T","?","E","R","?","M","R","BOSS"],"items_purchased_type":["Card","Relic","Card","Potion","Relic"],"build_version":"2020-12-22","purchased_purges":1,"victory":true,"max_hp_per_floor":[75,75,75,75,80,80,80,80,80,80,80,80,80,80,80,80,80,80,80,80,80,80,80,80,80,80,80,80,80,80,80,80,80,80,80,80,76,76,76,76,76,76,76,76,76,76,76,76,76,76],"card_choices":[{"not_picked":["Rebound","Streamline"],"picked":"Cold Snap","floor":1.0},{"not_picked":["Ball Lightning","Streamline"],"picked":"Sunder","floor":3.0},{"not_picked":["Go for the Eyes","Doom and Gloom"],"picked":"Compile Driver","floor":6.0},{"not_picked":["Leap","Compile Driver"],"picked":"Defragment","floor":7.0},{"not_picked":["Steam","Reinforced Body"],"picked":"FTL","floor":12.0},{"not_picked":["Go for the Eyes","Sweeping Beam"],"picked":"Conserve Battery","floor":14.0},{"not_picked":["Thunder Strike","Multi-Cast"],"picked":"Electrodynamics","floor":16.0},{"not_picked":["Barrage","Turbo","Compile Driver"],"picked":"SKIP","floor":18.0},{"not_picked":["Streamline","Steam+1"],"picked":"Hologram","floor":22.0},{"not_picked":["Leap+1","Storm"],"picked":"Consume","floor":23.0},{"not_picked":["Rip and Tear","Static Discharge"],"picked":"Glacier","floor":25.0},{"not_picked":["Leap","Gash"],"picked":"Stack","floor":28.0},{"not_picked":["Fusion+1","Leap"],"picked":"Ball Lightning+1","floor":29.0},{"not_picked":["Sunder","Rip and Tear"],"picked":"Glacier","floor":31},{"not_picked":["Amplify","Electrodynamics"],"picked":"Rainbow","floor":33},{"not_picked":["Turbo","Coolheaded","Ball Lightning"],"picked":"SKIP","floor":35},{"not_picked":["Turbo","Ball Lightning"],"picked":"Coolheaded","floor":35},{"not_picked":["Leap","Beam Cell+1"],"picked":"Loop","floor":38},{"not_picked":["Chaos+1","Glacier+1"],"picked":"Defragment+1","floor":39},{"not_picked":["Amplify","Leap+1"],"picked":"Hologram+1","floor":40},{"not_picked":["Sweeping Beam","Force Field"],"picked":"Capacitor","floor":45},{"not_picked":["Chill+1","Conserve Battery","Scrape"],"picked":"SKIP","floor":48}],"player_experience":401771,"relics_obtained":[{"floor":6.0,"key":"Boot"},{"floor":9.0,"key":"Ornamental Fan"},{"floor":10.0,"key":"HollowMod:StagPassRelic"},{"floor":12.0,"key":"Whetstone"},{"floor":20.0,"key":"Girya"},{"floor":23.0,"key":"Sundial"},{"floor":25.0,"key":"Unceasing Top"},{"floor":26.0,"key":"Juzu Bracelet"},{"floor":31,"key":"Lizard Tail"},{"floor":40,"key":"Kunai"},{"floor":43,"key":"Nunchaku"},{"floor":45,"key":"Blood Vial"}],"event_choices":[{"cards_removed":["Strike_B"],"damage_healed":0.0,"max_hp_gain":0.0,"max_hp_loss":0.0,"gold_gain":0.0,"event_name":"Golden Wing","player_choice":"Card Removal","floor":2.0,"gold_loss":0.0,"damage_taken":7.0},{"cards_removed":["Strike_B"],"damage_healed":0.0,"max_hp_gain":0.0,"max_hp_loss":0.0,"gold_gain":0.0,"event_name":"The Cleric","player_choice":"Card Removal","floor":4.0,"gold_loss":50.0,"damage_taken":0.0},{"damage_healed":0.0,"max_hp_gain":0.0,"max_hp_loss":0.0,"gold_gain":0.0,"event_name":"The Woman in Blue","player_choice":"Bought 2 Potions","floor":5.0,"gold_loss":0.0,"damage_taken":0.0},{"damage_healed":0.0,"max_hp_gain":0.0,"max_hp_loss":0.0,"gold_gain":0.0,"event_name":"Dead Adventurer","player_choice":"Searched \u00271\u0027 times","floor":10.0,"gold_loss":0.0,"damage_taken":0.0},{"damage_healed":0.0,"max_hp_gain":0.0,"max_hp_loss":0.0,"gold_gain":0.0,"event_name":"Liars Game","player_choice":"Ignored","floor":13.0,"gold_loss":0.0,"damage_taken":0.0},{"damage_healed":0.0,"max_hp_gain":0.0,"max_hp_loss":0.0,"gold_gain":99.0,"event_name":"Nest","player_choice":"Stole From Cult","floor":19.0,"gold_loss":0.0,"damage_taken":0.0},{"damage_healed":0.0,"max_hp_gain":0.0,"max_hp_loss":0.0,"gold_gain":0.0,"event_name":"Upgrade Shrine","player_choice":"Upgraded","floor":24.0,"gold_loss":0.0,"damage_taken":0.0,"cards_upgraded":["Consume"]},{"damage_healed":0.0,"max_hp_gain":0.0,"max_hp_loss":0.0,"gold_gain":0.0,"event_name":"Upgrade Shrine","player_choice":"Upgraded","floor":27.0,"gold_loss":0.0,"damage_taken":0.0,"cards_upgraded":["Glacier"]},{"damage_healed":0,"gold_gain":0,"player_choice":"Max HP","damage_taken":0,"max_hp_gain":0,"max_hp_loss":4,"event_name":"Winding Halls","floor":37,"gold_loss":0},{"damage_healed":0,"gold_gain":0,"player_choice":"Paid","damage_taken":0,"relics_obtained":["Red Mask"],"max_hp_gain":0,"max_hp_loss":0,"event_name":"Tomb of Lord Red Mask","floor":42,"gold_loss":74},{"cards_removed":["Conserve Battery"],"damage_healed":0,"gold_gain":0,"player_choice":"Removed Skill","damage_taken":0,"max_hp_gain":0,"max_hp_loss":0,"event_name":"Falling","floor":47,"gold_loss":0}],"is_beta":false,"boss_relics":[{"not_picked":["Tiny House","Velvet Choker"],"picked":"Fusion Hammer"},{"not_picked":["Runic Dome","SlaversCollar"],"picked":"Snecko Eye"}],"items_purged_floors":[21],"is_endless":false,"potions_floor_spawned":[6,12,14,22,28,29,38,40,45],"ascension_level":5}}