{"host":"k3d6qnel5hz5mlh4","time":1612635864,"event":{"mods":["AchievementEnabler","BaseMod","Better Note","Better Skull","Better Vampires","Bossed Relics","Card Forge","Displayed Cursed Tome","Downfall","Hero for Fun","Hyrulean Relics","Marked Mod","Mimic Mod","Minty Spire (QoL Compilation)","Permanent Neow","Small Relic Pack","StSLib","The Animator","The Death Knight","The Saiyan","The Wild Card","Wandering Minibosses"],"gold_per_floor":[99,110,122,422,422,454,480,496,506,518,82,82,147,147,160,258,258,58,58,67,77,77,86,111,184,84,139,208,259,259,103,154,291,291,291,348,405,405,405,405,439,465,517,585,585,675,675,734,786,826,826,901,60,60,100,140],"floor_reached":57,"language":"ENG","playtime":2131,"items_purged":[],"score":1643,"play_id":"338e6b83-8982-4990-8702-17ec364b6cd6","local_time":"20210206192424","is_ascension_mode":false,"campfire_choices":[{"floor":1,"key":"RECALL"},{"floor":12,"key":"REST"},{"data":"1","floor":18,"key":"LIFT"},{"data":"2","floor":26,"key":"LIFT"},{"data":"3","floor":30,"key":"LIFT"},{"floor":35,"key":"REST"},{"floor":45,"key":"REST"},{"data":"relicPack:TruthCard","floor":54,"key":"SMITH"}],"circlet_count":0,"master_deck":["relicPack:TruthCard","Serious_Punch+1","Saiyan:SenzuBean+1","Serious_Punch+1","Serious_Punch+1","Serious_Punch+1"],"relics":["Hammer of Thor","Seething Fire","Anvil of the Gods","Runic Pyramid","hexamod:BolsterEngine","Toy Ornithopter","Bronze Scales","Incense Burner","Whetstone","relicPack:DarknessArmor","Guardian:PocketSentry","MawBank","Juzu Bracelet","PreservedInsect","Ancient Tea Set","sneckomod:LoadedDie","Bag of Preparation","Orrery","Girya","MealTicket","relicPack:EdsArm","CeramicFish","Busted Crown","downfall:HeartBlessingRed","downfall:HeartBlessingGreen","DeathKnight:PutricidesVial","downfall:KnowingSkull","Nunchaku","Regal Pillow","Pen Nib","downfall:HeartBlessingBlue","Dream Catcher","Art of War","War Paint","Blood Vial","Frozen Eye","Tiny Chest","Centennial Puzzle","Black Star","Lantern","Vajra","relicPack:DSword","relicPack:OneForAll","Potion Belt","Bag of Marbles","Happy Flower","Boot","Oddly Smooth Stone","Smiling Mask","sneckomod:CleanMud","Anchor","Orichalcum","Bottled Lightning","Torii","hexamod:CandleOfCauterizing","Bottled Flame","Sundial","Chemical X"],"acts_visited":["Exordium","TheCity","TheBeyond","TheEnding"],"potions_floor_usage":[25,25,25,29,37,50,50],"damage_taken":[{"damage":7,"enemies":"Small Slimes","floor":2,"turns":3},{"damage":0,"enemies":"2 Louse","floor":3,"turns":2},{"damage":0,"enemies":"downfall:FleeingMerchant","floor":4,"turns":2},{"damage":0,"enemies":"Lagavulin","floor":6,"turns":2},{"damage":0,"enemies":"Cultist","floor":8,"turns":2},{"damage":0,"enemies":"Large Slime","floor":9,"turns":2},{"damage":0,"enemies":"Gremlin Nob","floor":13,"turns":2},{"damage":1,"enemies":"2 Fungi Beasts","floor":15,"turns":1},{"damage":2,"enemies":"SI_SHIV_ARCHETYPE","floor":16,"turns":3},{"damage":1,"enemies":"3 Byrds","floor":21,"turns":3},{"damage":4,"enemies":"Gremlin Leader","floor":25,"turns":2},{"damage":2,"enemies":"Shell Parasite","floor":27,"turns":2},{"damage":4,"enemies":"Book of Stabbing","floor":28,"turns":2},{"damage":4,"enemies":"Snecko","floor":29,"turns":2},{"damage":2,"enemies":"3 Cultists","floor":32,"turns":3},{"damage":4,"enemies":"DF_ARCHETYPE_CLAW","floor":33,"turns":2},{"damage":4,"enemies":"3 Darklings","floor":36,"turns":2},{"damage":7,"enemies":"3 Shapes","floor":37,"turns":2},{"damage":4,"enemies":"Writhing Mass","floor":43,"turns":2},{"damage":4,"enemies":"Reptomancer","floor":44,"turns":2},{"damage":4,"enemies":"Reptomancer","floor":46,"turns":2},{"damage":4,"enemies":"Maw","floor":48,"turns":1},{"damage":4,"enemies":"3 Darklings","floor":49,"turns":2},{"damage":2,"enemies":"IC_BLOCK_ARCHETYPE","floor":50,"turns":2},{"damage":4,"enemies":"downfall:CharBossMerchant","floor":52,"turns":2},{"damage":4,"enemies":"downfall:NeowBoss","floor":55,"turns":3},{"damage":4,"enemies":"downfall:NeowBossFinal","floor":56,"turns":2}],"seed_played":"-8696942043472935164","potions_obtained":[{"floor":6,"key":"Weak Potion"},{"floor":15,"key":"DuplicationPotion"},{"floor":16,"key":"DuplicationPotion"},{"floor":27,"key":"hexamod:SoulburnPotion"},{"floor":29,"key":"Fire Potion"},{"floor":36,"key":"BlessingOfTheForge"},{"floor":44,"key":"champ:CounterPotion"},{"floor":52,"key":"SpeedPotion"}],"is_trial":false,"path_per_floor":["R","M","M","$","?","E","T","M","M","?","$","R","?","?","M","B",null,"R","?","?","M","?","?","T","E","R","M","E","M","R","$","M","B",null,"R","M","M","?","?","?","T","T","M","E","R","?","?","M","M","B",null,"E","$","R","B","B",null],"character_chosen":"THE_SNECKO","items_purchased":["sneckomod:LoadedDie","Bag of Preparation","Orrery","Frozen Eye","Bottled Flame","Sundial","Chemical X","Regen Potion","LiquidBronze","Fire Potion"],"campfire_rested":3,"item_purchase_floors":[11,11,11,31,53,53,53,53,53,53],"current_hp_per_floor":[90,83,83,83,71,71,71,71,71,7,7,34,34,34,33,31,85,85,85,85,84,77,77,77,85,95,93,89,90,90,95,93,91,95,95,91,91,56,56,56,56,56,54,52,95,91,91,89,87,95,95,91,95,95,91,89],"gold":140,"neow_bonus":"BOSS_RELIC","is_daily":false,"chose_seed":false,"campfire_upgraded":1,"win_rate":0.0,"timestamp":1612635864,"path_taken":["R","M","M","$","?","E","T","M","M","?","$","R","?","?","M","BOSS","R","?","?","M","?","?","T","E","R","M","E","M","R","$","M","BOSS","R","M","M","?","?","?","T","?","M","E","R","?","?","M","M","BOSS","E","$","R","BOSS","BOSS"],"items_purchased_type":["Relic","Relic","Relic","Relic","Relic","Relic","Relic","Potion","Potion","Potion"],"build_version":"2020-12-22","purchased_purges":0,"victory":true,"max_hp_per_floor":[90,90,90,90,90,90,90,90,90,90,90,90,90,85,85,85,85,85,85,85,85,85,85,85,85,95,95,95,95,95,95,95,95,95,95,95,95,95,95,95,95,95,95,95,95,95,95,95,95,95,95,95,95,95,95,95],"card_choices":[{"not_picked":["sneckomod:UnknownClassDEATH_KNIGHT_COLOR","sneckomod:DiceBoulder","sneckomod:SerpentIdol"],"picked":"SKIP","floor":2},{"not_picked":["sneckomod:DefensiveFlair","sneckomod:TrashToTreasure","sneckomod:UnknownClassPURPLE"],"picked":"SKIP","floor":3},{"not_picked":["sneckomod:IronFang","sneckomod:DiceBlock","sneckomod:UnknownClassSAIYAN_CARD_COLOR"],"picked":"SKIP","floor":4},{"not_picked":["sneckomod:UnknownUncommonAttack","sneckomod:UnknownClassPURPLE","sneckomod:UnknownClassDEATH_KNIGHT_COLOR"],"picked":"SKIP","floor":6},{"not_picked":["sneckomod:Unknown3Cost","sneckomod:Nope","sneckomod:Rotation"],"picked":"SKIP","floor":8},{"not_picked":["sneckomod:Unknown2Cost","sneckomod:UnknownVulnerable","sneckomod:UnknownClassTHE_CHAMP_GRAY"],"picked":"SKIP","floor":9},{"not_picked":["sneckomod:Nope","sneckomod:Unknown2Cost","sneckomod:UnknownClassHEXA_GHOST_PURPLE"],"picked":"SKIP","floor":15},{"not_picked":["sneckomod:UnknownClassRED+1"],"picked":"SKIP","floor":21},{"not_picked":["sneckomod:SnekBeam+1"],"picked":"SKIP","floor":25},{"not_picked":["sneckomod:UnknownStrength"],"picked":"SKIP","floor":27},{"not_picked":["sneckomod:UnknownClassHEXA_GHOST_PURPLE"],"picked":"SKIP","floor":28},{"not_picked":["sneckomod:QuickMove"],"picked":"SKIP","floor":29},{"not_picked":["sneckomod:UnknownClassYELLOW+1"],"picked":"SKIP","floor":32},{"not_picked":["sneckomod:UnknownClassSLIMEBOUND+1"],"picked":"SKIP","floor":36},{"not_picked":["sneckomod:SerpentIdol"],"picked":"SKIP","floor":37},{"not_picked":["sneckomod:ImprovisedAttack+1"],"picked":"SKIP","floor":43},{"not_picked":["sneckomod:UnknownClassTHE_CHAMP_GRAY+1"],"picked":"SKIP","floor":44},{"not_picked":["sneckomod:UnknownClassGUARDIAN+1"],"picked":"SKIP","floor":48},{"not_picked":["sneckomod:UnknownClassGUARDIAN+1"],"picked":"SKIP","floor":49},{"not_picked":["sneckomod:DiceCrush"],"picked":"SKIP","floor":52}],"player_experience":271569,"relics_obtained":[{"floor":2,"key":"hexamod:BolsterEngine"},{"floor":3,"key":"Toy Ornithopter"},{"floor":4,"key":"Bronze Scales"},{"floor":6,"key":"Whetstone"},{"floor":6,"key":"relicPack:DarknessArmor"},{"floor":8,"key":"Guardian:PocketSentry"},{"floor":9,"key":"MawBank"},{"floor":13,"key":"Girya"},{"floor":13,"key":"MealTicket"},{"floor":16,"key":"CeramicFish"},{"floor":21,"key":"DeathKnight:PutricidesVial"},{"floor":24,"key":"Nunchaku"},{"floor":25,"key":"Regal Pillow"},{"floor":25,"key":"Pen Nib"},{"floor":27,"key":"Dream Catcher"},{"floor":28,"key":"Art of War"},{"floor":28,"key":"War Paint"},{"floor":29,"key":"Blood Vial"},{"floor":32,"key":"Tiny Chest"},{"floor":33,"key":"Centennial Puzzle"},{"floor":36,"key":"Lantern"},{"floor":37,"key":"Vajra"},{"floor":41,"key":"Potion Belt"},{"floor":42,"key":"Bag of Marbles"},{"floor":43,"key":"Happy Flower"},{"floor":44,"key":"Boot"},{"floor":44,"key":"Oddly Smooth Stone"},{"floor":44,"key":"Smiling Mask"},{"floor":46,"key":"sneckomod:CleanMud"},{"floor":46,"key":"Anchor"},{"floor":49,"key":"Orichalcum"},{"floor":52,"key":"Bottled Lightning"},{"floor":52,"key":"Torii"},{"floor":52,"key":"hexamod:CandleOfCauterizing"}],"event_choices":[{"damage_healed":0,"gold_gain":0,"player_choice":"Success","damage_taken":12,"relics_obtained":["Incense Burner"],"max_hp_gain":0,"max_hp_loss":0,"event_name":"Scrap Ooze","floor":5,"gold_loss":0},{"damage_healed":0,"gold_gain":0,"player_choice":"RE RE RE ","damage_taken":70,"relics_obtained":["Juzu Bracelet","PreservedInsect","Ancient Tea Set"],"max_hp_gain":0,"max_hp_loss":0,"event_name":"betterSkull:BetterSkull","floor":10,"gold_loss":0,"cards_upgraded":[]},{"cards_removed":["Serious_Punch"],"damage_healed":0,"gold_gain":0,"player_choice":"Removed Attack","damage_taken":0,"max_hp_gain":0,"max_hp_loss":0,"event_name":"Falling","floor":40,"gold_loss":0}],"is_beta":false,"boss_relics":[{"not_picked":["Astrolabe","bronze:MakeshiftBattery"],"picked":"Busted Crown"},{"not_picked":["Empty Cage","Fusion Hammer"],"picked":"Black Star"}],"items_purged_floors":[],"is_endless":false,"potions_floor_spawned":[6,15,16,21,27,29,36,44,52],"ascension_level":0}}