{"host":"sc0o2qwpf9j16a4i","time":1612626440,"event":{"mods":["AchievementEnabler","BaseMod","BetterRewards","Block Reminder","Colored Map","Colored Powertips","Custom Start","Highlight Path","Minty Spire (QoL Compilation)","Relic Stats"],"gold_per_floor":[113,125,125,125,45,79,79,112,157,172,184,41,61,75,75,152,152,72,72],"floor_reached":18,"language":"ENG","playtime":491,"items_purged":[],"score":344,"play_id":"993db23c-d20f-486c-9bd8-7a1c237c0dfc","local_time":"20210206174720","is_ascension_mode":true,"campfire_choices":[{"floor":7,"key":"REST"},{"floor":15,"key":"REST"}],"circlet_count":0,"master_deck":["AscendersBane","Strike_G","Strike_G","Strike_G","Strike_G","Strike_G","Defend_G","Defend_G","Defend_G","Defend_G","Defend_G","Survivor","Neutralize","Sucker Punch","Backstab","Predator","Deflect","Escape Plan","Sucker Punch","Flechettes","Blade Dance","Venomology"],"relics":["SacredBark","Oddly Smooth Stone","Letter Opener","Pen Nib","Bronze Scales","Snecko Eye"],"acts_visited":["Exordium","TheCity"],"potions_floor_usage":[6,10,13,16,16],"damage_taken":[{"damage":11,"enemies":"Small Slimes","floor":1,"turns":6},{"damage":3,"enemies":"Cultist","floor":2,"turns":5},{"damage":20,"enemies":"3 Sentries","floor":6,"turns":10},{"damage":42,"enemies":"Gremlin Nob","floor":8,"turns":5},{"damage":0,"enemies":"2 Louse","floor":10,"turns":1},{"damage":0,"enemies":"Blue Slaver","floor":11,"turns":3},{"damage":0,"enemies":"Large Slime","floor":13,"turns":3},{"damage":0,"enemies":"2 Fungi Beasts","floor":14,"turns":3},{"damage":4,"enemies":"Slime Boss","floor":16,"turns":5},{"damage":13,"enemies":"2 Thieves","floor":18,"turns":3}],"seed_played":"-4669360120654034786","potions_obtained":[{"floor":1,"key":"Ancient Potion"},{"floor":2,"key":"Weak Potion"},{"floor":6,"key":"SteroidPotion"},{"floor":13,"key":"Weak Potion"},{"floor":14,"key":"EntropicBrew"}],"is_trial":false,"path_per_floor":["M","M","?","?","$","E","R","E","T","M","M","$","M","M","R","B",null,"M"],"character_chosen":"THE_SILENT","items_purchased":["DuplicationPotion","AttackPotion","CunningPotion"],"campfire_rested":2,"item_purchase_floors":[5,12,12],"current_hp_per_floor":[48,45,45,45,45,25,44,2,2,2,2,2,2,2,21,17,54,41,41],"gold":72,"neow_bonus":"BOSS_RELIC","is_daily":false,"chose_seed":false,"campfire_upgraded":0,"win_rate":0.0,"timestamp":1612626440,"path_taken":["M","M","?","?","$","E","R","E","T","M","M","$","?","M","R","BOSS","M"],"items_purchased_type":["Potion","Potion","Potion"],"build_version":"2020-12-22","purchased_purges":0,"victory":false,"max_hp_per_floor":[66,66,66,66,66,66,66,66,66,66,66,66,66,66,66,66,66,66,66],"relic_stats":{"counters":[10,44],"Bronze Scales":[27],"Snecko Eye":[4,6,6,5],"Pen Nib":[4],"Letter Opener":[29],"obtain_stats":[{"SacredBark":0,"Bronze Scales":9,"Oddly Smooth Stone":4,"Snecko Eye":17,"Pen Nib":8,"Letter Opener":6,"Ring of the Snake":0},{"SacredBark":0,"Bronze Scales":4,"Oddly Smooth Stone":2,"Snecko Eye":9,"Pen Nib":4,"Letter Opener":3,"Ring of the Snake":0},{"SacredBark":0,"Bronze Scales":26,"Oddly Smooth Stone":11,"Snecko Eye":41,"Pen Nib":26,"Letter Opener":21,"Ring of the Snake":0}]},"card_choices":[{"not_picked":["Escape Plan","Deflect"],"picked":"Sucker Punch","floor":1},{"not_picked":["Prepared","Leg Sweep"],"picked":"Backstab","floor":2},{"not_picked":["Sucker Punch","Blade Dance"],"picked":"Predator","floor":6},{"not_picked":["Blade Dance","Grand Finale"],"picked":"Deflect","floor":8},{"not_picked":["Cloak And Dagger","Flying Knee"],"picked":"Escape Plan","floor":10},{"not_picked":["Endless Agony","PiercingWail"],"picked":"Sucker Punch","floor":11},{"not_picked":["Deadly Poison","Escape Plan"],"picked":"Flechettes","floor":13},{"not_picked":["Deflect","Outmaneuver"],"picked":"Blade Dance","floor":14},{"not_picked":["Phantasmal Killer","Doppelganger"],"picked":"Venomology","floor":16}],"player_experience":1232645,"relics_obtained":[{"floor":6,"key":"Letter Opener"},{"floor":8,"key":"Pen Nib"},{"floor":9,"key":"Bronze Scales"}],"event_choices":[{"damage_healed":0,"gold_gain":0,"player_choice":"Ignored","damage_taken":0,"max_hp_gain":0,"max_hp_loss":0,"event_name":"Liars Game","floor":3,"gold_loss":0},{"damage_healed":0,"gold_gain":0,"player_choice":"Gave Potion","damage_taken":0,"relics_obtained":["Oddly Smooth Stone"],"max_hp_gain":0,"max_hp_loss":0,"event_name":"WeMeetAgain","floor":4,"gold_loss":0}],"is_beta":false,"boss_relics":[{"not_picked":["Cursed Key","Velvet Choker"],"picked":"Snecko Eye"}],"items_purged_floors":[],"is_endless":false,"potions_floor_spawned":[1,2,6,13,14],"killed_by":"2 Thieves","ascension_level":20}}