{"host":"rantoq7h0pygex6x","time":1612586587,"event":{"mods":["AchievementEnabler","BaseMod","BetterRewards","Minty Spire (QoL Compilation)"],"gold_per_floor":[115,125,138,151,151,151,151,51,74,74,39,56,56,70,70,148,148,162,437,65,75,75,75,75,75],"floor_reached":24,"language":"ENG","playtime":558,"items_purged":["Strike_B","Strike_B","Regret"],"score":672,"play_id":"3f003b5c-0105-429a-bb12-38d6d54c2933","local_time":"20210206124307","is_ascension_mode":true,"campfire_choices":[{"floor":6.0,"key":"REST"},{"data":"Storm","floor":10.0,"key":"SMITH"},{"data":"Buffer","floor":13,"key":"SMITH"},{"data":"Zap","floor":15,"key":"SMITH"},{"data":"Sunder","floor":23,"key":"SMITH"}],"circlet_count":0,"master_deck":["AscendersBane","Strike_B","Strike_B","Defend_B","Defend_B","Defend_B","Defend_B","Zap+1","Dualcast","Ball Lightning","Storm+1","Buffer+1","Hologram+1","Self Repair","Melter","Loop+1","Hologram","Amplify","Capacitor","Self Repair","Sunder+1"],"relics":["Cracked Core","Lantern","Nuclear Battery","Runic Capacitor"],"acts_visited":["Exordium","TheCity"],"potions_floor_usage":[21,24],"damage_taken":[{"damage":0.0,"enemies":"Cultist","floor":1.0,"turns":3.0},{"damage":0.0,"enemies":"2 Louse","floor":2.0,"turns":3.0},{"damage":7.0,"enemies":"Small Slimes","floor":3.0,"turns":2.0},{"damage":4.0,"enemies":"3 Louse","floor":4.0,"turns":3.0},{"damage":21,"enemies":"Exordium Thugs","floor":12,"turns":4},{"damage":22,"enemies":"Lots of Slimes","floor":14,"turns":4},{"damage":0,"enemies":"Slime Boss","floor":16,"turns":8},{"damage":17,"enemies":"2 Thieves","floor":18,"turns":4},{"damage":25,"enemies":"Shell Parasite","floor":21,"turns":4},{"damage":48,"enemies":"Book of Stabbing","floor":24,"turns":4}],"seed_played":"2956267315161988736","potions_obtained":[{"floor":2.0,"key":"BlessingOfTheForge"},{"floor":4.0,"key":"EssenceOfSteel"},{"floor":14,"key":"Weak Potion"},{"floor":18,"key":"Ancient Potion"}],"is_trial":false,"path_per_floor":["M","M","M","M","?","R","?","$","T","R","?","M","R","M","R","B",null,"M","?","$","M","$","R","E"],"character_chosen":"DEFECT","items_purchased":["Ball Lightning","Storm","Buffer","Hologram","Runic Capacitor","Self Repair"],"campfire_rested":1,"item_purchase_floors":[0,0,0,0,20,20],"current_hp_per_floor":[36,43,36,32,11,32,55,55,55,55,71,57,57,42,42,49,66,56,56,56,45,45,45,0,0],"gold":75,"neow_bonus":"","is_daily":false,"chose_seed":false,"campfire_upgraded":4,"win_rate":0.0,"timestamp":1612586587,"path_taken":["M","M","M","?","?","R","?","$","T","R","?","M","R","M","R","BOSS","M","?","$","M","?","R","E"],"items_purchased_type":["Card","Card","Card","Card","Relic","Card"],"build_version":"2020-12-22","purchased_purges":3,"victory":false,"max_hp_per_floor":[71,71,71,71,71,71,71,71,71,71,71,71,71,71,71,71,71,71,71,71,71,71,71,71,71],"card_choices":[{"not_picked":["Go for the Eyes","Hologram"],"picked":"Self Repair","floor":1.0},{"not_picked":["Double Energy","Conserve Battery"],"picked":"Melter","floor":2.0},{"not_picked":["Doom and Gloom","Beam Cell","Hologram"],"picked":"SKIP","floor":3.0},{"not_picked":["Redo","Static Discharge"],"picked":"Loop","floor":4.0},{"not_picked":["Double Energy","Ball Lightning"],"picked":"Hologram","floor":12},{"not_picked":["Lockon","Gash","Rebound"],"picked":"SKIP","floor":14},{"not_picked":["Biased Cognition","Fission"],"picked":"Amplify","floor":16},{"not_picked":["Ball Lightning","Undo+1"],"picked":"Capacitor","floor":18},{"not_picked":["Ball Lightning","Coolheaded"],"picked":"Sunder","floor":21}],"player_experience":984676,"relics_obtained":[{"floor":9.0,"key":"Lantern"}],"event_choices":[{"damage_healed":0.0,"max_hp_gain":0.0,"max_hp_loss":0.0,"gold_gain":0.0,"event_name":"Shining Light","player_choice":"Entered Light","floor":5.0,"gold_loss":0.0,"damage_taken":21.0,"cards_upgraded":["Loop","Hologram"]},{"damage_healed":23.0,"max_hp_gain":0.0,"max_hp_loss":0.0,"gold_gain":0.0,"event_name":"Big Fish","player_choice":"Banana","floor":7.0,"gold_loss":0.0,"damage_taken":0.0},{"damage_healed":17.0,"max_hp_gain":0.0,"max_hp_loss":0.0,"gold_gain":0.0,"event_name":"The Cleric","player_choice":"Healed","floor":11.0,"gold_loss":35.0,"damage_taken":0.0},{"damage_healed":0,"gold_gain":275,"player_choice":"Desecrate","damage_taken":0,"max_hp_gain":0,"max_hp_loss":0,"event_name":"Golden Shrine","floor":19,"gold_loss":0,"cards_obtained":["Regret"]}],"is_beta":false,"boss_relics":[{"not_picked":["Sozu","SlaversCollar"],"picked":"Nuclear Battery"}],"items_purged_floors":[0,8,20],"is_endless":false,"potions_floor_spawned":[2,4,14,18],"killed_by":"Book of Stabbing","ascension_level":20}}