{"host":"1ooxfz79hmpvpehx","time":1612621490,"event":{"mods":["BaseMod","Minty Spire (QoL Compilation)","Quick Restart","Replay The Spire","StSLib","SuperFastMode"],"gold_per_floor":[110,110,110,35,50,84,84,101,101,101,435,435,468,487,487,487,487],"floor_reached":16,"language":"ENG","playtime":182,"items_purged":["Defend_B"],"score":143,"play_id":"f3f941ea-73d6-42c5-a979-3271b9e829fa","local_time":"20210206112450","is_ascension_mode":false,"campfire_choices":[{"data":"Gash","floor":7.0,"key":"SMITH"},{"data":"Zap","floor":10.0,"key":"SMITH"},{"data":"Strike_B","floor":12.0,"key":"SMITH"},{"floor":15,"key":"REST"}],"circlet_count":0,"master_deck":["Strike_B","Strike_B+1","Strike_B+1","Strike_B+1","Defend_B","Defend_B","Defend_B","Zap+1","Dualcast","Gash+1","Gash"],"relics":["Cracked Core","NeowsBlessing","Matryoshka","Simple Rune","MealTicket","Omamori","Old Coin","Dream Catcher"],"acts_visited":["Exordium"],"potions_floor_usage":[16],"damage_taken":[{"damage":0.0,"enemies":"2 Louse","floor":1.0,"turns":1.0},{"damage":0.0,"enemies":"Jaw Worm","floor":5.0,"turns":1.0},{"damage":0.0,"enemies":"3 Sentries","floor":6.0,"turns":1.0},{"damage":1.0,"enemies":"Cultist","floor":8.0,"turns":3.0},{"damage":31.0,"enemies":"Lagavulin","floor":11.0,"turns":5.0},{"damage":39.0,"enemies":"3 Sentries","floor":13.0,"turns":6.0},{"damage":2,"enemies":"Blue Slaver","floor":14,"turns":2},{"damage":24,"enemies":"The Guardian","floor":16,"turns":4}],"seed_played":"5799761547379409119","potions_obtained":[{"floor":5.0,"key":"DuplicationPotion"},{"floor":8.0,"key":"Elixir"},{"floor":14,"key":"SteroidPotion"}],"is_trial":false,"path_per_floor":["M","?","?","$","M","E","R","M","T","R","E","R","E","M","R","B"],"character_chosen":"DEFECT","items_purchased":[],"campfire_rested":1,"item_purchase_floors":[],"current_hp_per_floor":[75,75,75,75,75,75,75,74,74,74,43,43,4,2,24,0,0],"gold":487,"neow_bonus":"THREE_ENEMY_KILL","is_daily":false,"chose_seed":false,"campfire_upgraded":3,"win_rate":0.0,"timestamp":1612621490,"path_taken":["M","?","?","?","M","E","R","M","T","R","E","R","E","?","R","BOSS"],"items_purchased_type":[],"build_version":"2020-12-22","purchased_purges":1,"victory":false,"max_hp_per_floor":[75,75,75,75,75,75,75,75,75,75,75,75,75,75,75,75,75],"card_choices":[{"not_picked":["Steam","Compile Driver","Leap"],"picked":"SKIP","floor":1.0},{"not_picked":["Steam","Sweeping Beam","Heatsinks"],"picked":"SKIP","floor":5.0},{"not_picked":["Hyperbeam","Beam Cell"],"picked":"Gash","floor":6.0},{"not_picked":["Steam","Leap","Redo"],"picked":"SKIP","floor":8.0},{"not_picked":["Coolheaded","Capacitor","Panic Button"],"picked":"SKIP","floor":11.0},{"not_picked":["Beam Cell","Coolheaded","Steam"],"picked":"SKIP","floor":13.0},{"not_picked":["Conserve Battery","Coolheaded","Fission"],"picked":"SKIP","floor":14},{"not_picked":["Static Discharge","Compile Driver"],"picked":"Gash","floor":15}],"player_experience":19648,"relics_obtained":[{"floor":6.0,"key":"Simple Rune"},{"floor":9.0,"key":"MealTicket"},{"floor":9.0,"key":"Omamori"},{"floor":11.0,"key":"Old Coin"},{"floor":13.0,"key":"Dream Catcher"}],"event_choices":[{"damage_healed":0.0,"max_hp_gain":0.0,"max_hp_loss":0.0,"gold_gain":0.0,"event_name":"Big Fish","player_choice":"Box","floor":2.0,"gold_loss":0.0,"damage_taken":0.0,"relics_obtained":["Matryoshka"],"cards_obtained":["Regret"]},{"cards_removed":["Regret"],"damage_healed":0.0,"max_hp_gain":0.0,"max_hp_loss":0.0,"gold_gain":0.0,"event_name":"Living Wall","player_choice":"Forget","floor":3.0,"gold_loss":0.0,"damage_taken":0.0}],"is_beta":false,"boss_relics":[],"items_purged_floors":[4],"is_endless":false,"potions_floor_spawned":[5,8,14],"killed_by":"The Guardian","ascension_level":0}}