{"host":"f5gffvlv6a66yqkd","time":1612586495,"event":{"mods":["2.2 Compatiblity","BaseMod","Colored Map","Custom Start","DeckTracker","Keyboard Shortcuts","Minty Spire (QoL Compilation)","Permanent Neow","Quick Restart","Relic Stats","StSLib","SuperFastMode"],"gold_per_floor":[111,111,111,123,123,123,149,165,165,165,175,189,33,49,49,49,49],"floor_reached":16,"language":"KOR","playtime":326,"items_purged":[],"score":204,"play_id":"febb3447-ff43-4e7a-bffb-a5122dbb7edf","local_time":"20210206134135","is_ascension_mode":true,"campfire_choices":[{"data":"Bash","floor":6,"key":"SMITH"},{"data":"Carnage","floor":10,"key":"SMITH"},{"data":"Fire Breathing","floor":15,"key":"SMITH"}],"circlet_count":0,"master_deck":["AscendersBane","Strike_R","Strike_R","Strike_R","Strike_R","Defend_R","Defend_R","Defend_R","Bash+1","Regret","Fire Breathing+1","Sever Soul","Sword Boomerang","Thunderclap","Flame Barrier","Carnage+1","Battle Trance","Offering","Sentinel"],"relics":["Burning Blood","Sundial","Boot","Letter Opener"],"acts_visited":["Exordium"],"potions_floor_usage":[11,16],"damage_taken":[{"damage":7,"enemies":"Jaw Worm","floor":1,"turns":3},{"damage":10,"enemies":"2 Louse","floor":4,"turns":2},{"damage":25,"enemies":"3 Sentries","floor":7,"turns":4},{"damage":1,"enemies":"Cultist","floor":8,"turns":3},{"damage":18,"enemies":"Gremlin Gang","floor":11,"turns":5},{"damage":12,"enemies":"Looter","floor":12,"turns":3},{"damage":18,"enemies":"2 Fungi Beasts","floor":14,"turns":3},{"damage":26,"enemies":"Hexaghost","floor":16,"turns":6}],"seed_played":"-2866687606757430190","potions_obtained":[{"floor":1,"key":"BloodPotion"},{"floor":7,"key":"Strength Potion"},{"floor":14,"key":"PowerPotion"}],"is_trial":false,"path_per_floor":["M","?","?","M","?","R","E","M","T","R","M","M","$","M","R","B"],"character_chosen":"IRONCLAD","items_purchased":["Offering"],"campfire_rested":0,"item_purchase_floors":[13],"current_hp_per_floor":[67,67,72,68,68,68,49,54,54,54,42,36,36,24,24,0,0],"gold":49,"neow_bonus":"TRANSFORM_TWO_CARDS","is_daily":false,"chose_seed":false,"campfire_upgraded":3,"win_rate":0.0,"timestamp":1612586495,"path_taken":["M","?","?","M","?","R","E","M","T","R","?","?","$","M","R","BOSS"],"items_purchased_type":["Card"],"build_version":"2020-12-22","purchased_purges":0,"victory":false,"max_hp_per_floor":[75,75,80,80,80,80,80,80,80,80,80,80,80,80,80,80,80],"relic_stats":{"counters":[8,29],"Sundial":[2],"Letter Opener":[5],"Boot":[38],"obtain_stats":[{"Sundial":5,"Letter Opener":9,"Boot":7,"Burning Blood":0},{"Sundial":2,"Letter Opener":4,"Boot":3,"Burning Blood":0},{"Sundial":5,"Letter Opener":12,"Boot":9,"Burning Blood":0}],"Burning Blood":42},"card_choices":[{"not_picked":["Rampage","Clothesline"],"picked":"Sword Boomerang","floor":1},{"not_picked":["Perfected Strike","Pummel"],"picked":"Thunderclap","floor":4},{"not_picked":["Flex","Rampage"],"picked":"Flame Barrier","floor":7},{"not_picked":["Perfected Strike","Warcry"],"picked":"Carnage","floor":8},{"not_picked":["Flex","Perfected Strike","Wild Strike"],"picked":"SKIP","floor":11},{"not_picked":["Twin Strike","Intimidate"],"picked":"Battle Trance","floor":12},{"not_picked":["Anger","Iron Wave"],"picked":"Sentinel","floor":14}],"player_experience":1661361,"relics_obtained":[{"floor":5,"key":"Sundial"},{"floor":7,"key":"Boot"},{"floor":9,"key":"Letter Opener"}],"event_choices":[{"damage_healed":0,"gold_gain":0,"player_choice":"Ignored","damage_taken":0,"max_hp_gain":0,"max_hp_loss":0,"event_name":"Liars Game","floor":2,"gold_loss":0},{"damage_healed":0,"gold_gain":0,"player_choice":"Donut","damage_taken":0,"max_hp_gain":5,"max_hp_loss":0,"event_name":"Big Fish","floor":3,"gold_loss":0},{"damage_healed":0,"gold_gain":0,"player_choice":"Relic","damage_taken":0,"max_hp_gain":0,"max_hp_loss":0,"event_name":"Wheel of Change","floor":5,"gold_loss":0}],"is_beta":false,"boss_relics":[],"items_purged_floors":[],"is_endless":false,"potions_floor_spawned":[1,7,14],"killed_by":"Hexaghost","ascension_level":20}}