{"host":"dyzdf8svqmiivg97","time":1612613631,"event":{"mods":["AchievementEnabler","BaseMod","Colored Map","DeckTracker","Minty Spire (QoL Compilation)","Permanent Neow","Quick Restart","Rare Cards Sparkle","SuperFastMode"],"gold_per_floor":[111,111,36,54,65,65,82,98,98,98,98,110,110,136,136,240,240,258,271,271,186,212,212,246,258,258,258,285,302,401,401,401,401,401],"floor_reached":33,"language":"KOR","playtime":756,"items_purged":["Defend_P"],"score":388,"play_id":"6c220d8b-7484-486e-a437-aceffa46c8fb","local_time":"20210206211351","is_ascension_mode":true,"campfire_choices":[{"data":"Eruption","floor":6,"key":"SMITH"},{"data":"EmptyFist","floor":11,"key":"SMITH"},{"data":"MentalFortress","floor":15,"key":"SMITH"},{"data":"CrushJoints","floor":23,"key":"SMITH"},{"data":"WheelKick","floor":27,"key":"SMITH"},{"floor":32,"key":"REST"}],"circlet_count":0,"master_deck":["Strike_P","Strike_P","Eruption+1","Vigilance+1","EmptyFist+1","Sanctity+1","BowlingBash+1","TalkToTheHand","MentalFortress+1","LessonLearned","DeceiveReality+1","PathToVictory+1","CrushJoints+1","WheelKick+1"],"relics":["PureWater","Sundial","TeardropLocket","Darkstone Periapt","Astrolabe","HornCleat","Torii","MealTicket","War Paint","Akabeko","Gambling Chip","Pen Nib"],"acts_visited":["Exordium","TheCity"],"potions_floor_usage":[24,25],"damage_taken":[{"damage":0,"enemies":"Small Slimes","floor":1,"turns":2},{"damage":0,"enemies":"Cultist","floor":4,"turns":2},{"damage":0,"enemies":"Jaw Worm","floor":5,"turns":2},{"damage":8,"enemies":"Gremlin Gang","floor":7,"turns":4},{"damage":0,"enemies":"Large Slime","floor":8,"turns":3},{"damage":0,"enemies":"3 Louse","floor":12,"turns":2},{"damage":5,"enemies":"Lagavulin","floor":14,"turns":5},{"damage":19,"enemies":"The Guardian","floor":16,"turns":11},{"damage":0,"enemies":"Chosen","floor":18,"turns":3},{"damage":6,"enemies":"2 Thieves","floor":19,"turns":5},{"damage":0,"enemies":"Gremlin Leader","floor":24,"turns":3},{"damage":0,"enemies":"Snake Plant","floor":25,"turns":2},{"damage":23,"enemies":"Book of Stabbing","floor":28,"turns":4},{"damage":16,"enemies":"Centurion and Healer","floor":29,"turns":4},{"damage":49,"enemies":"Automaton","floor":33,"turns":6}],"seed_played":"2257471427212086376","potions_obtained":[{"floor":1,"key":"CultistPotion"},{"floor":4,"key":"AttackPotion"},{"floor":8,"key":"DuplicationPotion"},{"floor":16,"key":"EntropicBrew"},{"floor":25,"key":"PowerPotion"},{"floor":29,"key":"SmokeBomb"}],"is_trial":false,"path_per_floor":["M","?","$","M","M","R","M","M","T","?","R","M","T","E","R","B",null,"M","M","?","?","T","R","E","M","T","R","E","M","?","?","R","B"],"character_chosen":"WATCHER","items_purchased":[],"campfire_rested":1,"item_purchase_floors":[],"current_hp_per_floor":[72,72,72,72,72,72,64,64,64,64,64,64,64,59,59,40,64,64,58,58,58,58,58,58,58,58,58,35,19,19,19,40,0,0],"gold":401,"neow_bonus":"TRANSFORM_TWO_CARDS","is_daily":false,"chose_seed":false,"campfire_upgraded":5,"win_rate":0.0,"timestamp":1612613631,"path_taken":["M","?","$","?","M","R","M","M","T","?","R","M","?","E","R","BOSS","M","?","?","?","?","R","E","M","T","R","E","?","?","?","R","BOSS"],"items_purchased_type":[],"build_version":"2020-12-22","purchased_purges":1,"victory":false,"max_hp_per_floor":[72,72,72,72,72,72,72,72,72,72,72,72,72,72,72,72,72,72,72,72,72,72,72,72,72,72,72,72,72,72,72,72,72,72],"card_choices":[{"not_picked":["ThirdEye","Study"],"picked":"BowlingBash","floor":1},{"not_picked":["FlyingSleeves","FollowUp"],"picked":"TalkToTheHand","floor":4},{"not_picked":["Evaluate","FollowUp","SignatureMove"],"picked":"SKIP","floor":5},{"not_picked":["PathToVictory","FollowUp","EmptyFist"],"picked":"SKIP","floor":7},{"not_picked":["Halt","Nirvana","SashWhip"],"picked":"SKIP","floor":8},{"not_picked":["JustLucky","BowlingBash"],"picked":"MentalFortress","floor":12},{"not_picked":["MasterReality","Evaluate","ClearTheMind"],"picked":"SKIP","floor":14},{"not_picked":["Wish","Alpha"],"picked":"LessonLearned","floor":16},{"not_picked":["Halt","Nirvana","EmptyBody"],"picked":"SKIP","floor":18},{"not_picked":["Perseverance","Wallop+1"],"picked":"CrushJoints","floor":19},{"not_picked":["FlyingSleeves+1","SashWhip"],"picked":"WheelKick","floor":24},{"not_picked":["CrushJoints","WaveOfTheHand","BowlingBash"],"picked":"SKIP","floor":25},{"not_picked":["PathToVictory+1","JustLucky","DeceiveReality"],"picked":"SKIP","floor":28},{"not_picked":["SashWhip","CutThroughFate+1","Perseverance"],"picked":"SKIP","floor":29}],"player_experience":559993,"relics_obtained":[{"floor":9,"key":"Sundial"},{"floor":13,"key":"TeardropLocket"},{"floor":14,"key":"Darkstone Periapt"},{"floor":22,"key":"MealTicket"},{"floor":24,"key":"War Paint"},{"floor":26,"key":"Akabeko"},{"floor":28,"key":"Gambling Chip"}],"event_choices":[{"cards_removed":["Injury"],"damage_healed":0,"gold_gain":0,"player_choice":"Purged","damage_taken":0,"max_hp_gain":0,"max_hp_loss":0,"event_name":"Purifier","floor":2,"gold_loss":0},{"damage_healed":0,"gold_gain":0,"player_choice":"Ignored","damage_taken":0,"max_hp_gain":0,"max_hp_loss":0,"event_name":"Liars Game","floor":10,"gold_loss":0},{"damage_healed":0,"gold_gain":0,"player_choice":"Opened","damage_taken":0,"relics_obtained":["HornCleat"],"max_hp_gain":0,"max_hp_loss":0,"event_name":"The Mausoleum","floor":20,"gold_loss":0},{"damage_healed":0,"gold_gain":0,"player_choice":"Obtained Relic","damage_taken":0,"relics_obtained":["Torii"],"max_hp_gain":0,"max_hp_loss":0,"event_name":"Addict","floor":21,"gold_loss":85},{"damage_healed":0,"gold_gain":99,"player_choice":"Stole From Cult","damage_taken":0,"max_hp_gain":0,"max_hp_loss":0,"event_name":"Nest","floor":30,"gold_loss":0},{"cards_removed":["DeceiveReality"],"damage_healed":0,"gold_gain":0,"player_choice":"Gave Card","damage_taken":0,"relics_obtained":["Pen Nib"],"max_hp_gain":0,"max_hp_loss":0,"event_name":"WeMeetAgain","floor":31,"gold_loss":0}],"is_beta":false,"boss_relics":[{"not_picked":["Coffee Dripper","SacredBark"],"picked":"Astrolabe"}],"items_purged_floors":[3],"is_endless":false,"potions_floor_spawned":[1,4,8,16,25,29],"killed_by":"Automaton","ascension_level":5}}