{"host":"l5zfpd2l2htson6l","time":1612602643,"event":{"mods":["AchievementEnabler","BaseMod","Colored Map","Colored Powertips","Minty Spire (QoL Compilation)","Permanent Neow","Quick Restart","Rare Cards Sparkle","Relic Stats","SuperFastMode"],"gold_per_floor":[112,37,37,49,68,68,102,124,124,140,140,140],"floor_reached":11,"language":"ENG","playtime":407,"items_purged":["Strike_R"],"score":146,"play_id":"2023e09e-f9e1-409b-b9fb-cdf0ed747a48","local_time":"20210206011043","is_ascension_mode":true,"campfire_choices":[{"data":"Bash","floor":6.0,"key":"SMITH"}],"circlet_count":0,"master_deck":["AscendersBane","Strike_R","Strike_R","Strike_R","Strike_R","Defend_R","Defend_R","Defend_R","Defend_R","Bash+1","Infernal Blade","Wild Strike","Battle Trance","Reaper","Armaments","Reaper"],"relics":["Sozu","Champion Belt","Odd Mushroom","Du-Vu Doll"],"acts_visited":["Exordium"],"potions_floor_usage":[],"damage_taken":[{"damage":2.0,"enemies":"Jaw Worm","floor":1.0,"turns":3.0},{"damage":0.0,"enemies":"2 Louse","floor":4.0,"turns":3.0},{"damage":10.0,"enemies":"Small Slimes","floor":5.0,"turns":4.0},{"damage":25.0,"enemies":"3 Sentries","floor":7.0,"turns":9.0},{"damage":20.0,"enemies":"The Mushroom Lair","floor":8.0,"turns":3.0},{"damage":0.0,"enemies":"Red Slaver","floor":10.0,"turns":2.0},{"damage":24,"enemies":"Gremlin Nob","floor":11,"turns":3}],"seed_played":"1571081306672674654","potions_obtained":[],"is_trial":false,"path_per_floor":["M","$","?","M","M","R","E","?","T","M","E"],"character_chosen":"IRONCLAD","items_purchased":[],"campfire_rested":0,"item_purchase_floors":[],"current_hp_per_floor":[66,66,66,66,56,56,31,19,19,19,0,0],"gold":140,"neow_bonus":"BOSS_RELIC","is_daily":false,"chose_seed":false,"campfire_upgraded":1,"win_rate":0.0,"timestamp":1612602643,"path_taken":["M","$","?","M","M","R","E","?","T","M","E"],"items_purchased_type":[],"build_version":"2020-12-22","purchased_purges":1,"victory":false,"max_hp_per_floor":[75,75,75,75,75,75,75,75,75,75,75,75],"relic_stats":{"Sozu":4,"counters":[7,27],"Champion Belt":[3],"obtain_stats":[{"Sozu":0,"Du-Vu Doll":9,"Champion Belt":7,"Odd Mushroom":8,"Burning Blood":0},{"Sozu":0,"Du-Vu Doll":5,"Champion Belt":4,"Odd Mushroom":5,"Burning Blood":0},{"Sozu":0,"Du-Vu Doll":22,"Champion Belt":19,"Odd Mushroom":22,"Burning Blood":0}]},"card_choices":[{"not_picked":["Heavy Blade","Shrug It Off"],"picked":"Infernal Blade","floor":1.0},{"not_picked":["Anger","Cleave"],"picked":"Wild Strike","floor":4.0},{"not_picked":["Anger","Havoc"],"picked":"Battle Trance","floor":5.0},{"not_picked":["True Grit","Burning Pact"],"picked":"Reaper","floor":7.0},{"not_picked":["Sword Boomerang","Wild Strike"],"picked":"Armaments","floor":8.0},{"not_picked":["Flex","Dropkick"],"picked":"Reaper","floor":10.0}],"player_experience":915039,"relics_obtained":[{"floor":7.0,"key":"Champion Belt"},{"floor":8.0,"key":"Odd Mushroom"},{"floor":9.0,"key":"Du-Vu Doll"}],"event_choices":[{"damage_healed":0.0,"max_hp_gain":0.0,"max_hp_loss":0.0,"gold_gain":0.0,"event_name":"The Cleric","player_choice":"Leave","floor":3.0,"gold_loss":0.0,"damage_taken":0.0},{"damage_healed":0.0,"max_hp_gain":0.0,"max_hp_loss":0.0,"gold_gain":0.0,"event_name":"Mushrooms","player_choice":"Fought Mushrooms","floor":8.0,"gold_loss":0.0,"damage_taken":0.0}],"is_beta":false,"boss_relics":[],"items_purged_floors":[2],"is_endless":false,"potions_floor_spawned":[1,4,8,10],"killed_by":"Gremlin Nob","ascension_level":20}}