{"host":"f5gffvlv6a66yqkd","time":1612590532,"event":{"mods":["2.2 Compatiblity","BaseMod","Colored Map","Custom Start","DeckTracker","Keyboard Shortcuts","Minty Spire (QoL Compilation)","Permanent Neow","Quick Restart","Relic Stats","StSLib","SuperFastMode"],"gold_per_floor":[212,362,362,22,22,22,40,59,59,59,74,106,106,116,116,195,195,211,0,10,10,10,10,27,27,102,102,117,152,165,165,165,165,165],"floor_reached":33,"language":"KOR","playtime":684,"items_purged":["Doubt","Strike_R"],"score":630,"play_id":"59ad673f-6f22-4287-ba90-9a4c4f7e503d","local_time":"20210206144852","is_ascension_mode":true,"campfire_choices":[{"data":"Inflame","floor":6.0,"key":"SMITH"},{"data":"Sword Boomerang","floor":10.0,"key":"SMITH"},{"data":"Immolate","floor":13.0,"key":"SMITH"},{"data":"Fiend Fire","floor":15.0,"key":"SMITH"},{"data":"Seeing Red","floor":23.0,"key":"SMITH"},{"floor":25.0,"key":"REST"},{"floor":27.0,"key":"RECALL"},{"floor":32,"key":"REST"}],"circlet_count":0,"master_deck":["AscendersBane","Strike_R","Strike_R","Strike_R","Defend_R","Defend_R","Defend_R","Defend_R","Bash","Seeing Red+1","Inflame+1","Sword Boomerang+1","Cleave","Fiend Fire+1","Immolate+1","True Grit+1","Limit Break+1","Headbutt","Shrug It Off+1","Evolve+1","Offering+1"],"relics":["Black Blood","Omamori","The Courier","Toxic Egg 2","White Beast Statue","Orrery","Self Forming Clay","Paper Frog","Shuriken"],"acts_visited":["Exordium","TheCity"],"potions_floor_usage":[28,29,33,33],"damage_taken":[{"damage":2.0,"enemies":"2 Louse","floor":1.0,"turns":3.0},{"damage":7.0,"enemies":"Jaw Worm","floor":7.0,"turns":3.0},{"damage":1.0,"enemies":"Cultist","floor":8.0,"turns":3.0},{"damage":9.0,"enemies":"2 Fungi Beasts","floor":11.0,"turns":3.0},{"damage":30.0,"enemies":"Lagavulin","floor":12.0,"turns":5.0},{"damage":12.0,"enemies":"Large Slime","floor":14.0,"turns":2.0},{"damage":0.0,"enemies":"Slime Boss","floor":16.0,"turns":5.0},{"damage":29.0,"enemies":"Shell Parasite","floor":18.0,"turns":3.0},{"damage":28.0,"enemies":"2 Thieves","floor":20.0,"turns":4.0},{"damage":50.0,"enemies":"Shelled Parasite and Fungi","floor":24.0,"turns":7.0},{"damage":0,"enemies":"3 Cultists","floor":28,"turns":1},{"damage":9,"enemies":"Slavers","floor":29,"turns":4},{"damage":24,"enemies":"Snecko","floor":30,"turns":4},{"damage":22,"enemies":"Automaton","floor":33,"turns":6}],"seed_played":"-546987033621740553","potions_obtained":[{"floor":1.0,"key":"Regen Potion"},{"floor":7.0,"key":"SmokeBomb"},{"floor":16.0,"key":"Energy Potion"},{"floor":18.0,"key":"DuplicationPotion"},{"floor":24.0,"key":"Fire Potion"},{"floor":28,"key":"Swift Potion"},{"floor":29,"key":"DuplicationPotion"}],"is_trial":false,"path_per_floor":["M","?","?","$","T","R","M","M","T","R","M","E","R","M","R","B",null,"M","$","M","?","?","R","M","R","T","R","M","E","M","?","R","B"],"character_chosen":"IRONCLAD","items_purchased":["Inflame","Sword Boomerang","Omamori","Orrery"],"campfire_rested":2,"item_purchase_floors":[4,4,4,19],"current_hp_per_floor":[72,72,77,77,77,77,76,80,80,80,77,53,53,47,47,53,73,56,56,40,40,40,40,17,41,41,41,53,56,44,21,46,24,24],"gold":165,"neow_bonus":"HUNDRED_GOLD","is_daily":false,"chose_seed":false,"campfire_upgraded":5,"win_rate":0.0,"timestamp":1612590532,"path_taken":["M","?","?","$","?","R","?","M","T","R","M","E","R","M","R","BOSS","M","$","M","?","?","R","M","R","T","R","M","E","?","?","R","BOSS"],"items_purchased_type":["Card","Card","Relic","Relic"],"build_version":"2020-12-22","purchased_purges":2,"victory":false,"max_hp_per_floor":[75,75,80,80,80,80,80,80,80,80,80,80,80,80,80,80,80,80,80,80,80,80,80,80,80,80,80,80,80,80,85,85,85,85],"relic_stats":{"counters":[14,53],"Self Forming Clay":[36],"Shuriken":[3],"Black Blood":113,"obtain_stats":[{"Self Forming Clay":21,"Shuriken":29,"Black Blood":17,"Orrery":19,"The Courier":5,"Omamori":4,"Toxic Egg 2":9,"Burning Blood":0,"White Beast Statue":12,"Paper Frog":26},{"Self Forming Clay":9,"Shuriken":12,"Black Blood":7,"Orrery":8,"The Courier":1,"Omamori":1,"Toxic Egg 2":3,"Burning Blood":0,"White Beast Statue":5,"Paper Frog":10},{"Self Forming Clay":31,"Shuriken":43,"Black Blood":24,"Orrery":27,"The Courier":3,"Omamori":3,"Toxic Egg 2":9,"Burning Blood":0,"White Beast Statue":17,"Paper Frog":38}]},"card_choices":[{"not_picked":["Intimidate","Clash"],"picked":"Seeing Red","floor":1.0},{"not_picked":["Rampage","Headbutt"],"picked":"Cleave","floor":7.0},{"not_picked":["Clash","Clothesline","Havoc"],"picked":"SKIP","floor":8.0},{"not_picked":["Body Slam","Clash"],"picked":"Fiend Fire","floor":11.0},{"not_picked":["Wild Strike","Hemokinesis"],"picked":"Immolate","floor":12.0},{"not_picked":["Spot Weakness+1","Warcry+1"],"picked":"True Grit+1","floor":14.0},{"not_picked":["Demon Form","Brutality"],"picked":"Limit Break+1","floor":16.0},{"not_picked":["Cleave","Body Slam","Pommel Strike"],"picked":"SKIP","floor":18.0},{"not_picked":["Twin Strike","Wild Strike"],"picked":"Headbutt","floor":19.0},{"not_picked":["Metallicize+1","Warcry+1"],"picked":"Shrug It Off+1","floor":19.0},{"not_picked":["Body Slam","Fire Breathing","Heavy Blade"],"picked":"SKIP","floor":20.0},{"not_picked":["Dark Embrace","Fire Breathing"],"picked":"Evolve+1","floor":24.0},{"not_picked":["Searing Blow","Iron Wave"],"picked":"Offering+1","floor":28},{"not_picked":["Twin Strike","Pommel Strike","Havoc+1"],"picked":"SKIP","floor":29},{"not_picked":["Blood for Blood","Combust","Headbutt"],"picked":"SKIP","floor":30}],"player_experience":1663943,"relics_obtained":[{"floor":5.0,"key":"The Courier"},{"floor":9.0,"key":"Toxic Egg 2"},{"floor":12.0,"key":"White Beast Statue"},{"floor":26.0,"key":"Paper Frog"},{"floor":29,"key":"Shuriken"}],"event_choices":[{"damage_healed":0.0,"max_hp_gain":0.0,"max_hp_loss":0.0,"gold_gain":150.0,"event_name":"Liars Game","player_choice":"AGREE","floor":2.0,"gold_loss":0.0,"damage_taken":0.0,"cards_obtained":["Doubt"]},{"damage_healed":0.0,"max_hp_gain":5.0,"max_hp_loss":0.0,"gold_gain":0.0,"event_name":"Big Fish","player_choice":"Donut","floor":3.0,"gold_loss":0.0,"damage_taken":0.0},{"damage_healed":0.0,"max_hp_gain":0.0,"max_hp_loss":0.0,"gold_gain":0.0,"event_name":"Addict","player_choice":"Stole Relic","floor":21.0,"gold_loss":0.0,"damage_taken":0.0,"relics_obtained":["Self Forming Clay"],"cards_obtained":["Shame"]},{"cards_removed":["Strike_R"],"damage_healed":0.0,"max_hp_gain":0.0,"max_hp_loss":0.0,"gold_gain":0.0,"event_name":"Purifier","player_choice":"Purged","floor":22.0,"gold_loss":0.0,"damage_taken":0.0},{"damage_healed":0,"gold_gain":0,"player_choice":"Shed Blood","damage_taken":28,"max_hp_gain":5,"max_hp_loss":0,"event_name":"Forgotten Altar","floor":31,"gold_loss":0}],"is_beta":false,"boss_relics":[{"not_picked":["Velvet Choker","Ectoplasm"],"picked":"Black Blood"}],"items_purged_floors":[4,19],"is_endless":false,"potions_floor_spawned":[1,7,14,16,18,20,24,28,29,30],"killed_by":"Automaton","ascension_level":20}}