{"host":"wvcyfzs99um8is6a","time":1612573616,"event":{"mods":["AchievementEnabler","BaseMod","Colored Map","Colored Powertips","Highlight Path","Minty Spire (QoL Compilation)","Random Character Button","Relic Filter","StSLib","SuperFastMode"],"gold_per_floor":[112,125,125,125,135,135,20,20,72,32,32,60,60,71,71,170,170,180,193,193,93,93,93,109,142,142,17,28,28,43,53,53,153,153,165,165,265,284,297,297,1,1,76,76,36,65,111,126,126,126,126],"floor_reached":50,"language":"ENG","playtime":4866,"items_purged":["Normality","Strike_G","Strike_G","Defend_G"],"score":538,"play_id":"78f9a0e6-9d79-4273-bb8c-473effd3a56b","local_time":"20210205200656","is_ascension_mode":false,"campfire_choices":[{"data":"Cloak And Dagger","floor":6,"key":"SMITH"},{"data":"Infinite Blades","floor":8,"key":"SMITH"},{"data":"Bouncing Flask","floor":11,"key":"SMITH"},{"data":"Neutralize","floor":15,"key":"SMITH"},{"data":"A Thousand Cuts","floor":23,"key":"SMITH"},{"floor":32,"key":"RECALL"},{"data":"Catalyst","floor":40,"key":"SMITH"},{"data":"Tools of the Trade","floor":42,"key":"SMITH"},{"floor":49,"key":"REST"}],"circlet_count":0,"master_deck":["Strike_G+1","Defend_G+1","Defend_G","Defend_G","Survivor","Neutralize+1","Cloak And Dagger+1","Bouncing Flask+1","Footwork","Infinite Blades+1","Footwork","Caltrops","Blade Dance","A Thousand Cuts+1","Escape Plan+1","Catalyst+1","Tools of the Trade+1","Slice+1","Madness","Madness","Concentrate","Accuracy","Deadly Poison+1","Choke"],"relics":["Ring of the Snake","Mango","Potion Belt","Art of War","WristBlade","Ninja Scroll","Mercury Hourglass","Empty Cage","Membership Card","Strawberry","Akabeko","Blood Vial"],"acts_visited":["Exordium","TheCity","TheBeyond"],"potions_floor_usage":[19,24,35,48,50,50,50,50,50],"damage_taken":[{"damage":0,"enemies":"Jaw Worm","floor":1,"turns":5},{"damage":1,"enemies":"Small Slimes","floor":2,"turns":5},{"damage":1,"enemies":"Cultist","floor":5,"turns":4},{"damage":9,"enemies":"Lagavulin","floor":12,"turns":5},{"damage":0,"enemies":"2 Fungi Beasts","floor":14,"turns":5},{"damage":40,"enemies":"The Guardian","floor":16,"turns":11},{"damage":0,"enemies":"Chosen","floor":18,"turns":4},{"damage":0,"enemies":"3 Byrds","floor":19,"turns":4},{"damage":9,"enemies":"Shelled Parasite and Fungi","floor":24,"turns":6},{"damage":0,"enemies":"Book of Stabbing","floor":25,"turns":6},{"damage":17,"enemies":"Snake Plant","floor":28,"turns":3},{"damage":4,"enemies":"Cultist and Chosen","floor":30,"turns":5},{"damage":0,"enemies":"Snecko","floor":31,"turns":3},{"damage":34,"enemies":"Champ","floor":33,"turns":9},{"damage":25,"enemies":"3 Darklings","floor":35,"turns":4},{"damage":0,"enemies":"Orb Walker","floor":38,"turns":3},{"damage":0,"enemies":"Maw","floor":39,"turns":8},{"damage":27,"enemies":"Giant Head","floor":46,"turns":8},{"damage":26,"enemies":"3 Darklings","floor":48,"turns":4},{"damage":41,"enemies":"Time Eater","floor":50,"turns":5}],"seed_played":"-7415608709041293307","potions_obtained":[{"floor":1,"key":"FearPotion"},{"floor":5,"key":"Block Potion"},{"floor":16,"key":"BlessingOfTheForge"},{"floor":19,"key":"DuplicationPotion"},{"floor":24,"key":"Explosive Potion"},{"floor":31,"key":"DuplicationPotion"},{"floor":33,"key":"Strength Potion"},{"floor":38,"key":"Ancient Potion"},{"floor":39,"key":"SpeedPotion"},{"floor":48,"key":"Energy Potion"}],"is_trial":false,"path_per_floor":["M","M","?","?","M","R","$","R","T","$","R","E","$","M","R","B",null,"M","M","?","$","?","R","M","E","T","$","M","$","M","M","R","B",null,"M","?","?","M","M","R","$","R","T","?","$","E","T","M","R","B"],"character_chosen":"THE_SILENT","items_purchased":["Infinite Blades","Footwork","Membership Card","Strawberry","Accuracy"],"campfire_rested":1,"item_purchase_floors":[7,10,41,41,45],"current_hp_per_floor":[84,83,66,66,65,65,65,65,65,65,65,56,56,56,56,16,84,84,84,84,84,84,84,75,75,75,75,58,58,54,54,54,20,84,59,48,48,48,48,48,55,55,55,55,55,28,28,4,31,0,0],"gold":126,"neow_bonus":"ONE_RARE_RELIC","is_daily":false,"chose_seed":false,"campfire_upgraded":7,"win_rate":0.0,"timestamp":1612573616,"path_taken":["M","M","?","?","M","R","$","R","T","$","R","E","?","?","R","BOSS","M","M","?","$","?","R","M","E","T","$","M","?","M","M","R","BOSS","M","?","?","M","?","R","$","R","T","?","$","E","?","?","R","BOSS"],"items_purchased_type":["Card","Card","Relic","Relic","Card"],"build_version":"2020-12-22","purchased_purges":4,"victory":false,"max_hp_per_floor":[84,84,84,84,84,84,84,84,84,84,84,84,84,84,84,84,84,84,84,84,84,84,84,84,84,84,84,84,84,84,84,84,84,84,84,84,84,84,84,84,91,91,91,91,91,91,91,91,91,91,91],"card_choices":[{"not_picked":["Deadly Poison","Dodge and Roll"],"picked":"Cloak And Dagger","floor":1},{"not_picked":["Acrobatics","Terror"],"picked":"Bouncing Flask","floor":2},{"not_picked":["Setup","Dagger Throw"],"picked":"Footwork","floor":5},{"not_picked":["Underhanded Strike","Deflect"],"picked":"Caltrops","floor":12},{"not_picked":["Outmaneuver","Bane"],"picked":"Blade Dance","floor":14},{"not_picked":["Burst","Night Terror"],"picked":"A Thousand Cuts","floor":16},{"not_picked":["Deadly Poison+1","Poisoned Stab","Flying Knee"],"picked":"SKIP","floor":18},{"not_picked":["Calculated Gamble","Flying Knee","Eviscerate"],"picked":"SKIP","floor":19},{"not_picked":["Caltrops","Expertise"],"picked":"Escape Plan+1","floor":24},{"not_picked":["Prepared","Poisoned Stab+1","Eviscerate"],"picked":"SKIP","floor":25},{"not_picked":["Reflex","Calculated Gamble"],"picked":"Catalyst","floor":28},{"not_picked":["Prepared","Dagger Throw","Poisoned Stab"],"picked":"SKIP","floor":30},{"not_picked":["Riddle With Holes","Crippling Poison","Backflip"],"picked":"SKIP","floor":31},{"not_picked":["Burst","Wraith Form v2"],"picked":"Tools of the Trade","floor":33},{"not_picked":["All Out Attack+1","Bane"],"picked":"Slice+1","floor":35},{"not_picked":["All Out Attack+1","Slice"],"picked":"Concentrate","floor":38},{"not_picked":["Quick Slash","Underhanded Strike+1","Flying Knee+1"],"picked":"SKIP","floor":39},{"not_picked":["Dodge and Roll","Flying Knee"],"picked":"Deadly Poison+1","floor":46},{"not_picked":["Bouncing Flask+1","Prepared+1"],"picked":"Choke","floor":48}],"player_experience":999811,"relics_obtained":[{"floor":9,"key":"Potion Belt"},{"floor":12,"key":"Art of War"},{"floor":25,"key":"Ninja Scroll"},{"floor":26,"key":"Mercury Hourglass"},{"floor":46,"key":"Akabeko"},{"floor":47,"key":"Blood Vial"}],"event_choices":[{"damage_healed":0,"gold_gain":0,"player_choice":"Entered Light","damage_taken":17,"max_hp_gain":0,"max_hp_loss":0,"event_name":"Shining Light","floor":3,"gold_loss":0,"cards_upgraded":["Defend_G","Strike_G"]},{"damage_healed":0,"gold_gain":0,"player_choice":"Ignored","damage_taken":0,"max_hp_gain":0,"max_hp_loss":0,"event_name":"Liars Game","floor":4,"gold_loss":0},{"damage_healed":0,"gold_gain":0,"player_choice":"Ignored","damage_taken":0,"max_hp_gain":0,"max_hp_loss":0,"event_name":"Ghosts","floor":20,"gold_loss":0},{"cards_removed":["Strike_G"],"damage_healed":0,"gold_gain":0,"player_choice":"Elegance","damage_taken":0,"max_hp_gain":0,"max_hp_loss":0,"event_name":"Back to Basics","floor":22,"gold_loss":0},{"damage_healed":0,"gold_gain":0,"player_choice":"Embrace Madness","damage_taken":11,"max_hp_gain":0,"max_hp_loss":0,"event_name":"Winding Halls","floor":36,"gold_loss":0,"cards_obtained":["Madness","Madness"]},{"damage_healed":0,"gold_gain":100,"player_choice":"Pray","damage_taken":0,"max_hp_gain":0,"max_hp_loss":0,"event_name":"Golden Shrine","floor":37,"gold_loss":0},{"damage_healed":0,"gold_gain":0,"player_choice":"Ignored","damage_taken":0,"max_hp_gain":0,"max_hp_loss":0,"event_name":"Mysterious Sphere","floor":44,"gold_loss":0}],"is_beta":false,"boss_relics":[{"not_picked":["Astrolabe","Philosopher\u0027s Stone"],"picked":"WristBlade"},{"not_picked":["SlaversCollar","Cursed Key"],"picked":"Empty Cage"}],"items_purged_floors":[7,21,27,41],"is_endless":false,"potions_floor_spawned":[1,5,16,19,24,31,33,38,39,48],"killed_by":"Time Eater","ascension_level":0}}