{"host":"tj6tjcyqgbd0xj5u","time":1612582030,"event":{"mods":["Aspiration","BaseMod","Better Match","BetterRewards","Challenge The Spire","Conspire","Defuse TimeMaze Blight","Downfall","Energized Spire","Evolution","GifTheSpireLib","Halation","Hubris","Infinite Spire","Minty Spire (QoL Compilation)","Replay The Spire","Reworked Bosses","Spikes Relics","StS++","StSLib","Stuff the Spire"],"gold_per_floor":[110,110,110,110,110,110,110,129,153,197,217,261,277,292,292,417,417,437,457,457,372,385,385,428,428,428,428,353,374,374,159,159,288,288,320,357,357,357],"floor_reached":37,"language":"ENG","playtime":1106,"items_purged":["Regret"],"score":647,"play_id":"421d84b0-36f8-4fae-9bdd-5df323ba4c87","local_time":"20210205232710","is_ascension_mode":false,"campfire_choices":[{"data":"Eruption","floor":6,"key":"SMITH"},{"floor":23,"key":"REST"},{"data":"infinitespire:UltimateForm","floor":25,"key":"SMITH"},{"data":"DevaForm","floor":27,"key":"SMITH"},{"data":"Fasting2","floor":32,"key":"SMITH"}],"circlet_count":0,"master_deck":["BowlingBash","BowlingBash","Strike_P","Strike_P","Defend_P","Defend_P","Defend_P","Defend_P","Eruption+1","Vigilance","Consecrate","EmptyFist","EmptyBody","JustLucky","PathToVictory","Wallop","TalkToTheHand","DevaForm+1","Conclude+1","infinitespire:UltimateForm+1","FollowUp","Tantrum+1","Fasting2+1"],"relics":["PureWater","EVO:Axolotl","NeowsBlessing","Golden Idol","MiniBlackHole","Bronze Scales","BlackRope","Bag of Preparation","Replay:Wax Seal","infinitespire:PuzzleCube","StuffTheSpire:RedRose","energizedSpire:DeadBattery","FossilizedHelix","Philosopher\u0027s Stone","Ornamental Fan","Regal Pillow","infinitespire:FocusingShard","hubris:Towel","conspire:TreasureMap","infinitespire:EvilPickle","Painkiller Herb"],"acts_visited":["Exordium","TheCity","TheBeyond"],"potions_floor_usage":[16,22,22,24,37],"damage_taken":[{"damage":0,"enemies":"2 Louse","floor":1,"turns":1},{"damage":0,"enemies":"Jaw Worm","floor":8,"turns":1},{"damage":0,"enemies":"3 Sentries","floor":10,"turns":1},{"damage":0,"enemies":"Small Slimes","floor":11,"turns":2},{"damage":1,"enemies":"Gremlin Nob","floor":12,"turns":3},{"damage":0,"enemies":"3 Louse","floor":13,"turns":2},{"damage":0,"enemies":"Looter","floor":14,"turns":2},{"damage":2,"enemies":"Slime Boss","floor":16,"turns":6},{"damage":3,"enemies":"Shell Parasite","floor":18,"turns":4},{"damage":13,"enemies":"Spheric Guardian","floor":19,"turns":3},{"damage":8,"enemies":"Snake Plant","floor":22,"turns":4},{"damage":0,"enemies":"Slavers","floor":24,"turns":4},{"damage":0,"enemies":"Shelled Parasite and Fungi","floor":29,"turns":3},{"damage":8,"enemies":"Pondfish","floor":33,"turns":6},{"damage":3,"enemies":"Orb Walker","floor":35,"turns":4},{"damage":8,"enemies":"3 Darklings","floor":36,"turns":3},{"damage":28,"enemies":"infinitespire:Three Voidlings","floor":37,"turns":3},{"damage":36,"enemies":"Nightmare_Alpha","floor":37,"turns":2}],"seed_played":"859677452578163609","potions_obtained":[{"floor":8,"key":"SkillPotion"},{"floor":11,"key":"Explosive Potion"},{"floor":12,"key":"Swift Potion"},{"floor":18,"key":"Block Potion"},{"floor":19,"key":"LifebloodPotion"},{"floor":35,"key":"Guardian:BlockOnCardUsePotion"}],"is_trial":false,"path_per_floor":["M","?","?","T","?","R","T","M","T","E","M","E","M","M","R","B",null,"M","M","AVR","?","M","R","E","R","T","R","?","M","?","$","R","B",null,"?","?","?"],"character_chosen":"WATCHER","items_purchased":["conspire:TreasureMap","Fasting2"],"campfire_rested":1,"item_purchase_floors":[31,31],"current_hp_per_floor":[72,67,67,67,64,64,64,64,64,64,64,63,63,63,63,61,67,64,51,51,51,43,63,63,63,63,63,63,63,63,63,63,55,67,64,56,0,0],"gold":357,"neow_bonus":"THREE_ENEMY_KILL","is_daily":false,"chose_seed":false,"campfire_upgraded":4,"win_rate":0.0,"timestamp":1612582030,"path_taken":["M","?","?","?","?","R","?","M","T","E","M","E","M","M","R","BOSS","M","M","AVR","?","M","R","E","R","T","R","?","M","?","$","R","BOSS","?","?","?"],"items_purchased_type":["Relic","Card"],"build_version":"2020-12-22","purchased_purges":1,"victory":false,"max_hp_per_floor":[72,67,67,67,67,67,67,67,67,67,67,67,67,67,67,67,67,67,67,67,67,67,67,67,67,67,67,67,67,67,67,67,67,67,67,67,67,67],"card_choices":[{"not_picked":["CutThroughFate","Swivel"],"picked":"Consecrate","floor":1},{"not_picked":["Replay:AtTheReady","Nirvana"],"picked":"EmptyFist","floor":8},{"not_picked":["Replay:BluntJabs","Evaluate"],"picked":"EmptyBody","floor":10},{"not_picked":["Fasting2","Replay:Anticipation"],"picked":"JustLucky","floor":11},{"not_picked":["Evaluate","Replay:DivineShield"],"picked":"PathToVictory","floor":12},{"not_picked":["Protect","Replay:Vibes"],"picked":"Wallop","floor":13},{"not_picked":["StSpp:Patience","Protect"],"picked":"TalkToTheHand","floor":14},{"not_picked":["Wish","StSpp:Faith"],"picked":"DevaForm","floor":16},{"not_picked":["ClearTheMind","DeceiveReality","Replay:Vibes"],"picked":"SKIP","floor":18},{"not_picked":["Prostrate","FlurryOfBlows"],"picked":"Conclude+1","floor":19},{"not_picked":["JustLucky","WreathOfFlame"],"picked":"FollowUp","floor":22},{"not_picked":["PathToVictory","Prostrate"],"picked":"Tantrum+1","floor":24},{"not_picked":["ForeignInfluence+1","CutThroughFate","Evaluate+1"],"picked":"SKIP","floor":29},{"not_picked":["Pray+1","StSpp:Chanting+1","EmptyFist"],"picked":"SKIP","floor":35},{"not_picked":["Pray+1","StSpp:Chanting+1","EmptyFist"],"picked":"SKIP","floor":35},{"not_picked":["Protect","SashWhip","Devotion"],"picked":"SKIP","floor":36}],"player_experience":120358,"relics_obtained":[{"floor":4,"key":"MiniBlackHole"},{"floor":7,"key":"BlackRope"},{"floor":9,"key":"Bag of Preparation"},{"floor":10,"key":"Replay:Wax Seal"},{"floor":12,"key":"infinitespire:PuzzleCube"},{"floor":24,"key":"Regal Pillow"},{"floor":26,"key":"infinitespire:FocusingShard"}],"event_choices":[{"damage_healed":0,"gold_gain":0,"player_choice":"Lose Max HP","damage_taken":0,"relics_obtained":["Golden Idol"],"max_hp_gain":0,"max_hp_loss":5,"event_name":"Golden Idol","floor":2,"gold_loss":0},{"damage_healed":0,"gold_gain":0,"player_choice":"Success","damage_taken":3,"relics_obtained":["Bronze Scales"],"max_hp_gain":0,"max_hp_loss":0,"event_name":"Scrap Ooze","floor":5,"gold_loss":0},{"damage_healed":0,"gold_gain":0,"player_choice":"Obtained Relic","damage_taken":0,"relics_obtained":["Ornamental Fan"],"max_hp_gain":0,"max_hp_loss":0,"event_name":"Addict","floor":21,"gold_loss":85},{"damage_healed":0,"gold_gain":0,"player_choice":"3","damage_taken":0,"max_hp_gain":0,"max_hp_loss":0,"event_name":"betterMatch:BetterMatch","floor":28,"gold_loss":0,"cards_obtained":[]}],"is_beta":false,"boss_relics":[{"not_picked":["halation:PinkAlligatorPlush","hubris:BlackHole"],"picked":"energizedSpire:DeadBattery"},{"not_picked":["Velvet Choker","infinitespire:Cupcake"],"picked":"Painkiller Herb"}],"items_purged_floors":[20],"is_endless":false,"potions_floor_spawned":[8,11,12,13,18,19,35,37],"killed_by":"Nightmare_Alpha","ascension_level":0}}