{"host":"627up2rvtmm0cf0r","time":1612624795,"event":{"mods":["ATMod(°¢èªMod)","Act Like it!","BaseMod","Better Vampires","CapriCore","Card Filter","Card Forge","Colored Powertips","DeckTracker","Dota2Spire","Downfall","Energized Spire","Friendly Minions","Highlight Path","Infinite Spire","Jedi Mod","Minty Spire (QoL Compilation)","MostiFishMod","Permanent Neow","Practice Mode","Quick Restart","Relic Stats","Reliquary","Shop Mod","Spicy Shops","StSLib","SuperFastMode","TestMod","Warlord Emblem","¡¾ÒÅÎï¿¨ÅÆ¡¿REMEMod","óô»ðÖ¸ÄÏ"],"gold_per_floor":[99,99,99,9,109,125,148,177,177,177,242,273,173,206,225,330,330,130,146,146,161,195,206,206,219,254,264,294,313,313,413,426,525,525,183,199,131,131,131,131,131,179,278,278,288,330,345,359,398,398],"floor_reached":51,"language":"ZHS","playtime":1655,"items_purged":["Guardian:Gem_Blue","Guardian:Gem_Green","Guardian:Strike_Guardian","Guardian:Strike_Guardian","Guardian:Defend_Guardian"],"score":1390,"play_id":"93078eec-05cf-4112-8e1c-19523966de06","local_time":"20210206231955","is_ascension_mode":true,"campfire_choices":[{"data":"testmod-PainDetonator","floor":1,"key":"SMITH"},{"data":"AT_ShadowStep","floor":10,"key":"SMITH"},{"data":"Guardian:ExploitGems","floor":30,"key":"SMITH"},{"data":"testmod-Reflect","floor":44,"key":"SMITH"}],"circlet_count":0,"master_deck":["Guardian:Strike_Guardian","Guardian:Defend_Guardian","testmod-PainDetonator+1","AT_ShadowStep+1","Sadistic Nature","Guardian:Orbwalk+1","Guardian:CompilePackage+1","Guardian:Planning+1","Guardian:ExploitGems+1","Guardian:FastForward","Guardian:GemFire","testmod-Reflect+1"],"relics":["Guardian:ModeShifter","Hammer of Thor","Seething Fire","Anvil of the Gods","DaveBox","testmod-TestBox","REME_ComplimentaryCards","AT_ATBox","testmod-Brilliant","DianPoetry","Guardian:PickAxe","Toy Ornithopter","reliquary:PorcupineQuills","Shuriken","AT_EbonyIvory","Bag of Preparation","Blood Vial","Astrolabe","Dream Catcher","Bird Faced Urn","Red Mask","jedi:Pinwheel","jedi:archwizardhat","REME_LimitBreaker","MutagenicStrength","JellyFishMachine","testmod-Charity","Dota2Spire:Satanic","Dota2Spire:HandOfMidas"],"acts_visited":["Exordium","TheCity","TheBeyond"],"potions_floor_usage":[],"damage_taken":[{"damage":0,"floor":3,"turns":1},{"damage":10,"enemies":"downfall:FleeingMerchant","floor":4,"turns":4},{"damage":10,"enemies":"downfall:LadyInBlue","floor":5,"turns":5},{"damage":0,"enemies":"2 Louse","floor":6,"turns":1},{"damage":7,"enemies":"3 Sentries","floor":8,"turns":3},{"damage":14,"enemies":"Lagavulin Event","floor":11,"turns":3},{"damage":0,"enemies":"Gremlin Nob","floor":12,"turns":2},{"damage":0,"enemies":"Lagavulin","floor":14,"turns":2},{"damage":0,"enemies":"Jaw Worm","floor":15,"turns":2},{"damage":5,"enemies":"WA_ARCHETYPE_RETAIN","floor":16,"turns":3},{"damage":6,"enemies":"3 Byrds","floor":19,"turns":1},{"damage":7,"enemies":"Snecko","floor":21,"turns":3},{"damage":7,"enemies":"Masked Bandits","floor":22,"turns":2},{"damage":0,"enemies":"Snake Plant","floor":23,"turns":2},{"damage":9,"enemies":"Shelled Parasite and Fungi","floor":25,"turns":2},{"damage":0,"enemies":"REME_1_Revenger","floor":26,"turns":3},{"damage":0,"enemies":"Centurion and Healer","floor":27,"turns":3},{"damage":0,"enemies":"Book of Stabbing","floor":28,"turns":3},{"damage":3,"enemies":"Cultist and Chosen","floor":29,"turns":2},{"damage":22,"enemies":"downfall:Augmenter","floor":31,"turns":3},{"damage":0,"enemies":"Sentry and Sphere","floor":32,"turns":1},{"damage":16,"enemies":"IC_MUSHROOM_ARCHETYPE","floor":33,"turns":3},{"damage":0,"enemies":"Orb Walker","floor":36,"turns":2},{"damage":0,"enemies":"downfall:FleeingMerchant","floor":37,"turns":2},{"damage":10,"enemies":"3 Darklings","floor":42,"turns":3},{"damage":0,"enemies":"Transient","floor":45,"turns":3},{"damage":5,"enemies":"Maw","floor":46,"turns":3},{"damage":13,"enemies":"Spire Growth","floor":47,"turns":2},{"damage":0,"enemies":"Sphere and 2 Shapes","floor":48,"turns":1},{"damage":0,"enemies":"Jaw Worm Horde","floor":49,"turns":2},{"damage":11,"enemies":"SI_POISON_ARCHETYPE","floor":50,"turns":3}],"seed_played":"-1942938247970239208","potions_obtained":[{"floor":5,"key":"DistilledChaos"},{"floor":5,"key":"testmod-TestPotion"},{"floor":5,"key":"FearPotion"},{"floor":14,"key":"testmod-TimePotion"}],"is_trial":false,"path_per_floor":["R","?","?","$","?","M","T","E","?","R","?","E","R","E","M","B",null,"R","M","AVR","M","?","M","T","M","E","M","E","M","R","?","M","B",null,"R","M","?","?","$","?","T","M","?","R","M","M","M","M","M","B",null],"character_chosen":"GUARDIAN","items_purchased":["Dream Catcher","testmod-Reflect","testmod-Charity","Dota2Spire:Satanic"],"campfire_rested":0,"item_purchase_floors":[18,35,37,37],"current_hp_per_floor":[72,72,66,56,46,46,46,39,39,39,25,25,25,25,27,24,66,66,62,62,61,58,62,62,59,65,73,79,77,77,58,62,52,73,73,80,80,80,80,70,70,70,71,71,80,81,76,83,90,81],"gold":398,"neow_bonus":"RANDOM_COLORLESS","is_daily":false,"chose_seed":false,"campfire_upgraded":4,"win_rate":0.0,"timestamp":1612624795,"path_taken":["R","?","?","$","?","?","T","E","?","R","?","E","R","E","M","BOSS","R","M","AVR","M","?","M","T","M","E","M","E","M","R","?","M","BOSS","R","M","?","?","$","?","T","M","?","R","M","M","?","M","M","BOSS"],"items_purchased_type":["Relic","Card","Relic","Relic"],"build_version":"2020-12-22","purchased_purges":5,"victory":true,"max_hp_per_floor":[80,80,80,80,80,80,80,80,80,80,80,80,80,80,80,80,80,80,80,80,80,80,80,80,80,80,80,80,80,80,80,80,80,80,80,80,80,80,80,80,80,82,83,83,84,86,87,88,90,90],"relic_stats":{"Blood Vial":41,"Dream Catcher":0,"counters":[31,75],"Shuriken":[31],"Astrolabe":["Guardian:Orbwalk","Guardian:CompilePackage","Guardian:Planning"],"Bird Faced Urn":[66],"Bag of Preparation":[48],"obtain_stats":[{"AT_ATBox":0,"DaveBox":0,"DianPoetry":0,"Hammer of Thor":0,"Bag of Preparation":12,"jedi:Pinwheel":24,"jedi:archwizardhat":26,"testmod-Charity":37,"Guardian:PickAxe":3,"Blood Vial":14,"testmod-Brilliant":0,"Dota2Spire:Satanic":37,"Dream Catcher":18,"downfall:BrokenWingStatue":2,"Red Mask":22,"Dota2Spire:HandOfMidas":41,"testmod-TestBox":0,"JellyFishMachine":34,"Astrolabe":17,"Guardian:ModeShifter":0,"AT_EbonyIvory":11,"Seething Fire":0,"REME_LimitBreaker":28,"reliquary:PorcupineQuills":7,"Anvil of the Gods":0,"Shuriken":8,"Bird Faced Urn":20,"MutagenicStrength":31,"Toy Ornithopter":5,"REME_ComplimentaryCards":0},{"AT_ATBox":0,"DaveBox":0,"DianPoetry":0,"Hammer of Thor":0,"Bag of Preparation":7,"jedi:Pinwheel":14,"jedi:archwizardhat":16,"testmod-Charity":24,"Guardian:PickAxe":1,"Blood Vial":8,"testmod-Brilliant":0,"Dota2Spire:Satanic":24,"Dream Catcher":10,"downfall:BrokenWingStatue":0,"Red Mask":13,"Dota2Spire:HandOfMidas":24,"testmod-TestBox":0,"JellyFishMachine":22,"Astrolabe":10,"Guardian:ModeShifter":0,"AT_EbonyIvory":6,"Seething Fire":0,"REME_LimitBreaker":18,"reliquary:PorcupineQuills":4,"Anvil of the Gods":0,"Shuriken":5,"Bird Faced Urn":11,"MutagenicStrength":20,"Toy Ornithopter":3,"REME_ComplimentaryCards":0},{"AT_ATBox":0,"DaveBox":0,"DianPoetry":0,"Hammer of Thor":0,"Bag of Preparation":19,"jedi:Pinwheel":34,"jedi:archwizardhat":39,"testmod-Charity":58,"Guardian:PickAxe":1,"Blood Vial":21,"testmod-Brilliant":0,"Dota2Spire:Satanic":58,"Dream Catcher":26,"downfall:BrokenWingStatue":0,"Red Mask":32,"Dota2Spire:HandOfMidas":58,"testmod-TestBox":0,"JellyFishMachine":54,"Astrolabe":26,"Guardian:ModeShifter":0,"AT_EbonyIvory":17,"Seething Fire":0,"REME_LimitBreaker":45,"reliquary:PorcupineQuills":11,"Anvil of the Gods":0,"Shuriken":14,"Bird Faced Urn":27,"MutagenicStrength":50,"Toy Ornithopter":10,"REME_ComplimentaryCards":0}],"Toy Ornithopter":0},"card_choices":[{"not_picked":["testmod-HeadAttack","testmod-LimitFlipper"],"picked":"testmod-PainDetonator","floor":0},{"not_picked":["Guardian:RollAttack","Guardian:PiercingHide","Guardian:Gem_Red"],"picked":"SKIP","floor":4},{"not_picked":["Guardian:BodySlam","Guardian:VentSteam","Guardian:Planning"],"picked":"SKIP","floor":6},{"not_picked":["Guardian:WalkerClaw","Guardian:StasisEngine","Guardian:Gem_Yellow"],"picked":"SKIP","floor":8},{"not_picked":["Guardian:Harden","Guardian:ShieldSpikes","Guardian:Gem_Purple"],"picked":"SKIP","floor":12},{"not_picked":["Guardian:VentSteam","Guardian:Gem_Yellow","Guardian:Emergency"],"picked":"SKIP","floor":14},{"not_picked":["Guardian:CrystalBeam","Guardian:Planning","Guardian:Emergency"],"picked":"SKIP","floor":15},{"not_picked":["Guardian:Suspension","Guardian:TemporalShield","Guardian:ChargeUp"],"picked":"SKIP","floor":19},{"not_picked":["Guardian:Suspension","Guardian:TemporalShield","Guardian:Planning"],"picked":"SKIP","floor":21},{"not_picked":["Guardian:Incinerate","Guardian:Reroute","Guardian:Suspension"],"picked":"SKIP","floor":23},{"not_picked":["Guardian:VentSteam+1","Guardian:ShieldCharger","Guardian:PrismaticBarrier"],"picked":"SKIP","floor":25},{"not_picked":["Guardian:TimeCapacitor+1","Guardian:ArmoredProtocol","Guardian:DonusPower"],"picked":"SKIP","floor":26},{"not_picked":["Guardian:Suspension","Guardian:ChargeUp"],"picked":"Guardian:ExploitGems","floor":27},{"not_picked":["Guardian:StasisStrike","Guardian:GuardianWhirl","Guardian:TimeCapacitor"],"picked":"SKIP","floor":28},{"not_picked":["Guardian:Gem_Lightblue","Guardian:BronzeArmor+1","Guardian:PrimingBeam"],"picked":"SKIP","floor":29},{"not_picked":["Guardian:Gem_Lightblue","Guardian:BronzeArmor+1","Guardian:PrimingBeam"],"picked":"SKIP","floor":29},{"not_picked":["Guardian:CrystalBeam+1","Guardian:BronzeArmor+1","Guardian:TimeBomb"],"picked":"SKIP","floor":32},{"not_picked":["Guardian:PrismaticBarrier+1","Guardian:DecasProtection+1","Guardian:Reroute"],"picked":"SKIP","floor":36},{"not_picked":["Guardian:ChargeCore","Guardian:Gem_Crimson","Guardian:PiercingHide+1"],"picked":"SKIP","floor":37},{"not_picked":["Guardian:FloatingOrbs","Guardian:Gem_White","Guardian:PrimingBeam+1"],"picked":"SKIP","floor":42},{"not_picked":["Guardian:FuturePlans+1","Guardian:FloatingOrbs+1","Guardian:PiercingHide"],"picked":"SKIP","floor":45},{"not_picked":["Guardian:VentSteam","Guardian:RollAttack","Guardian:Gem_Cyan"],"picked":"SKIP","floor":46},{"not_picked":["Guardian:Reroute","Guardian:Emergency","Guardian:CrystalBeam+1"],"picked":"SKIP","floor":47},{"not_picked":["Guardian:Incinerate","Guardian:TemporalShield+1","Guardian:Planning+1"],"picked":"SKIP","floor":48},{"not_picked":["Guardian:EvasiveProtocol","Guardian:WalkerClaw+1","Guardian:ChargeUp+1"],"picked":"SKIP","floor":49}],"player_experience":144039,"relics_obtained":[{"floor":5,"key":"Toy Ornithopter"},{"floor":7,"key":"reliquary:PorcupineQuills"},{"floor":8,"key":"Shuriken"},{"floor":11,"key":"AT_EbonyIvory"},{"floor":12,"key":"Bag of Preparation"},{"floor":14,"key":"Blood Vial"},{"floor":22,"key":"Red Mask"},{"floor":24,"key":"jedi:Pinwheel"},{"floor":26,"key":"jedi:archwizardhat"},{"floor":28,"key":"REME_LimitBreaker"},{"floor":31,"key":"MutagenicStrength"},{"floor":41,"key":"Dota2Spire:HandOfMidas"}],"event_choices":[{"damage_healed":0,"gold_gain":0,"player_choice":"Fought Bandits","damage_taken":0,"max_hp_gain":0,"max_hp_loss":0,"event_name":"Masked Bandits","floor":22,"gold_loss":0}],"is_beta":false,"boss_relics":[{"not_picked":["Sozu","NightmareShop"],"picked":"Astrolabe"},{"not_picked":["Guardian:ModeShifterPlus","testmod-Nine"],"picked":"JellyFishMachine"}],"items_purged_floors":[4,13,18,20,35],"is_endless":false,"potions_floor_spawned":[5,14,15,16,19,23,27,29,42,45,47,48,49],"ascension_level":8}}