{"host":"nugqxfgozafdbmsu","time":1612642130,"event":{"mods":["BaseMod","Block Reminder","Downfall","Highlight Path","Minty Spire (QoL Compilation)","Quick Restart","Relic Stats","StSLib","Unceasing Turn Reminder","everything is the same but u backflip on backflip"],"gold_per_floor":[99,118,134,434,46,76,102,102,130,305,305,315,315,329,345,444,444,444,459,459,473,14,24,102,113,28,28,47,47,61,61,72,170,170,170,184,198,39,50,76,99,99,99,99,99],"floor_reached":43,"language":"ENG","playtime":3509,"items_purged":["downfall:Icky","Doubt"],"score":485,"play_id":"e93fe0bf-dc5b-4014-996f-95f6cac1a80a","local_time":"20210206140850","is_ascension_mode":false,"campfire_choices":[{"data":"Guardian:TwinSlam","floor":1.0,"key":"SMITH"},{"data":"Guardian:BaubleBeam","floor":8.0,"key":"SMITH"},{"data":"Guardian:Defend_Guardian","floor":11.0,"key":"SMITH"},{"floor":13.0,"key":"REST"},{"data":"Guardian:BaubleBeam","floor":18.0,"key":"SMITH"},{"floor":27.0,"key":"REST"},{"floor":29.0,"key":"REST"},{"data":"Guardian:GuardianWhirl","floor":35.0,"key":"SMITH"},{"data":"Guardian:BaubleBeam","floor":42,"key":"SMITH"}],"circlet_count":0,"master_deck":["Guardian:Strike_Guardian","Guardian:Strike_Guardian","Guardian:Strike_Guardian","Guardian:Strike_Guardian","Guardian:Defend_Guardian+1","Guardian:Defend_Guardian","Guardian:Defend_Guardian","Guardian:Defend_Guardian","Guardian:CurlUp","Guardian:TwinSlam+1","Guardian:CrystalBeam","downfall:Icky","Guardian:BaubleBeam+1","Guardian:ArmoredProtocol","Guardian:VentSteam","Guardian:TimeBomb","Guardian:BaubleBeam+1","Guardian:WalkerClaw","Guardian:WalkerClaw","Guardian:WalkerClaw","Guardian:ArmoredProtocol","Guardian:DecasProtection","Guardian:GuardianWhirl+1","Guardian:BaubleBeam+1","Guardian:Gem_Blue","Guardian:BronzeArmor"],"relics":["Guardian:ModeShifter","Oddly Smooth Stone","Blood Vial","Odd Mushroom","Sozu","Anchor","Guardian:SackOfGems","Darkstone Periapt","Runic Pyramid","HandDrill","Smiling Mask","Omamori"],"acts_visited":["Exordium","TheCity","TheBeyond"],"potions_floor_usage":[],"damage_taken":[{"damage":2.0,"enemies":"Small Slimes","floor":2.0,"turns":3.0},{"damage":0.0,"enemies":"2 Louse","floor":3.0,"turns":2.0},{"damage":0.0,"enemies":"downfall:FleeingMerchant","floor":5.0,"turns":4.0},{"damage":39.0,"enemies":"3 Sentries","floor":6.0,"turns":12.0},{"damage":16.0,"enemies":"The Mushroom Lair","floor":9.0,"turns":5.0},{"damage":1.0,"enemies":"Jaw Worm","floor":12.0,"turns":4.0},{"damage":12.0,"enemies":"2 Fungi Beasts","floor":14.0,"turns":4.0},{"damage":7.0,"enemies":"Blue Slaver","floor":15.0,"turns":3.0},{"damage":9.0,"enemies":"SI_SHIV_ARCHETYPE","floor":16.0,"turns":7.0},{"damage":1.0,"enemies":"Spheric Guardian","floor":19.0,"turns":5.0},{"damage":27.0,"enemies":"3 Cultists","floor":21.0,"turns":6.0},{"damage":3.0,"enemies":"downfall:FleeingMerchant","floor":22.0,"turns":4.0},{"damage":22.0,"enemies":"Shelled Parasite and Fungi","floor":23.0,"turns":6.0},{"damage":1.0,"enemies":"Snecko","floor":25.0,"turns":5.0},{"damage":20.0,"enemies":"downfall:FleeingMerchant","floor":26.0,"turns":4.0},{"damage":16.0,"enemies":"Snake Plant","floor":28.0,"turns":4.0},{"damage":0.0,"enemies":"Centurion and Healer","floor":30.0,"turns":6.0},{"damage":2.0,"enemies":"Shelled Parasite and Fungi","floor":32.0,"turns":5.0},{"damage":62.0,"enemies":"IC_MUSHROOM_ARCHETYPE","floor":33.0,"turns":8.0},{"damage":17,"enemies":"3 Darklings","floor":36,"turns":3},{"damage":0,"enemies":"3 Shapes","floor":37,"turns":5},{"damage":9,"enemies":"downfall:FleeingMerchant","floor":38,"turns":4},{"damage":33,"enemies":"Maw","floor":39,"turns":9},{"damage":18,"enemies":"Nemesis","floor":40,"turns":7},{"damage":25,"enemies":"Jaw Worm Horde","floor":43,"turns":2}],"seed_played":"277942422261570656","potions_obtained":[{"floor":3.0,"key":"Ancient Potion"},{"floor":6.0,"key":"Dexterity Potion"},{"floor":9.0,"key":"Regen Potion"},{"floor":12.0,"key":"sneckomod:MuddlingPotion"},{"floor":14.0,"key":"Block Potion"},{"floor":16.0,"key":"Weak Potion"}],"is_trial":false,"path_per_floor":["R","M","M","?","$","E","T","R","?","?","R","M","R","M","M","B",null,"R","M","?","M","$","M","T","M","$","R","M","R","M","?","M","B",null,"R","M","M","$","M","E","T","R","M"],"character_chosen":"GUARDIAN","items_purchased":["Guardian:Gem_Orange","Guardian:BaubleBeam","Guardian:SackOfGems","Guardian:WalkerClaw","Guardian:ArmoredProtocol","HandDrill"],"campfire_rested":3,"item_purchase_floors":[5,5,22,22,26,38],"current_hp_per_floor":[88,86,86,86,86,47,47,47,33,33,33,34,60,62,57,50,88,88,87,87,61,60,40,40,41,23,49,35,61,63,63,63,3,88,88,71,73,66,35,19,19,19,0,0,0],"gold":99,"neow_bonus":"TEN_PERCENT_HP_BONUS","is_daily":false,"chose_seed":false,"campfire_upgraded":6,"win_rate":0.0,"timestamp":1612642130,"path_taken":["R","M","M","?","$","E","T","R","?","?","R","M","R","?","M","BOSS","R","M","?","M","$","M","T","M","$","R","M","R","M","?","M","BOSS","R","M","M","$","M","E","T","R","M"],"items_purchased_type":["Card","Card","Relic","Card","Card","Relic"],"build_version":"2020-12-22","purchased_purges":2,"victory":false,"max_hp_per_floor":[88,88,88,88,88,88,88,88,88,88,88,88,88,88,88,88,88,88,88,88,88,88,88,88,88,88,88,88,88,88,88,88,88,88,88,88,88,88,88,88,88,88,88,88,88],"relic_stats":{"Blood Vial":37,"Sozu":7,"Darkstone Periapt":0,"counters":[25,126],"HandDrill":[4],"Smiling Mask":0,"obtain_stats":[{"Blood Vial":7,"Sozu":17,"Darkstone Periapt":24,"Anchor":20,"Guardian:ModeShifter":0,"Oddly Smooth Stone":6,"Guardian:SackOfGems":22,"HandDrill":38,"Omamori":41,"Odd Mushroom":9,"Smiling Mask":40,"Runic Pyramid":34},{"Blood Vial":4,"Sozu":9,"Darkstone Periapt":13,"Anchor":10,"Guardian:ModeShifter":0,"Oddly Smooth Stone":4,"Guardian:SackOfGems":12,"HandDrill":22,"Omamori":24,"Odd Mushroom":5,"Smiling Mask":24,"Runic Pyramid":19},{"Blood Vial":21,"Sozu":44,"Darkstone Periapt":65,"Anchor":49,"Guardian:ModeShifter":0,"Oddly Smooth Stone":21,"Guardian:SackOfGems":59,"HandDrill":108,"Omamori":124,"Odd Mushroom":26,"Smiling Mask":124,"Runic Pyramid":96}]},"card_choices":[{"not_picked":["Guardian:TemporalStrike","Guardian:EvasiveProtocol"],"picked":"Guardian:CrystalBeam","floor":2.0},{"not_picked":["Guardian:PrismaticBarrier","Guardian:WalkerClaw"],"picked":"Guardian:Gem_Lightblue","floor":3.0},{"not_picked":["Guardian:Gem_Lightblue","Guardian:ChargeCore"],"picked":"Guardian:Gem_Red","floor":5.0},{"not_picked":["Guardian:ChargeCore","Guardian:DonusPower","Guardian:BodySlam"],"picked":"SKIP","floor":6.0},{"not_picked":["Guardian:Gem_White","Guardian:DonusPower"],"picked":"Guardian:Gem_Cyan","floor":9.0},{"not_picked":["Guardian:Gem_Green","Guardian:BodySlam"],"picked":"Guardian:ArmoredProtocol","floor":12.0},{"not_picked":["Guardian:BodySlam","Guardian:TemporalStrike"],"picked":"Guardian:VentSteam","floor":14.0},{"not_picked":["Guardian:PolyBeam","Guardian:PiercingHide"],"picked":"Guardian:TimeBomb","floor":15.0},{"not_picked":["Guardian:AncientConstruct","Guardian:SphericShield"],"picked":"Guardian:BaubleBeam","floor":16.0},{"not_picked":["Guardian:Reroute","Guardian:Gem_Lightblue"],"picked":"Guardian:Gem_Fragmented","floor":19.0},{"not_picked":["Guardian:TemporalShield+1","Guardian:TemporalStrike"],"picked":"Guardian:Gem_Red","floor":21.0},{"not_picked":["Guardian:TemporalStrike","Guardian:ShieldCharger+1"],"picked":"Guardian:WalkerClaw","floor":22.0},{"not_picked":["Guardian:Planning","Guardian:Suspension"],"picked":"Guardian:WalkerClaw","floor":23.0},{"not_picked":["Guardian:PrismaticBarrier","Guardian:ConstructionForm","Guardian:Gem_Cyan"],"picked":"SKIP","floor":25.0},{"not_picked":["Guardian:PrismaticBarrier","Guardian:ConstructionForm","Guardian:Gem_Cyan"],"picked":"SKIP","floor":25.0},{"not_picked":["Guardian:Gem_Crimson","Guardian:TimeBomb+1","Guardian:BodySlam"],"picked":"SKIP","floor":26.0},{"not_picked":["Guardian:ShieldSpikes+1","Guardian:Gem_Lightblue","Guardian:ChargeCore"],"picked":"SKIP","floor":28.0},{"not_picked":["Guardian:Reroute","Guardian:Repulse"],"picked":"Guardian:DecasProtection","floor":30.0},{"not_picked":["Guardian:VentSteam","Guardian:TemporalStrike+1"],"picked":"Guardian:GuardianWhirl","floor":32.0},{"not_picked":["Guardian:AncientConstruct","Guardian:StasisStrike"],"picked":"Guardian:BaubleBeam","floor":33.0},{"not_picked":["Guardian:Gem_Lightblue","Guardian:TemporalStrike"],"picked":"Guardian:Gem_Blue","floor":36},{"not_picked":["Guardian:Suspension","Guardian:Recover"],"picked":"Guardian:Gem_Green","floor":37},{"not_picked":["Guardian:PiercingHide+1","Guardian:AncientConstruct"],"picked":"Guardian:BronzeArmor","floor":38},{"not_picked":["Guardian:Reroute+1","Guardian:PiercingHide+1","Guardian:TemporalShield"],"picked":"SKIP","floor":39},{"not_picked":["Guardian:TemporalShield","Guardian:VentSteam+1"],"picked":"Guardian:Gem_Green","floor":40}],"player_experience":50716,"relics_obtained":[{"floor":6.0,"key":"Oddly Smooth Stone"},{"floor":7.0,"key":"Blood Vial"},{"floor":9.0,"key":"Odd Mushroom"},{"floor":24.0,"key":"Darkstone Periapt"},{"floor":40,"key":"Smiling Mask"},{"floor":41,"key":"Omamori"}],"event_choices":[{"damage_healed":0.0,"max_hp_gain":0.0,"max_hp_loss":0.0,"gold_gain":0.0,"event_name":"Mushrooms","player_choice":"Fought Mushrooms","floor":9.0,"gold_loss":0.0,"damage_taken":0.0}],"is_beta":false,"boss_relics":[{"not_picked":["Philosopher\u0027s Stone","SacredBark"],"picked":"Sozu"},{"not_picked":["Calling Bell","Astrolabe"],"picked":"Runic Pyramid"}],"items_purged_floors":[5,22],"is_endless":false,"potions_floor_spawned":[3,6,9,12,14,16,21,23,25,30,32,37,39],"killed_by":"Jaw Worm Horde","ascension_level":0}}