{"host":"uv5ws9rdk87e8i5k","time":1612637718,"event":{"mods":["AchievementEnabler","BaseMod","Colored Map","Minty Spire (QoL Compilation)","Permanent Neow","Quick Restart","StSLib","SuperFastMode","The Necromancer"],"gold_per_floor":[117,136,136,151,171,198,198,229,229,247,260,270,301,321,321,321,321],"floor_reached":16,"language":"ENG","playtime":341,"items_purged":[],"score":151,"play_id":"96bfec36-b6b0-476f-9e69-10e6d5527174","local_time":"20210206125518","is_ascension_mode":true,"campfire_choices":[{"data":"Immolate","floor":7.0,"key":"SMITH"},{"data":"Immolate","floor":15,"key":"SMITH"}],"circlet_count":0,"master_deck":["Strike_R","Strike_R","Strike_R","Strike_R","Strike_R","Defend_R","Defend_R","Defend_R","Defend_R","Bash","Immolate+1","Inflame","True Grit","Pummel","Heavy Blade","Whirlwind","Immolate+1","Dual Wield","Warcry"],"relics":["Burning Blood","Art of War","Oddly Smooth Stone","Bronze Scales","Paper Frog"],"acts_visited":["Exordium"],"potions_floor_usage":[8,8,14,16,16],"damage_taken":[{"damage":7.0,"enemies":"Jaw Worm","floor":1.0,"turns":3.0},{"damage":6.0,"enemies":"Cultist","floor":2.0,"turns":3.0},{"damage":2.0,"enemies":"2 Louse","floor":4.0,"turns":2.0},{"damage":9.0,"enemies":"Exordium Thugs","floor":5.0,"turns":3.0},{"damage":20.0,"enemies":"3 Sentries","floor":6.0,"turns":5.0},{"damage":16,"enemies":"Lagavulin","floor":8,"turns":5},{"damage":13,"enemies":"Blue Slaver","floor":10,"turns":2},{"damage":8,"enemies":"3 Louse","floor":11,"turns":3},{"damage":0,"enemies":"Exordium Wildlife","floor":12,"turns":2},{"damage":24,"enemies":"Gremlin Nob","floor":13,"turns":4},{"damage":6,"enemies":"Large Slime","floor":14,"turns":4},{"damage":41,"enemies":"The Guardian","floor":16,"turns":7}],"seed_played":"-1429035026121539610","potions_obtained":[{"floor":2.0,"key":"Explosive Potion"},{"floor":4.0,"key":"Block Potion"},{"floor":5.0,"key":"SteroidPotion"},{"floor":6.0,"key":"Regen Potion"},{"floor":12,"key":"Dexterity Potion"},{"floor":13,"key":"Fire Potion"},{"floor":14,"key":"FearPotion"}],"is_trial":false,"path_per_floor":["M","M","?","M","M","E","R","E","T","M","M","M","E","M","R","B"],"character_chosen":"IRONCLAD","items_purchased":[],"campfire_rested":0,"item_purchase_floors":[],"current_hp_per_floor":[71,71,71,72,69,55,55,59,59,52,50,56,38,38,38,0,0],"gold":321,"neow_bonus":"THREE_RARE_CARDS","is_daily":false,"chose_seed":false,"campfire_upgraded":2,"win_rate":0.0,"timestamp":1612637718,"path_taken":["M","M","?","M","M","E","R","E","T","M","M","M","E","?","R","BOSS"],"items_purchased_type":[],"build_version":"2020-12-22","purchased_purges":0,"victory":false,"max_hp_per_floor":[72,72,72,72,72,72,72,72,72,72,72,72,72,72,72,72,72],"card_choices":[{"not_picked":["Offering","Feed"],"picked":"Immolate","floor":0.0},{"not_picked":["Anger","Metallicize"],"picked":"Inflame","floor":1.0},{"not_picked":["Rampage","Sentinel"],"picked":"True Grit","floor":2.0},{"not_picked":["Rampage","Heavy Blade"],"picked":"Pummel","floor":4.0},{"not_picked":["Iron Wave","Rampage"],"picked":"Heavy Blade","floor":5.0},{"not_picked":["Shrug It Off","Anger"],"picked":"Whirlwind","floor":6.0},{"not_picked":["Ghostly Armor","Searing Blow","Blood for Blood"],"picked":"SKIP","floor":8},{"not_picked":["Hemokinesis","Sword Boomerang","Clothesline"],"picked":"SKIP","floor":10},{"not_picked":["Twin Strike","Havoc"],"picked":"Immolate","floor":11},{"not_picked":["Reckless Charge","Clash"],"picked":"Dual Wield","floor":12},{"not_picked":["Armaments","Wild Strike"],"picked":"Warcry","floor":13},{"not_picked":["Warcry","Dropkick","Rupture"],"picked":"SKIP","floor":14}],"player_experience":244423,"relics_obtained":[{"floor":6.0,"key":"Art of War"},{"floor":8,"key":"Oddly Smooth Stone"},{"floor":9,"key":"Bronze Scales"},{"floor":13,"key":"Paper Frog"}],"event_choices":[{"damage_healed":0.0,"max_hp_gain":0.0,"max_hp_loss":0.0,"gold_gain":0.0,"event_name":"Match and Keep!","player_choice":"0 cards matched","floor":3.0,"gold_loss":0.0,"damage_taken":0.0,"cards_obtained":[]}],"is_beta":false,"boss_relics":[],"items_purged_floors":[],"is_endless":false,"potions_floor_spawned":[2,4,5,6,12,13,14],"killed_by":"The Guardian","ascension_level":4}}