{"host":"rx3fqeecbcmic2ko","time":1612640890,"event":{"mods":["BaseMod","Better Sensory Stone","Disable Question Mark Monsters","Energized Spire","Hyrulean Relics","Minty Spire (QoL Compilation)","Quick Restart","Relic Filter","Small Relic Pack","StSLib","The Wild Card"],"gold_per_floor":[110,120,120,100,114,114,114,114,114,124,124,137,171,182,182,182,182],"floor_reached":16,"language":"ENG","playtime":465,"items_purged":[],"score":102,"play_id":"4ebcb902-0c97-411d-ae31-384828e14c16","local_time":"20210206144810","is_ascension_mode":false,"campfire_choices":[{"floor":6,"key":"REST"},{"data":"Cloak And Dagger","floor":8,"key":"SMITH"},{"floor":15,"key":"REST"}],"circlet_count":0,"master_deck":["Strike_G","Strike_G+1","Strike_G","Strike_G","Strike_G","Defend_G","Defend_G","Defend_G","Defend_G","Defend_G","Survivor","Neutralize+1","Poisoned Stab","Cloak And Dagger+1","Deflect","Bane","Finisher","Deadly Poison"],"relics":["Ring of the Snake","Ancient Tea Set","Calipers","Orichalcum","MealTicket"],"acts_visited":["Exordium"],"potions_floor_usage":[],"damage_taken":[{"damage":0,"enemies":"2 Louse","floor":1,"turns":3},{"damage":2,"enemies":"Jaw Worm","floor":2,"turns":4},{"damage":0,"enemies":"Cultist","floor":5,"turns":4},{"damage":0,"enemies":"Looter","floor":10,"turns":2},{"damage":0,"enemies":"Red Slaver","floor":12,"turns":4},{"damage":29,"enemies":"Lagavulin","floor":13,"turns":7},{"damage":5,"enemies":"Large Slime","floor":14,"turns":5},{"damage":60,"enemies":"Slime Boss","floor":16,"turns":7}],"seed_played":"5996565397434074493","potions_obtained":[{"floor":2,"key":"PowerPotion"},{"floor":4,"key":"Ancient Potion"},{"floor":5,"key":"EssenceOfSteel"},{"floor":11,"key":"EssenceOfSteel"},{"floor":11,"key":"GhostInAJar"}],"is_trial":false,"path_per_floor":["M","M","?","?","M","R","?","R","T","M","?","M","E","M","R","B"],"character_chosen":"THE_SILENT","items_purchased":[],"campfire_rested":2,"item_purchase_floors":[],"current_hp_per_floor":[70,68,54,54,54,70,70,70,70,70,70,70,41,36,57,0,0],"gold":182,"neow_bonus":"RANDOM_COMMON_RELIC","is_daily":false,"chose_seed":false,"campfire_upgraded":1,"win_rate":0.0,"timestamp":1612640890,"path_taken":["M","M","?","?","?","R","?","R","T","?","?","M","E","?","R","BOSS"],"items_purchased_type":[],"build_version":"2020-12-22","purchased_purges":0,"victory":false,"max_hp_per_floor":[70,70,70,70,70,70,70,70,70,70,70,70,70,70,70,70,70],"card_choices":[{"not_picked":["Dagger Spray","Predator"],"picked":"Poisoned Stab","floor":1},{"not_picked":["Sucker Punch","Calculated Gamble","Backflip"],"picked":"SKIP","floor":2},{"not_picked":["Dagger Throw","Acrobatics"],"picked":"Cloak And Dagger","floor":5},{"not_picked":["Dodge and Roll","Tools of the Trade"],"picked":"Deflect","floor":10},{"not_picked":["Sucker Punch","PiercingWail"],"picked":"Bane","floor":12},{"not_picked":["Heel Hook","Escape Plan"],"picked":"Finisher","floor":13},{"not_picked":["Acrobatics","Backflip"],"picked":"Deadly Poison","floor":14}],"player_experience":97302,"relics_obtained":[{"floor":9,"key":"Orichalcum"},{"floor":13,"key":"MealTicket"}],"event_choices":[{"damage_healed":0,"gold_gain":0,"player_choice":"Entered Light","damage_taken":14,"max_hp_gain":0,"max_hp_loss":0,"event_name":"Shining Light","floor":3,"gold_loss":0,"cards_upgraded":["Strike_G","Neutralize"]},{"damage_healed":0,"gold_gain":0,"player_choice":"Bought 1 Potion","damage_taken":0,"max_hp_gain":0,"max_hp_loss":0,"event_name":"The Woman in Blue","floor":4,"gold_loss":0},{"damage_healed":0,"gold_gain":0,"player_choice":"Gave Potion","damage_taken":0,"relics_obtained":["Calipers"],"max_hp_gain":0,"max_hp_loss":0,"event_name":"WeMeetAgain","floor":7,"gold_loss":0},{"damage_healed":0,"gold_gain":0,"player_choice":"Got Potions","damage_taken":0,"max_hp_gain":0,"max_hp_loss":0,"event_name":"Lab","floor":11,"gold_loss":0}],"is_beta":false,"boss_relics":[],"items_purged_floors":[],"is_endless":false,"potions_floor_spawned":[2,5,13,14],"killed_by":"Slime Boss","ascension_level":0}}