{"host":"e7sl0pd4xxdbbdh2","time":1612639571,"event":{"mods":["AchievementEnabler","BaseMod","Better Third Choice","Colored Map","Colored Powertips","Minty Spire (QoL Compilation)","Replay The Spire","StSLib","SuperFastMode"],"gold_per_floor":[118,44,57,69,89,89,29,29,52,52,52,80,80,96,96,96,96],"floor_reached":16,"language":"SPA","playtime":690,"items_purged":[],"score":200,"play_id":"2d23b974-47d9-48cc-9cf3-10b6a46da1cf","local_time":"20210206162611","is_ascension_mode":true,"campfire_choices":[{"data":"Noxious Fumes","floor":6,"key":"SMITH"},{"data":"Caltrops","floor":8,"key":"SMITH"},{"floor":10,"key":"REST"},{"floor":15,"key":"DIG"}],"circlet_count":0,"master_deck":["AscendersBane","Strike_G","Strike_G","Strike_G","Strike_G","Strike_G","Defend_G","Defend_G","Defend_G","Defend_G","Defend_G","Survivor","Neutralize+1","Noxious Fumes+1","Caltrops+1","Cloak And Dagger","Caltrops","Tactician","Acrobatics","After Image","Leg Sweep"],"relics":["Ring of the Snake","Akabeko","Nunchaku","ReplayTheSpireMod:Ninjato"],"acts_visited":["Exordium"],"potions_floor_usage":[12,14,16,16],"damage_taken":[{"damage":3,"enemies":"Cultist","floor":1,"turns":4},{"damage":1,"enemies":"Small Slimes","floor":3,"turns":4},{"damage":2,"enemies":"Jaw Worm","floor":4,"turns":5},{"damage":19,"enemies":"Lots of Slimes","floor":5,"turns":4},{"damage":2,"enemies":"Looter","floor":7,"turns":5},{"damage":15,"enemies":"Lagavulin","floor":12,"turns":6},{"damage":0,"enemies":"2 Fungi Beasts","floor":14,"turns":3},{"damage":42,"enemies":"Slime Boss","floor":16,"turns":10}],"seed_played":"-6804169375424722711","potions_obtained":[{"floor":1,"key":"Poison Potion"},{"floor":12,"key":"LiquidBronze"},{"floor":13,"key":"Poison Potion"},{"floor":14,"key":"Poison Potion"}],"is_trial":false,"path_per_floor":["M","$","M","M","M","R","M","R","T","R","?","E","?","M","R_BF","B"],"character_chosen":"THE_SILENT","items_purchased":["Caltrops"],"campfire_rested":1,"item_purchase_floors":[2],"current_hp_per_floor":[56,56,55,53,34,34,32,32,32,51,56,41,41,41,41,0,0],"gold":96,"neow_bonus":"UPGRADE_CARD","is_daily":false,"chose_seed":false,"campfire_upgraded":2,"win_rate":0.0,"timestamp":1612639571,"path_taken":["M","?","M","M","M","R","M","R","T","R","?","E","?","M","R_BF","BOSS"],"items_purchased_type":["Card"],"build_version":"2020-12-22","purchased_purges":0,"victory":false,"max_hp_per_floor":[66,66,66,66,66,66,66,66,66,66,71,71,71,71,71,71,71],"card_choices":[{"not_picked":["Acrobatics","Poisoned Stab"],"picked":"Noxious Fumes","floor":1},{"not_picked":["Choke","Blur"],"picked":"Cloak And Dagger","floor":3},{"not_picked":["Riddle With Holes","ReplayTheSpireMod:Scrap Shanks"],"picked":"Caltrops","floor":4},{"not_picked":["Underhanded Strike","Bouncing Flask"],"picked":"Tactician","floor":5},{"not_picked":["Flying Knee","PiercingWail"],"picked":"Acrobatics","floor":7},{"not_picked":["Draining Mist","Riddle With Holes"],"picked":"After Image","floor":12},{"not_picked":["Endless Agony","Crippling Poison"],"picked":"Leg Sweep","floor":14}],"player_experience":1678250,"relics_obtained":[{"floor":9,"key":"Akabeko"},{"floor":12,"key":"Nunchaku"},{"floor":15,"key":"ReplayTheSpireMod:Ninjato"}],"event_choices":[{"damage_healed":0,"gold_gain":0,"player_choice":"Donut","damage_taken":0,"max_hp_gain":5,"max_hp_loss":0,"event_name":"Big Fish","floor":11,"gold_loss":0},{"damage_healed":0,"gold_gain":0,"player_choice":"Got Potions","damage_taken":0,"max_hp_gain":0,"max_hp_loss":0,"event_name":"Lab","floor":13,"gold_loss":0}],"is_beta":false,"boss_relics":[],"items_purged_floors":[],"is_endless":false,"potions_floor_spawned":[1,12,14],"killed_by":"Slime Boss","ascension_level":20}}