{"host":"dlqyscxstsnu98l1","time":1612579457,"event":{"mods":["AchievementEnabler","BaseMod","Colored Map","Colored Powertips","Downfall","GifTheSpireLib","Highlight Path","Marked Mod","Minty Spire (QoL Compilation)","Random Character Button","SacredBarkPlus","StSLib","everything is the same but u backflip on backflip"],"gold_per_floor":[113,113,125,3,14,14,14,14,14],"floor_reached":8,"language":"ENG","playtime":299,"items_purged":["Strike_P"],"score":64,"play_id":"4cf9231f-953c-4372-9c59-2d4b0a78868e","local_time":"20210205204417","is_ascension_mode":true,"campfire_choices":[{"data":"MarkedMod:OneThousandNeedles","floor":7,"key":"SMITH"}],"circlet_count":0,"master_deck":["Strike_P","Strike_P","Strike_P","Defend_P","Defend_P","Defend_P","Defend_P","Eruption","Vigilance","MarkedMod:OneThousandNeedles+1","MarkedMod:FirstStrike"],"relics":["PureWater"],"acts_visited":["Exordium"],"potions_floor_usage":[6,8],"damage_taken":[{"damage":7,"enemies":"Small Slimes","floor":1,"turns":3},{"damage":12,"enemies":"Cultist","floor":3,"turns":4},{"damage":4,"enemies":"Jaw Worm","floor":5,"turns":4},{"damage":0,"enemies":"Lagavulin","floor":6,"turns":2},{"damage":91,"enemies":"Gremlin Nob","floor":8,"turns":5}],"seed_played":"-2415055973645017426","potions_obtained":[{"floor":3,"key":"SmokeBomb"},{"floor":5,"key":"bronze:BurnAndBuffPotion"}],"is_trial":false,"path_per_floor":["M","?","M","$","M","E","R","E"],"character_chosen":"WATCHER","items_purchased":["MarkedMod:FirstStrike"],"campfire_rested":0,"item_purchase_floors":[4],"current_hp_per_floor":[58,86,74,74,70,70,70,0,0],"gold":14,"neow_bonus":"TWENTY_PERCENT_HP_BONUS","is_daily":false,"chose_seed":false,"campfire_upgraded":1,"win_rate":0.0,"timestamp":1612579457,"path_taken":["M","?","M","$","M","E","R","E"],"items_purchased_type":["Card"],"build_version":"2020-12-22","purchased_purges":1,"victory":false,"max_hp_per_floor":[86,86,86,86,86,86,86,86,86],"card_choices":[{"not_picked":["SashWhip","Crescendo"],"picked":"Wallop","floor":1},{"not_picked":["MarkedMod:FirstStrike","MentalFortress"],"picked":"MarkedMod:OneThousandNeedles","floor":3},{"not_picked":["SandsOfTime","ReachHeaven","ForeignInfluence"],"picked":"SKIP","floor":5}],"player_experience":140720,"relics_obtained":[],"event_choices":[{"cards_removed":["Wallop"],"damage_healed":28,"gold_gain":0,"player_choice":"Offered Uncommon","damage_taken":0,"max_hp_gain":0,"max_hp_loss":0,"event_name":"Bonfire Elementals","floor":2,"gold_loss":0}],"is_beta":false,"boss_relics":[],"items_purged_floors":[4],"is_endless":false,"potions_floor_spawned":[3,5],"killed_by":"Gremlin Nob","ascension_level":3}}