{"host":"i0m6ffz3lpe3z1ky","time":1612641199,"event":{"mods":["Aspiration","BaseMod","Bestiary","BetterRewards","Colored Map","Conspire","Energized Spire","Highlight Path","Hubris","Ironclad Rager","Minty Spire (QoL Compilation)","Quick Restart","Reliquary","Shop Mod","Spicy Shops","StSLib","Thieving Mod"],"gold_per_floor":[117,117,131,141,153,153,188,204,204,218,62,62,72,72,72,144,144,123,27,46,62,62,88,88,102,102,102,134,145,159,193,193,267,267,287,287,4,4,19,49,49,82,82,96,96,96],"floor_reached":45,"language":"KOR","playtime":2490,"items_purged":["Strike_G"],"score":1474,"play_id":"f463c533-09ea-4f16-bb91-8294ec72e6c2","local_time":"20210207045319","is_ascension_mode":true,"campfire_choices":[{"floor":6.0,"key":"REST"},{"floor":12.0,"key":"REST"},{"floor":15.0,"key":"REST"},{"data":"Burst","floor":24.0,"key":"SMITH"},{"floor":32.0,"key":"RECALL"},{"data":"Catalyst","floor":41,"key":"SMITH"}],"circlet_count":0,"master_deck":["AscendersBane","Strike_G","Strike_G","Strike_G","Defend_G","Defend_G","Defend_G","Defend_G","Defend_G","Survivor","Neutralize+1","Backflip+1","Poisoned Stab","Crippling Poison","conspire:PoisonWeapons","Catalyst+1","Catalyst+1","Burst+1","Deadly Poison","Adrenaline+1","Bouncing Flask+1","Footwork","PiercingWail+1","Adrenaline+1","Bullet Time+1","Sentinel+1"],"relics":["Ring of the Snake","reliquary:Buckler","reliquary:PurpleTingedLeaf","reliquary:SharkskinSheath","conspire:TreasureMap","MealTicket","conspire:GlowingRock","reliquary:RadioactivePellet","Toxic Egg 2","SlaversCollar","Membership Card","aspiration:VileToxins","hubris:BottledHeart","aspiration:HatOfInfinitePower","Girya","reliquary:ExpiredCoupon","aspiration:IroncladSkillbook","TwistedFunnel","ClockworkSouvenir","reliquary:Knoch","reliquary:PartyBalloon","hubris:FunFungus","reliquary:IridiumChain","conspire:DeflatedDodgeball"],"acts_visited":["Exordium","TheCity","TheBeyond"],"potions_floor_usage":[],"damage_taken":[{"damage":6.0,"enemies":"Jaw Worm","floor":1.0,"turns":8.0},{"damage":0.0,"enemies":"Cultist","floor":3.0,"turns":5.0},{"damage":1.0,"enemies":"Small Slimes","floor":4.0,"turns":4.0},{"damage":3.0,"enemies":"Looter","floor":5.0,"turns":4.0},{"damage":46.0,"enemies":"3 Sentries","floor":7.0,"turns":13.0},{"damage":3.0,"enemies":"Large Slime","floor":8.0,"turns":11.0},{"damage":0.0,"enemies":"3 Louse","floor":10.0,"turns":3.0},{"damage":14.0,"enemies":"Exordium Thugs","floor":13.0,"turns":4.0},{"damage":11.0,"enemies":"Hexaghost","floor":16.0,"turns":5.0},{"damage":5.0,"enemies":"2 Thieves","floor":18.0,"turns":4.0},{"damage":11.0,"enemies":"3 Byrds","floor":20.0,"turns":4.0},{"damage":6.0,"enemies":"Snecko","floor":21.0,"turns":3.0},{"damage":0.0,"enemies":"Gremlin Leader","floor":23.0,"turns":4.0},{"damage":0.0,"enemies":"3 Cultists","floor":25.0,"turns":5.0},{"damage":0.0,"enemies":"Slavers","floor":28.0,"turns":6.0},{"damage":0.0,"enemies":"conspire:HollyBat","floor":29.0,"turns":7.0},{"damage":0.0,"enemies":"Centurion and Healer","floor":30.0,"turns":5.0},{"damage":0.0,"enemies":"conspire:SneckoGhost","floor":31.0,"turns":3.0},{"damage":0,"enemies":"Collector","floor":33,"turns":4},{"damage":0,"enemies":"Orb Walker","floor":35,"turns":3},{"damage":0,"enemies":"3 Shapes","floor":39,"turns":2},{"damage":0,"enemies":"Reptomancer","floor":40,"turns":4},{"damage":0,"enemies":"Nemesis","floor":42,"turns":1},{"damage":0,"enemies":"3 Darklings","floor":44,"turns":8},{"damage":6,"enemies":"4 Shapes","floor":45,"turns":3}],"seed_played":"-5367606277094502362","potions_obtained":[{"floor":3.0,"key":"FearPotion"},{"floor":4.0,"key":"LiquidMemories"},{"floor":7.0,"key":"GamblersBrew"},{"floor":8.0,"key":"Fire Potion"},{"floor":13.0,"key":"LiquidMemories"},{"floor":18.0,"key":"FearPotion"},{"floor":25.0,"key":"SpeedPotion"},{"floor":29.0,"key":"Ancient Potion"}],"is_trial":false,"path_per_floor":["M","?","M","M","M","R","E","M","T","M","$","R","M","?","R","B",null,"M","$","M","M","?","E","R","M","T","?","E","M","M","E","R","B",null,"M","?","$","?","M","E","R","E","T","M","M"],"character_chosen":"THE_SILENT","items_purchased":["reliquary:Buckler","reliquary:PurpleTingedLeaf","reliquary:SharkskinSheath","conspire:TreasureMap","MealTicket","Backflip","Deadly Poison","aspiration:VileToxins","Bouncing Flask+1","TwistedFunnel","ClockworkSouvenir","reliquary:Knoch","reliquary:PartyBalloon"],"campfire_rested":3,"item_purchase_floors":[0,0,0,0,0,0,11,19,19,37,37,37,37],"current_hp_per_floor":[26,26,28,29,28,47,4,5,5,6,21,40,27,27,46,37,59,55,66,55,50,1,1,1,1,1,1,1,1,1,1,1,1,1,1,1,1,1,1,1,1,1,1,1,0,0],"gold":96,"neow_bonus":"","is_daily":false,"chose_seed":false,"campfire_upgraded":2,"win_rate":0.0,"timestamp":1612641199,"path_taken":["M","?","?","M","M","R","E","M","T","M","?","R","M","?","R","BOSS","M","$","M","M","?","E","R","M","T","?","E","M","M","E","R","BOSS","M","?","$","?","M","E","R","E","T","M","M"],"items_purchased_type":["Relic","Relic","Relic","Relic","Relic","Card","Card","Relic","Card","Relic","Relic","Relic","Relic"],"build_version":"2020-12-22","purchased_purges":1,"victory":false,"max_hp_per_floor":[66,66,66,66,66,66,66,66,66,66,66,66,66,66,66,66,66,66,66,66,66,1,1,1,1,1,1,1,1,1,1,1,1,1,1,1,1,1,1,1,1,1,1,1,1,1],"card_choices":[{"not_picked":["Quick Slash","Finisher"],"picked":"Poisoned Stab","floor":1.0},{"not_picked":["Outmaneuver","Prepared"],"picked":"Crippling Poison","floor":3.0},{"not_picked":["Poisoned Stab","Reflex"],"picked":"conspire:PoisonWeapons","floor":4.0},{"not_picked":["Blade Dance","Quick Slash"],"picked":"Catalyst","floor":5.0},{"not_picked":["Well Laid Plans","Flying Knee","Choke"],"picked":"SKIP","floor":7.0},{"not_picked":["Distraction","Backstab"],"picked":"Catalyst","floor":8.0},{"not_picked":["Acrobatics","Bouncing Flask"],"picked":"Burst","floor":10.0},{"not_picked":["Acrobatics","Sucker Punch","Poisoned Stab"],"picked":"SKIP","floor":13.0},{"not_picked":["Storm of Steel+1","Tools of the Trade"],"picked":"Adrenaline+1","floor":16.0},{"not_picked":["Cloak And Dagger+1","Underhanded Strike+1","Slice"],"picked":"SKIP","floor":18.0},{"not_picked":["Deflect+1","Tactician+1"],"picked":"Footwork","floor":20.0},{"not_picked":["All Out Attack","Deadly Poison+1","Slice"],"picked":"SKIP","floor":21.0},{"not_picked":["All Out Attack","Deadly Poison+1","Slice"],"picked":"SKIP","floor":21.0},{"not_picked":["Flying Knee","Setup+1","conspire:PoisonWeapons+1"],"picked":"SKIP","floor":23.0},{"not_picked":["Slice","Outmaneuver+1","Terror+1"],"picked":"SKIP","floor":25.0},{"not_picked":["Reflex+1","hubris:Counter"],"picked":"PiercingWail+1","floor":28.0},{"not_picked":["Flying Knee+1","Outmaneuver+1","conspire:DoublingDagger+1"],"picked":"SKIP","floor":29.0},{"not_picked":["Sucker Punch","Escape Plan+1"],"picked":"Adrenaline+1","floor":30.0},{"not_picked":["Flying Knee","Flechettes+1","Prepared+1"],"picked":"SKIP","floor":31.0},{"not_picked":["Envenom","After Image"],"picked":"Bullet Time+1","floor":33},{"not_picked":["Leg Sweep+1","Accuracy","Prepared+1"],"picked":"Sentinel+1","floor":35},{"not_picked":["Hemokinesis+1","ICR:PowerAttack+1","hubris:TrickCloak+1","Seeing Red+1"],"picked":"SKIP","floor":39},{"not_picked":["Clothesline","Phantasmal Killer+1","Endless Agony","Reflex+1"],"picked":"SKIP","floor":40},{"not_picked":["Endless Agony","Cleave","Storm of Steel+1","ICR:Frenzy+1"],"picked":"SKIP","floor":42},{"not_picked":["Cloak And Dagger+1","Heel Hook","Carnage","Thunderclap+1"],"picked":"SKIP","floor":44}],"player_experience":512229,"relics_obtained":[{"floor":7.0,"key":"conspire:GlowingRock"},{"floor":9.0,"key":"reliquary:RadioactivePellet"},{"floor":23.0,"key":"aspiration:HatOfInfinitePower"},{"floor":28.0,"key":"Girya"},{"floor":31.0,"key":"reliquary:ExpiredCoupon"},{"floor":40,"key":"hubris:FunFungus"},{"floor":42,"key":"reliquary:IridiumChain"},{"floor":43,"key":"conspire:DeflatedDodgeball"}],"event_choices":[{"cards_removed":["Strike_G"],"damage_healed":0.0,"max_hp_gain":0.0,"max_hp_loss":0.0,"gold_gain":0.0,"event_name":"Purifier","player_choice":"Purged","floor":2.0,"gold_loss":0.0,"damage_taken":0.0},{"damage_healed":0.0,"max_hp_gain":0.0,"max_hp_loss":0.0,"gold_gain":0.0,"event_name":"Accursed Blacksmith","player_choice":"Forge","floor":27.0,"gold_loss":0.0,"damage_taken":0.0,"cards_upgraded":["Catalyst"]},{"damage_healed":0,"gold_gain":0,"player_choice":"Max HP","damage_taken":0,"max_hp_gain":0,"max_hp_loss":0,"event_name":"Winding Halls","floor":36,"gold_loss":0},{"cards_removed":["Injury"],"damage_healed":0,"gold_gain":0,"player_choice":"Card Removal","damage_taken":0,"max_hp_gain":0,"max_hp_loss":0,"event_name":"Wheel of Change","floor":38,"gold_loss":0}],"is_beta":false,"boss_relics":[{"not_picked":["reliquary:RedPaperclip","energizedSpire:StickyHand"],"picked":"SlaversCollar"},{"not_picked":["hubris:BlackHole","conspire:SlowCooker"],"picked":"aspiration:IroncladSkillbook"}],"items_purged_floors":[11],"is_endless":false,"potions_floor_spawned":[3,4,7,8,13,18,25,29,33,35,40,44],"killed_by":"4 Shapes","ascension_level":20}}