{"host":"lktusdb9orijgc6z","time":1612625693,"event":{"mods":["BaseMod","Bestiary","Colored Map","Colored Powertips","Minty Spire (QoL Compilation)","Permanent Neow","Quick Restart","Relic Stats","StSLib","everything is the same but u backflip on backflip","slay the spire mod where everything is the same but ironclad has a cowboy hat"],"gold_per_floor":[213,213,228,228,0,33,52,52,52,65,65,93,103,114,114,114,114],"floor_reached":16,"language":"ENG","playtime":452,"items_purged":[],"score":190,"play_id":"0f8b481a-d8d6-4d68-b33a-fccfc77a07d8","local_time":"20210206163453","is_ascension_mode":true,"campfire_choices":[{"data":"Carnage","floor":8.0,"key":"SMITH"},{"floor":15.0,"key":"REST"}],"circlet_count":0,"master_deck":["AscendersBane","Strike_R","Strike_R","Strike_R","Strike_R","Strike_R","Defend_R","Defend_R","Defend_R","Defend_R","Bash","Thunderclap","Thunderclap","Carnage+1","Limit Break","Cleave","Thunderclap","Impervious","Power Through"],"relics":["Burning Blood","Nunchaku","Self Forming Clay","OrangePellets","Strawberry","Tiny Chest","Ornamental Fan"],"acts_visited":[],"potions_floor_usage":[16],"damage_taken":[{"damage":3.0,"enemies":"Small Slimes","floor":1.0,"turns":4.0},{"damage":13.0,"enemies":"Jaw Worm","floor":3.0,"turns":4.0},{"damage":19.0,"enemies":"3 Sentries","floor":6.0,"turns":7.0},{"damage":9.0,"enemies":"2 Louse","floor":7.0,"turns":2.0},{"damage":4.0,"enemies":"2 Fungi Beasts","floor":10.0,"turns":3.0},{"damage":29.0,"enemies":"Gremlin Nob","floor":12.0,"turns":5.0},{"damage":2.0,"enemies":"Looter","floor":13.0,"turns":3.0},{"damage":4.0,"enemies":"3 Louse","floor":14.0,"turns":4.0},{"damage":42,"enemies":"Slime Boss","floor":16,"turns":5}],"seed_played":"8480441567876908801","potions_obtained":[{"floor":3.0,"key":"Swift Potion"},{"floor":6.0,"key":"CultistPotion"},{"floor":12.0,"key":"EssenceOfSteel"},{"floor":13.0,"key":"LiquidBronze"}],"is_trial":false,"path_per_floor":["M","?","M","T","$","E","M","R","T","M","$","E","M","M","R","B"],"character_chosen":"IRONCLAD","items_purchased":["Carnage","OrangePellets"],"campfire_rested":1,"item_purchase_floors":[5,5],"current_hp_per_floor":[71,46,39,39,39,33,30,30,30,32,32,9,13,15,39,0,0],"gold":114,"neow_bonus":"HUNDRED_GOLD","is_daily":false,"chose_seed":false,"campfire_upgraded":1,"win_rate":0.0,"timestamp":1612625693,"path_taken":["M","?","M","?","$","E","M","R","T","M","?","E","M","M","R","BOSS"],"items_purchased_type":["Card","Relic"],"build_version":"2020-12-22","purchased_purges":0,"victory":false,"max_hp_per_floor":[75,75,75,75,75,82,82,82,82,82,82,82,82,82,82,82,82],"relic_stats":{"OrangePellets":[0],"Nunchaku":[6],"counters":[9,37],"Self Forming Clay":[36],"Ornamental Fan":[16],"Tiny Chest":0,"obtain_stats":[{"OrangePellets":5,"Nunchaku":2,"Self Forming Clay":4,"Ornamental Fan":12,"Strawberry":6,"Tiny Chest":9,"Burning Blood":0},{"OrangePellets":2,"Nunchaku":1,"Self Forming Clay":2,"Ornamental Fan":6,"Strawberry":3,"Tiny Chest":4,"Burning Blood":0},{"OrangePellets":8,"Nunchaku":4,"Self Forming Clay":8,"Ornamental Fan":25,"Strawberry":15,"Tiny Chest":17,"Burning Blood":0}],"Burning Blood":48},"card_choices":[{"not_picked":["Headbutt","Flame Barrier"],"picked":"Thunderclap","floor":1.0},{"not_picked":["Rampage","Twin Strike"],"picked":"Thunderclap","floor":3.0},{"not_picked":["Pummel","Iron Wave"],"picked":"Limit Break","floor":6.0},{"not_picked":["Armaments","Dark Embrace"],"picked":"Cleave","floor":7.0},{"not_picked":["Sever Soul","True Grit"],"picked":"Thunderclap","floor":10.0},{"not_picked":["Juggernaut","Clothesline"],"picked":"Impervious","floor":12.0},{"not_picked":["Body Slam","Heavy Blade","Clash"],"picked":"SKIP","floor":13.0},{"not_picked":["Pommel Strike","Warcry"],"picked":"Power Through","floor":14.0}],"player_experience":771675,"relics_obtained":[{"floor":4.0,"key":"Self Forming Clay"},{"floor":6.0,"key":"Strawberry"},{"floor":9.0,"key":"Tiny Chest"},{"floor":12.0,"key":"Ornamental Fan"}],"event_choices":[{"damage_healed":0.0,"max_hp_gain":0.0,"max_hp_loss":0.0,"gold_gain":0.0,"event_name":"Scrap Ooze","player_choice":"Success","floor":2.0,"gold_loss":0.0,"damage_taken":25.0,"relics_obtained":["Nunchaku"]}],"is_beta":false,"boss_relics":[],"items_purged_floors":[],"is_endless":false,"potions_floor_spawned":[3,6,7,12,13],"killed_by":"Slime Boss","ascension_level":14}}