{"host":"4evnc443c98ww2zl","time":1612570664,"event":{"mods":["BaseMod","Better Third Choice","Hermit","Koishi","Luminous","Minty Spire (QoL Compilation)","Remilia??????","Robot Space Explorer","StSLib","The Administrix","The Bug Knight","The Cursed","TheSwordswoman"],"gold_per_floor":[120,120,134,149,166,166,192,192,192,224,237,268,268,280,280,377,377,388,388,13,13,48,48,59,91,91,124,124,148,174,185,185,282,282,298,309,309,320,354,386,386,420,446,458,472,472,497,508,508,508,508,508,65,95,95],"floor_reached":56,"language":"ENG","playtime":5053,"items_purged":[],"score":1515,"play_id":"608e791c-bc47-45bb-9815-7b17512fed83","local_time":"20210205181744","daily_mods":["SealedDeck","Diverse","Colorless Cards","Heirloom","DeadlyEvents","Elite Swarm"],"is_ascension_mode":false,"campfire_choices":[{"floor":6,"key":"RECALL"},{"data":"Finesse","floor":8,"key":"SMITH"},{"data":"1","floor":13,"key":"LIFT"},{"data":"2","floor":15,"key":"LIFT"},{"data":"3","floor":23,"key":"LIFT"},{"data":"RobotSpaceExplorer:GlueShot","floor":28,"key":"SMITH"},{"data":"Beam Cell","floor":32,"key":"SMITH"},{"floor":41,"key":"REST"},{"floor":49,"key":"REST"},{"floor":52,"key":"REST"}],"circlet_count":0,"master_deck":["Quick Slash","AdministrixMod:CrackingPangu","Luminous:Light_Track","Deflect","TheCursedMod:Stigma+1","Deflect","EmptyFist+1","Finesse+1","FollowUp","Glacier","AdministrixMod:SipOfSparks","blazmod:FortifiedVigor","CrushJoints","TheCursedMod:DemonSword","AdministrixMod:StarSwordSoul","Koishi:JumpScare","CrushJoints","RobotSpaceExplorer:MiniBoosters+1","RobotSpaceExplorer:MiniDrones","Bandage Up","RobotSpaceExplorer:GlueShot+1","DevaForm","AdministrixMod:AmassedMasks","Beam Cell+1","AdministrixMod:HaveItAll","True Grit+1","JustLucky+1","Adrenaline","BloodySeventeenLaser","HollowMod:DashSlash+1","Madness","Madness"],"relics":["AdministrixMod:ConductorRitualBaton","AdministrixMod:KeyOfKings","Meat on the Bone","Pantograph","Girya","InkBottle","Singing Bowl","Kunai","Centennial Puzzle","Du-Vu Doll","Anchor","Incense Burner","Fusion Hammer","Shuriken","Ancient Tea Set","Bottled Flame","Toy Ornithopter","Frozen Egg 2","Strawberry","Lee\u0027s Waffle","Whetstone","Pear"],"acts_visited":["Exordium","TheCity","TheBeyond","TheEnding"],"potions_floor_usage":[10,12,30,31,33,55],"damage_taken":[{"damage":3,"enemies":"2 Louse","floor":1,"turns":2},{"damage":0,"enemies":"Cultist","floor":3,"turns":2},{"damage":6,"enemies":"Small Slimes","floor":4,"turns":2},{"damage":14,"enemies":"Exordium Thugs","floor":5,"turns":4},{"damage":0,"enemies":"HollowMod:MossKnight","floor":7,"turns":3},{"damage":1,"enemies":"Gremlin Nob","floor":10,"turns":3},{"damage":10,"enemies":"Large Slime","floor":11,"turns":3},{"damage":14,"enemies":"3 Sentries","floor":12,"turns":8},{"damage":0,"enemies":"Blue Slaver","floor":14,"turns":2},{"damage":25,"enemies":"The Guardian","floor":16,"turns":8},{"damage":15,"enemies":"2 Thieves","floor":18,"turns":3},{"damage":25,"enemies":"Slavers","floor":22,"turns":6},{"damage":4,"enemies":"Shell Parasite","floor":24,"turns":4},{"damage":9,"enemies":"Book of Stabbing","floor":25,"turns":4},{"damage":16,"enemies":"Slavers","floor":27,"turns":4},{"damage":0,"enemies":"Book of Stabbing","floor":30,"turns":5},{"damage":3,"enemies":"Snake Plant","floor":31,"turns":3},{"damage":0,"enemies":"Champ","floor":33,"turns":11},{"damage":0,"enemies":"3 Darklings","floor":35,"turns":3},{"damage":0,"enemies":"Orb Walker","floor":36,"turns":3},{"damage":0,"enemies":"Sphere and 2 Shapes","floor":38,"turns":3},{"damage":0,"enemies":"Reptomancer","floor":39,"turns":5},{"damage":0,"enemies":"Nemesis","floor":40,"turns":7},{"damage":13,"enemies":"Reptomancer","floor":42,"turns":5},{"damage":1,"enemies":"4 Shapes","floor":44,"turns":3},{"damage":3,"enemies":"Spire Growth","floor":45,"turns":4},{"damage":19,"enemies":"HollowMod:StalkingDevout","floor":47,"turns":4},{"damage":6,"enemies":"3 Darklings","floor":48,"turns":3},{"damage":24,"enemies":"Awakened One","floor":50,"turns":6},{"damage":10,"enemies":"Shield and Spear","floor":54,"turns":4},{"damage":39,"enemies":"The Heart","floor":55,"turns":9}],"seed_played":"6560299265131776223","potions_obtained":[{"floor":4,"key":"SpeedPotion"},{"floor":5,"key":"GamblersBrew"},{"floor":10,"key":"EssenceOfSteel"},{"floor":14,"key":"SpeedPotion"},{"floor":22,"key":"Energy Potion"},{"floor":30,"key":"PowerPotion"},{"floor":31,"key":"BlessingOfTheForge"},{"floor":35,"key":"LiquidBronze"}],"is_trial":true,"path_per_floor":["M","?","M","M","M","R","E","R","T","E","M","E","R","M","R","B",null,"M","?","$","?","E","R","M","E","T","E","R","T","E","M","R","B",null,"M","M","?","M","E","E","R","E","T","M","M","?","E","M","R","B",null,"R","$","E","B",null],"character_chosen":"TheAdministrix","items_purchased":["Singing Bowl","Bandage Up","RobotSpaceExplorer:GlueShot","Strawberry","Lee\u0027s Waffle","Whetstone"],"campfire_rested":3,"item_purchase_floors":[20,20,20,53,53,53],"current_hp_per_floor":[62,65,65,59,45,45,45,45,45,44,34,34,34,36,36,38,65,52,52,52,52,35,35,39,38,38,40,40,40,46,51,51,71,71,71,71,71,73,75,75,75,68,68,75,77,67,57,59,81,60,81,81,95,102,78],"gold":95,"neow_bonus":"","is_daily":false,"chose_seed":false,"campfire_upgraded":3,"win_rate":0.0,"timestamp":1612570664,"path_taken":["M","?","M","M","M","R","E","R","T","E","?","?","R","M","R","BOSS","M","?","$","?","?","R","M","E","T","E","R","?","?","M","R","BOSS","M","M","?","?","?","E","R","E","T","?","M","?","E","M","R","BOSS","R","$","E","BOSS"],"items_purchased_type":["Relic","Card","Card","Relic","Relic","Relic"],"build_version":"2020-12-22","purchased_purges":0,"victory":true,"max_hp_per_floor":[65,65,65,65,65,65,65,65,65,65,65,65,65,65,65,65,65,65,65,65,65,67,67,69,71,71,71,71,71,71,71,71,71,71,71,71,71,73,75,75,75,75,75,77,77,77,79,81,81,81,81,81,95,107,107],"card_choices":[{"not_picked":["Luminous:Light_Wash_Luminous","TheCursedMod:Wield"],"picked":"AdministrixMod:SipOfSparks","floor":1},{"not_picked":["Sunder","TheCursedMod:VitalStrike"],"picked":"blazmod:FortifiedVigor","floor":3},{"not_picked":["VampireFantasy","Pommel Strike"],"picked":"CrushJoints","floor":4},{"not_picked":["RobotSpaceExplorer:SurgingShield","RobotSpaceExplorer:ImprovisedAttack","Koishi:BloodcurdlingScream"],"picked":"SKIP","floor":5},{"not_picked":["Bludgeon","Chrysalis"],"picked":"TheCursedMod:DemonSword","floor":7},{"not_picked":["Impervious","blazmod:DawnflutterDance"],"picked":"AdministrixMod:StarSwordSoul","floor":10},{"not_picked":["Ball Lightning","BloodHunter"],"picked":"Koishi:JumpScare","floor":11},{"not_picked":["AdministrixMod:BattleforgedBonds","Doppelganger","HellCatastrophe"],"picked":"SKIP","floor":12},{"not_picked":["Bane","Luminous:Magic_Guard_Luminous"],"picked":"CrushJoints","floor":14},{"not_picked":["Luminous:Blinding_Pillar_Luminous","Koishi:ParalyzingFear+1"],"picked":"RobotSpaceExplorer:MiniBoosters","floor":18},{"not_picked":["Luminous:Freud_Wisdom1_Luminous","Luminous:Lania_Blessing_Luminous","Koishi:Ego"],"picked":"Singing Bowl","floor":22},{"not_picked":["Acrobatics","HollowMod:InfectedAttack+1","ScarletNetherworld"],"picked":"Singing Bowl","floor":24},{"not_picked":["The Bomb","hermit:Adapt","blazmod:AlmightyPassage"],"picked":"Singing Bowl","floor":25},{"not_picked":["Corruption","AdministrixMod:FearOfDeath"],"picked":"DevaForm","floor":27},{"not_picked":["RobotSpaceExplorer:Autoloader","Demon Form"],"picked":"AdministrixMod:AmassedMasks","floor":30},{"not_picked":["Prepared","Koishi:JumpScare"],"picked":"Beam Cell","floor":31},{"not_picked":["AdministrixMod:BrewingCloister","KillingBlow"],"picked":"AdministrixMod:HaveItAll","floor":33},{"not_picked":["Crescendo","UnstableMagic"],"picked":"True Grit+1","floor":35},{"not_picked":["Koishi:MassHysteria","hermit:Grudge+1"],"picked":"JustLucky+1","floor":36},{"not_picked":["Sanctity+1","InnerPeace","Koishi:CatchAndRose"],"picked":"Singing Bowl","floor":38},{"not_picked":["Luminous:Date_of_Light_Luminous","HollowMod:RadiancesLament","Wish"],"picked":"Singing Bowl","floor":39},{"not_picked":["Meteor Strike","RobotSpaceExplorer:Comet"],"picked":"Adrenaline","floor":40},{"not_picked":["RobotSpaceExplorer:Wormhole","ScarletCoffin"],"picked":"BloodySeventeenLaser","floor":42},{"not_picked":["TheCursedMod:TacticalStrike","Koishi:CatchAndRose+1","HollowMod:GoodIntentions"],"picked":"Singing Bowl","floor":44},{"not_picked":["HollowMod:CornifersMapStart+1","RobotSpaceExplorer:DoubleBlock"],"picked":"HollowMod:DashSlash+1","floor":45},{"not_picked":["Koishi:RoseHell","RobotSpaceExplorer:BlastShield","Koishi:PerfectMindControl"],"picked":"Singing Bowl","floor":47},{"not_picked":["Flying Knee","Koishi:MindNumbingTerror","blazmod:Quickdraw"],"picked":"Singing Bowl","floor":48},{"not_picked":["Luminous:Equalize_Luminous","Fission","Feed"],"picked":"Singing Bowl","floor":54}],"player_experience":1205564,"relics_obtained":[{"floor":7,"key":"Meat on the Bone"},{"floor":9,"key":"Pantograph"},{"floor":10,"key":"Girya"},{"floor":12,"key":"InkBottle"},{"floor":22,"key":"Kunai"},{"floor":25,"key":"Centennial Puzzle"},{"floor":27,"key":"Du-Vu Doll"},{"floor":29,"key":"Anchor"},{"floor":30,"key":"Incense Burner"},{"floor":39,"key":"Shuriken"},{"floor":40,"key":"Ancient Tea Set"},{"floor":42,"key":"Bottled Flame"},{"floor":43,"key":"Toy Ornithopter"},{"floor":47,"key":"Frozen Egg 2"},{"floor":54,"key":"Pear"}],"event_choices":[{"damage_healed":3,"gold_gain":0,"player_choice":"Full Heal","damage_taken":0,"max_hp_gain":0,"max_hp_loss":0,"event_name":"Wheel of Change","floor":2,"gold_loss":0},{"damage_healed":0,"gold_gain":0,"player_choice":"Read","damage_taken":0,"max_hp_gain":0,"max_hp_loss":0,"event_name":"The Library","floor":19,"gold_loss":0,"cards_obtained":["RobotSpaceExplorer:MiniDrones"]},{"damage_healed":0,"gold_gain":0,"player_choice":"Forge","damage_taken":0,"max_hp_gain":0,"max_hp_loss":0,"event_name":"Accursed Blacksmith","floor":21,"gold_loss":0,"cards_upgraded":["RobotSpaceExplorer:MiniBoosters"]},{"damage_healed":0,"gold_gain":0,"player_choice":"Bought 0 Potions","damage_taken":0,"max_hp_gain":0,"max_hp_loss":0,"event_name":"The Woman in Blue","floor":37,"gold_loss":0},{"damage_healed":0,"gold_gain":0,"player_choice":"Embrace Madness","damage_taken":10,"max_hp_gain":0,"max_hp_loss":0,"event_name":"Winding Halls","floor":46,"gold_loss":0,"cards_obtained":["Madness","Madness"]}],"is_beta":false,"boss_relics":[{"not_picked":["Runic Pyramid","Snecko Eye","Runic Dome"]},{"not_picked":["Cursed Key","SlaversCollar"],"picked":"Fusion Hammer"}],"items_purged_floors":[],"is_endless":false,"potions_floor_spawned":[4,5,10,14,22,27,30,31,35,38,44,47],"ascension_level":0}}