{"host":"6q6idgl71g9ab7at","time":1612588396,"event":{"mods":["BaseMod","Minty Spire (QoL Compilation)","StSLib","SuperFastMode"],"gold_per_floor":[116,116,130,148,165,180,214,214,286,313,345,365,4,22,22,118,118,135,135,135,150,50,85,104,138,138,155,181,181,56,73,73,178,178,198,208,19,69,49,49,60,85,112,112,137,2,21,32,32,32],"floor_reached":51,"language":"KOR","playtime":1391,"items_purged":["Defend_G","Defend_G","Strike_G","Strike_G"],"score":1074,"play_id":"0f9fd611-b434-4b17-8896-eb72d64a011e","local_time":"20210206141316","is_ascension_mode":true,"campfire_choices":[{"data":"Poisoned Stab","floor":8.0,"key":"SMITH"},{"data":"A Thousand Cuts","floor":15.0,"key":"SMITH"},{"data":"Adrenaline","floor":32.0,"key":"SMITH"},{"data":"Envenom","floor":40.0,"key":"SMITH"},{"data":"Burst","floor":44.0,"key":"SMITH"},{"data":"After Image","floor":49,"key":"SMITH"}],"circlet_count":0,"master_deck":["Strike_G+1","Strike_G","Strike_G+1","Defend_G+1","Defend_G","Defend_G","Survivor","Neutralize+1","Quick Slash","Dagger Spray","Poisoned Stab+1","Adrenaline+1","Blade Dance","Heel Hook","Well Laid Plans","PiercingWail","Dash","Die Die Die","A Thousand Cuts+1","Burst+1","Adrenaline+1","Backflip","Blade Dance","Accuracy","Blur","Tactician+1","Footwork","Glass Knife","Adrenaline+1","Dagger Throw+1","Envenom+1","Infinite Blades+1","Blade Dance+1","Leg Sweep","Blade Dance","After Image+1","Infinite Blades","Infinite Blades","Reflex","Choke+1","Prepared+1"],"relics":["Black Star","Blue Candle","WingedGreaves","Meat on the Bone","Centennial Puzzle","Toy Ornithopter","Ornamental Fan","Odd Mushroom","WristBlade","Nloth\u0027s Gift","Mummified Hand","Boot","Paper Crane","Singing Bowl","War Paint","Anchor","MealTicket","HoveringKite","Shovel","Regal Pillow","Pantograph","Dream Catcher","Gremlin Horn"],"acts_visited":["Exordium","TheCity","TheBeyond"],"potions_floor_usage":[50],"damage_taken":[{"damage":2.0,"enemies":"Jaw Worm","floor":1.0,"turns":5.0},{"damage":0.0,"enemies":"2 Louse","floor":3.0,"turns":2.0},{"damage":0.0,"enemies":"Cultist","floor":4.0,"turns":3.0},{"damage":4.0,"enemies":"Looter","floor":5.0,"turns":3.0},{"damage":10.0,"enemies":"Lots of Slimes","floor":6.0,"turns":3.0},{"damage":14.0,"enemies":"3 Sentries","floor":7.0,"turns":7.0},{"damage":22.0,"enemies":"Gremlin Nob","floor":10.0,"turns":4.0},{"damage":3.0,"enemies":"3 Sentries","floor":11.0,"turns":7.0},{"damage":4.0,"enemies":"The Mushroom Lair","floor":12.0,"turns":3.0},{"damage":0.0,"enemies":"Gremlin Gang","floor":14.0,"turns":3.0},{"damage":16.0,"enemies":"Hexaghost","floor":16.0,"turns":10.0},{"damage":0.0,"enemies":"Chosen","floor":18.0,"turns":4.0},{"damage":5.0,"enemies":"Shell Parasite","floor":21.0,"turns":4.0},{"damage":14.0,"enemies":"Book of Stabbing","floor":23.0,"turns":3.0},{"damage":3.0,"enemies":"Snecko","floor":24.0,"turns":4.0},{"damage":0.0,"enemies":"Gremlin Leader","floor":25.0,"turns":3.0},{"damage":4.0,"enemies":"Snake Plant","floor":27.0,"turns":3.0},{"damage":25.0,"enemies":"Slavers","floor":28.0,"turns":3.0},{"damage":0.0,"enemies":"Centurion and Healer","floor":31.0,"turns":3.0},{"damage":14.0,"enemies":"Collector","floor":33.0,"turns":6.0},{"damage":10.0,"enemies":"3 Darklings","floor":35.0,"turns":2.0},{"damage":0.0,"enemies":"3 Shapes","floor":36.0,"turns":3.0},{"damage":0.0,"enemies":"2 Orb Walkers","floor":38.0,"turns":3.0},{"damage":0.0,"enemies":"3 Darklings","floor":41.0,"turns":5.0},{"damage":1.0,"enemies":"Giant Head","floor":42.0,"turns":4.0},{"damage":0.0,"enemies":"Nemesis","floor":45.0,"turns":5.0},{"damage":3,"enemies":"4 Shapes","floor":47,"turns":2},{"damage":4,"enemies":"Writhing Mass","floor":48,"turns":6},{"damage":50,"enemies":"Time Eater","floor":50,"turns":8}],"seed_played":"4098167250609551071","potions_obtained":[{"floor":3.0,"key":"Dexterity Potion"},{"floor":4.0,"key":"Strength Potion"},{"floor":10.0,"key":"Block Potion"},{"floor":14.0,"key":"Strength Potion"},{"floor":16.0,"key":"SteroidPotion"},{"floor":23.0,"key":"Poison Potion"},{"floor":25.0,"key":"Strength Potion"},{"floor":27.0,"key":"SpeedPotion"},{"floor":28.0,"key":"BlessingOfTheForge"},{"floor":33.0,"key":"Energy Potion"},{"floor":36.0,"key":"Fire Potion"},{"floor":39.0,"key":"Fruit Juice"},{"floor":48,"key":"Energy Potion"}],"is_trial":false,"path_per_floor":["M","?","M","M","M","M","E","R","T","E","E","?","$","M","R","B",null,"M","?","?","M","$","E","M","E","T","M","E","?","$","M","R","B",null,"M","M","$","?","?","R","M","E","T","R","E","$","M","M","R","B",null],"character_chosen":"THE_SILENT","items_purchased":["Die Die Die","A Thousand Cuts","Leg Sweep","Infinite Blades","Reflex"],"campfire_rested":0,"item_purchase_floors":[13,13,37,46,46],"current_hp_per_floor":[68,54,54,54,50,40,26,26,26,16,35,43,43,43,43,39,70,70,70,70,65,65,61,63,63,63,61,48,48,63,63,63,54,72,62,62,72,72,77,77,77,76,76,76,78,79,76,72,72,46],"gold":32,"neow_bonus":"BOSS_RELIC","is_daily":false,"chose_seed":false,"campfire_upgraded":6,"win_rate":0.0,"timestamp":1612588396,"path_taken":["M","?","M","M","M","M","E","R","T","E","E","?","$","M","R","BOSS","M","?","?","M","$","E","M","E","T","?","E","?","$","?","R","BOSS","M","?","$","?","?","R","M","E","T","R","E","$","?","M","R","BOSS"],"items_purchased_type":["Card","Card","Card","Card","Card"],"build_version":"2020-12-22","purchased_purges":4,"victory":true,"max_hp_per_floor":[70,70,70,70,70,70,70,70,70,70,70,70,70,70,70,70,70,70,70,70,70,70,70,70,70,70,72,72,72,72,72,72,72,72,72,72,72,72,77,77,77,77,77,77,79,79,79,79,79,79],"card_choices":[{"not_picked":["Slice","Tactician"],"picked":"Quick Slash","floor":1.0},{"not_picked":["Flying Knee","Acrobatics"],"picked":"Dagger Spray","floor":3.0},{"not_picked":["Acrobatics","Cloak And Dagger"],"picked":"Poisoned Stab","floor":4.0},{"not_picked":["Blade Dance","Reflex"],"picked":"Adrenaline","floor":5.0},{"not_picked":["Outmaneuver","Sucker Punch"],"picked":"Blade Dance","floor":6.0},{"not_picked":["PiercingWail","Caltrops"],"picked":"Heel Hook","floor":7.0},{"not_picked":["Flechettes","Catalyst"],"picked":"Well Laid Plans","floor":10.0},{"not_picked":["Riddle With Holes","Tactician"],"picked":"PiercingWail","floor":11.0},{"not_picked":["Poisoned Stab","Catalyst"],"picked":"Dash","floor":12.0},{"not_picked":["Flying Knee","Bane"],"picked":"Burst","floor":14.0},{"not_picked":["Tools of the Trade","Malaise"],"picked":"Adrenaline","floor":16.0},{"not_picked":["Dagger Spray","Riddle With Holes"],"picked":"Backflip","floor":18.0},{"not_picked":["Dash","All Out Attack"],"picked":"Accuracy","floor":21.0},{"not_picked":["Bullet Time","A Thousand Cuts"],"picked":"Blur","floor":23.0},{"not_picked":["Dagger Throw","Bane"],"picked":"Tactician","floor":24.0},{"not_picked":["Dodge and Roll","Flying Knee"],"picked":"Footwork","floor":25.0},{"not_picked":["Expertise","Dash","Poisoned Stab"],"picked":"Singing Bowl","floor":27.0},{"not_picked":["Deflect","Noxious Fumes"],"picked":"Glass Knife","floor":28.0},{"not_picked":["Crippling Poison","All Out Attack+1"],"picked":"Dagger Throw+1","floor":31.0},{"not_picked":["Doppelganger","Storm of Steel"],"picked":"Envenom","floor":33.0},{"not_picked":["Quick Slash","Outmaneuver+1"],"picked":"Infinite Blades+1","floor":35.0},{"not_picked":["Flying Knee+1","Noxious Fumes"],"picked":"Blade Dance+1","floor":36.0},{"not_picked":["PiercingWail","Underhanded Strike"],"picked":"Blade Dance","floor":38.0},{"not_picked":["Skewer+1","Infinite Blades"],"picked":"After Image","floor":41.0},{"not_picked":["Footwork+1","Wraith Form v2"],"picked":"Infinite Blades","floor":42.0},{"not_picked":["Quick Slash","Doppelganger","A Thousand Cuts"],"picked":"Singing Bowl","floor":45},{"not_picked":["Backflip+1","Predator+1"],"picked":"Choke+1","floor":47},{"not_picked":["Flying Knee+1","PiercingWail+1"],"picked":"Prepared+1","floor":48}],"player_experience":14879,"relics_obtained":[{"floor":7.0,"key":"Blue Candle"},{"floor":7.0,"key":"WingedGreaves"},{"floor":9.0,"key":"Meat on the Bone"},{"floor":10.0,"key":"Centennial Puzzle"},{"floor":10.0,"key":"Toy Ornithopter"},{"floor":11.0,"key":"Ornamental Fan"},{"floor":11.0,"key":"Whetstone"},{"floor":12.0,"key":"Odd Mushroom"},{"floor":23.0,"key":"Mummified Hand"},{"floor":23.0,"key":"Boot"},{"floor":25.0,"key":"Paper Crane"},{"floor":25.0,"key":"Singing Bowl"},{"floor":26.0,"key":"War Paint"},{"floor":28.0,"key":"Anchor"},{"floor":28.0,"key":"MealTicket"},{"floor":38.0,"key":"Shovel"},{"floor":42.0,"key":"Regal Pillow"},{"floor":42.0,"key":"Pantograph"},{"floor":43.0,"key":"Dream Catcher"},{"floor":45,"key":"Gremlin Horn"}],"event_choices":[{"damage_healed":0.0,"max_hp_gain":0.0,"max_hp_loss":0.0,"gold_gain":0.0,"event_name":"Shining Light","player_choice":"Entered Light","floor":2.0,"gold_loss":0.0,"damage_taken":14.0,"cards_upgraded":["Strike_G","Defend_G"]},{"damage_healed":0.0,"max_hp_gain":0.0,"max_hp_loss":0.0,"gold_gain":0.0,"event_name":"Mushrooms","player_choice":"Fought Mushrooms","floor":12.0,"gold_loss":0.0,"damage_taken":0.0},{"damage_healed":0.0,"max_hp_gain":0.0,"max_hp_loss":0.0,"gold_gain":0.0,"event_name":"The Library","player_choice":"Read","floor":19.0,"gold_loss":0.0,"damage_taken":0.0,"cards_obtained":["Blade Dance"]},{"damage_healed":0.0,"max_hp_gain":0.0,"max_hp_loss":0.0,"gold_gain":0.0,"event_name":"N\u0027loth","player_choice":"Traded Relic","floor":20.0,"relics_lost":["Whetstone"],"gold_loss":0.0,"damage_taken":0.0,"relics_obtained":["Nloth\u0027s Gift"]},{"damage_healed":0.0,"max_hp_gain":0.0,"max_hp_loss":0.0,"gold_gain":0.0,"event_name":"Duplicator","player_choice":"Copied","floor":29.0,"gold_loss":0.0,"damage_taken":0.0,"cards_obtained":["Adrenaline"]},{"damage_healed":0.0,"max_hp_gain":0.0,"max_hp_loss":0.0,"gold_gain":0.0,"event_name":"Mysterious Sphere","player_choice":"Fight","floor":38.0,"gold_loss":0.0,"damage_taken":0.0},{"damage_healed":0.0,"max_hp_gain":0.0,"max_hp_loss":0.0,"gold_gain":0.0,"event_name":"The Woman in Blue","player_choice":"Bought 1 Potion","floor":39.0,"gold_loss":0.0,"damage_taken":0.0}],"is_beta":false,"boss_relics":[{"not_picked":["Busted Crown","Sozu"],"picked":"WristBlade"},{"not_picked":["SlaversCollar","Fusion Hammer"],"picked":"HoveringKite"}],"items_purged_floors":[13,22,30,37],"is_endless":false,"potions_floor_spawned":[3,4,10,14,16,23,25,27,28,33,36,48],"ascension_level":4}}