{"host":"ao4lxi9bhtts409i","time":1612612348,"event":{"mods":["AchievementEnabler","BaseMod","Colored Map","Colored Powertips","Minty Spire (QoL Compilation)","SuperFastMode"],"gold_per_floor":[15,28,28,44,62,96,96,96,96,16,41,61,61,61,61,156,156,166,186,1,13,13,13,48,61,129,129,129,129],"floor_reached":28,"language":"ENG","playtime":1269,"items_purged":[],"score":285,"play_id":"2af1826b-1fea-40eb-a7ab-ce48ae51beba","local_time":"20210206125228","is_ascension_mode":true,"campfire_choices":[{"data":"Blade Dance","floor":8,"key":"SMITH"},{"floor":13,"key":"REST"},{"data":"Noxious Fumes","floor":15,"key":"SMITH"},{"floor":23,"key":"REST"},{"floor":27,"key":"REST"}],"circlet_count":0,"master_deck":["Strike_G","Strike_G","Defend_G","Defend_G","Defend_G","Defend_G","Survivor","Neutralize","Blade Dance+1","Dagger Spray","Poisoned Stab","Malaise","All Out Attack","Noxious Fumes+1","Backflip","Malaise","Die Die Die","Wraith Form v2+1","PiercingWail+1","Dagger Spray+1","Crippling Poison","Footwork","Noxious Fumes","Caltrops+1"],"relics":["Ring of the Snake","The Specimen","Juzu Bracelet","Singing Bowl","Ice Cream","Astrolabe","Membership Card","Ancient Tea Set","Mercury Hourglass"],"acts_visited":["Exordium","TheCity"],"potions_floor_usage":[6,6,11,28],"damage_taken":[{"damage":0,"enemies":"Jaw Worm","floor":1,"turns":6},{"damage":0,"enemies":"2 Louse","floor":2,"turns":2},{"damage":0,"enemies":"Small Slimes","floor":4,"turns":2},{"damage":5,"enemies":"Exordium Wildlife","floor":5,"turns":3},{"damage":17,"enemies":"3 Sentries","floor":6,"turns":5},{"damage":13,"enemies":"Lagavulin","floor":11,"turns":8},{"damage":2,"enemies":"Exordium Thugs","floor":12,"turns":5},{"damage":20,"enemies":"The Guardian","floor":16,"turns":11},{"damage":0,"enemies":"3 Byrds","floor":18,"turns":2},{"damage":11,"enemies":"Shell Parasite","floor":19,"turns":7},{"damage":19,"enemies":"Snecko","floor":21,"turns":7},{"damage":44,"enemies":"Book of Stabbing","floor":24,"turns":8},{"damage":10,"enemies":"Chosen and Byrds","floor":25,"turns":6},{"damage":22,"enemies":"Colosseum Slavers","floor":28,"turns":3},{"damage":16,"enemies":"Colosseum Nobs","floor":28,"turns":3}],"seed_played":"2578108076375891491","potions_obtained":[{"floor":1,"key":"LiquidBronze"},{"floor":4,"key":"AttackPotion"},{"floor":6,"key":"Weak Potion"},{"floor":25,"key":"Swift Potion"}],"is_trial":false,"path_per_floor":["M","M","$","M","M","E","?","R","T","$","E","M","R","?","R","B",null,"M","M","$","M","?","R","E","M","T","R","?"],"character_chosen":"THE_SILENT","items_purchased":["Noxious Fumes","Membership Card","Footwork"],"campfire_rested":3,"item_purchase_floors":[10,20,20],"current_hp_per_floor":[70,70,70,70,65,48,48,48,48,48,35,35,56,56,56,36,72,74,63,63,44,44,66,24,14,14,36,0,0],"gold":129,"neow_bonus":"ONE_RARE_RELIC","is_daily":false,"chose_seed":false,"campfire_upgraded":2,"win_rate":0.0,"timestamp":1612612348,"path_taken":["M","M","$","M","M","E","?","R","T","$","E","M","R","?","R","BOSS","M","M","$","M","?","R","E","M","T","R","?"],"items_purchased_type":["Card","Relic","Card"],"build_version":"2020-12-22","purchased_purges":0,"victory":false,"max_hp_per_floor":[70,70,70,70,70,70,70,70,70,70,70,72,72,72,72,72,72,74,74,74,74,74,74,76,76,76,76,76,76],"card_choices":[{"not_picked":["Concentrate","Slice"],"picked":"Blade Dance","floor":1},{"not_picked":["Dodge and Roll","Acrobatics"],"picked":"Dagger Spray","floor":2},{"not_picked":["Catalyst","Backflip"],"picked":"Poisoned Stab","floor":4},{"not_picked":["Prepared","Cloak And Dagger"],"picked":"Malaise","floor":5},{"not_picked":["Masterful Stab","Heel Hook"],"picked":"All Out Attack","floor":6},{"not_picked":["Catalyst","Distraction"],"picked":"Backflip","floor":11},{"not_picked":["Acrobatics","Calculated Gamble","Dodge and Roll"],"picked":"Singing Bowl","floor":12},{"not_picked":["Glass Knife","Tools of the Trade"],"picked":"Die Die Die","floor":16},{"not_picked":["Backflip","Riddle With Holes","Sucker Punch"],"picked":"Singing Bowl","floor":18},{"not_picked":["Quick Slash","Masterful Stab+1"],"picked":"Crippling Poison","floor":19},{"not_picked":["Deadly Poison","Flying Knee"],"picked":"Noxious Fumes","floor":21},{"not_picked":["Cloak And Dagger","Endless Agony","Outmaneuver"],"picked":"Singing Bowl","floor":24},{"not_picked":["Prepared+1","Deflect"],"picked":"Caltrops+1","floor":25}],"player_experience":259895,"relics_obtained":[{"floor":6,"key":"Juzu Bracelet"},{"floor":9,"key":"Singing Bowl"},{"floor":11,"key":"Ice Cream"},{"floor":24,"key":"Ancient Tea Set"},{"floor":26,"key":"Mercury Hourglass"}],"event_choices":[{"damage_healed":0,"gold_gain":0,"player_choice":"Ignored","damage_taken":0,"max_hp_gain":0,"max_hp_loss":0,"event_name":"Liars Game","floor":7,"gold_loss":0},{"damage_healed":0,"gold_gain":0,"cards_transformed":["Strike_G"],"player_choice":"Change","damage_taken":0,"max_hp_gain":0,"max_hp_loss":0,"event_name":"Living Wall","floor":14,"gold_loss":0,"cards_obtained":["Malaise"]},{"damage_healed":0,"gold_gain":0,"player_choice":"Ignored","damage_taken":0,"max_hp_gain":0,"max_hp_loss":0,"event_name":"The Mausoleum","floor":22,"gold_loss":0},{"damage_healed":0,"gold_gain":0,"player_choice":"Fight","damage_taken":0,"max_hp_gain":0,"max_hp_loss":0,"event_name":"Colosseum","floor":28,"gold_loss":0},{"damage_healed":0,"gold_gain":0,"player_choice":"Fought Nobs","damage_taken":0,"max_hp_gain":0,"max_hp_loss":0,"event_name":"Colosseum","floor":28,"gold_loss":0}],"is_beta":false,"boss_relics":[{"not_picked":["Cursed Key","Tiny House"],"picked":"Astrolabe"}],"items_purged_floors":[],"is_endless":false,"potions_floor_spawned":[1,4,6,25,28],"killed_by":"Colosseum Nobs","ascension_level":3}}