{"host":"w2kjv12xyhtt0cv2","time":1612634180,"event":{"mods":["100% Spire Juice","Act Like it!","BaseMod","Colored Map","Friendly Minions","Gensokyo","GifTheSpireLib","Highlight Path","Hubris","Marisa（F雨　魔理沙）","Minty Spire (QoL Compilation)","Prisma Mod","Quick Restart","Reimu（博丽灵梦）","Relic Stats","Reliquary","Replay The Spire","Robot Space Explorer","RumiaBox-露米娅的神秘盒子","Shop Mod","Spicy Shops","StSLib","The Bug Knight","The Cursed","The Dragon Tamer","The Servant 0.9.4","UnlockEverythingMod","Waifu the Spire","[功能]功能增强和修复MOD","【功能Mod】Neow奖励","【遗物卡牌】REMEMod","没有小屋子和绿帽子啦"],"gold_per_floor":[210,36,68,80,29,64,276,276,276],"floor_reached":8,"language":"ZHS","playtime":580,"items_purged":[],"score":93,"play_id":"82a678eb-0279-494e-a2df-c3a51fc92d24","local_time":"20210207015620","is_ascension_mode":true,"campfire_choices":[],"circlet_count":0,"master_deck":["AscendersBane","TheCursedMod:Strike_TheCursed","TheCursedMod:Strike_TheCursed","TheCursedMod:Strike_TheCursed","TheCursedMod:Strike_TheCursed","TheCursedMod:Defend_TheCursed","TheCursedMod:Defend_TheCursed","TheCursedMod:Defend_TheCursed","TheCursedMod:Defend_TheCursed","TheCursedMod:CursedWand","TheCursedMod:CleanUpWorkshop","TheCursedMod:Dregs","TreasureHunter","TheCursedMod:HellsGateOpen","HollowMod:CloakDash","MasterReality","TheCursedMod:RapidMovement","PrismaMod:MiyuUberAOEAttack","PrismaMod:MiyuCheapChannelVul"],"relics":["REME_ComplimentaryCards","Replay:Wanted Poster","PrismaticShard","TheCursedMod:Tack","reliquary:Stiletto"],"acts_visited":["Gensokyo:Gensokyo"],"potions_floor_usage":[6,6,8],"damage_taken":[{"damage":21.0,"enemies":"Gensokyo:Gryphon","floor":1.0,"turns":5.0},{"damage":5.0,"enemies":"Gensokyo:Python","floor":4.0,"turns":3.0},{"damage":16,"enemies":"Gensokyo:Cirno","floor":6,"turns":7},{"damage":5,"enemies":"Gensokyo:2_Kodama","floor":7,"turns":4},{"damage":18,"enemies":"Gensokyo:Aya","floor":8,"turns":2}],"seed_played":"834136629324533050","potions_obtained":[{"floor":1.0,"key":"Strength Potion"},{"floor":3.0,"key":"GamblersBrew"},{"floor":7,"key":"Dexterity Potion"}],"is_trial":false,"path_per_floor":["M","COS","?","M","$","E","M","E"],"character_chosen":"THE_CURSED","items_purchased":["TheCursedMod:RapidMovement"],"campfire_rested":0,"item_purchase_floors":[5],"current_hp_per_floor":[43,43,43,38,38,22,17,0,0],"gold":276,"neow_bonus":"BOSS_RELIC","is_daily":false,"chose_seed":false,"campfire_upgraded":0,"win_rate":0.0,"timestamp":1612634180,"path_taken":["M","COS","?","?","$","E","M","E"],"items_purchased_type":["Card"],"build_version":"2020-12-22","purchased_purges":0,"victory":false,"max_hp_per_floor":[71,71,71,71,71,71,71,71,71],"relic_stats":{"counters":[5,21],"obtain_stats":[{"Replay:Wanted Poster":0,"TheCursedMod:BlackMagic101":0,"TheCursedMod:Tack":3,"reliquary:Stiletto":6,"PrismaticShard":2,"REME_ComplimentaryCards":0},{"Replay:Wanted Poster":0,"TheCursedMod:BlackMagic101":0,"TheCursedMod:Tack":1,"reliquary:Stiletto":3,"PrismaticShard":1,"REME_ComplimentaryCards":0},{"Replay:Wanted Poster":0,"TheCursedMod:BlackMagic101":0,"TheCursedMod:Tack":5,"reliquary:Stiletto":15,"PrismaticShard":5,"REME_ComplimentaryCards":0}]},"card_choices":[{"not_picked":["TheCursedMod:ReleasedStrength","TheCursedMod:Obscuration"],"picked":"TheCursedMod:HellsGateOpen","floor":1.0},{"not_picked":["Heavy Blade","DTMod:CleansingStrike"],"picked":"HollowMod:CloakDash","floor":3.0},{"not_picked":["RobotSpaceExplorer:Electroshield","DTMod:Adaptation"],"picked":"MasterReality","floor":4.0},{"not_picked":["Stack","Setup"],"picked":"PrismaMod:MiyuUberAOEAttack","floor":6},{"not_picked":["Consecrate","Gash"],"picked":"PrismaMod:MiyuCheapChannelVul","floor":7}],"player_experience":203753,"relics_obtained":[{"floor":3.0,"key":"TheCursedMod:Tack"},{"floor":6,"key":"reliquary:Stiletto"}],"event_choices":[],"is_beta":false,"boss_relics":[],"items_purged_floors":[],"is_endless":false,"potions_floor_spawned":[1,7],"killed_by":"Gensokyo:Aya","ascension_level":16}}