{"host":"og21o26alpnbwmz8","time":1612631923,"event":{"mods":["Act Like it!","Aspiration","BaseMod","Conspire","Downfall","Halation","Hallownest","Hubris","Jedi Mod","Mimic Mod","Minty Spire (QoL Compilation)","Pale of the Ancients","Reliquary","Replay The Spire","Shop Mod","Spikes Relics","StSLib","The Alterego","The Blackbeard","The Blue Laboratory","The Death Knight","The Runesmith","Waifu the Spire"],"gold_per_floor":[99,117,16,34,34,34,58,78,88,113,125,125,25,44,59,155,155,155,167,185,185,203,203,203,261,16,16,32,50,64,91,101,101,101,101],"floor_reached":33,"language":"ENG","playtime":1758,"items_purged":["champ:Strike","Pride"],"score":325,"play_id":"901040e6-0708-4b1e-8915-f68d08efba7b","local_time":"20210206121843","is_ascension_mode":false,"campfire_choices":[{"data":"champ:Taunt","floor":1,"key":"SMITH"},{"data":"champ:GladiatorForm","floor":13,"key":"SMITH"},{"data":"champ:DeathBlow","floor":18,"key":"SMITH"},{"data":"Neutralize","floor":27,"key":"SMITH"}],"circlet_count":0,"master_deck":["champ:Defend","champ:Defend","champ:Defend","champ:Defend","champ:Execute","champ:Taunt+1","champ:BerserkersShout","champ:BringItOn","champ:RecklessLeap","champ:DeathBlow+1","champ:AdrenalArmor","champ:GladiatorForm+1","Quick Slash","Flying Knee","Neutralize+1","champ:BerserkerStyle","champ:LastStand","champ:FanOfKnives+1","champ:EnGarde","champ:FocusedBerserking"],"relics":["champ:ChampionCrown","NeowsBlessing","Iron Hammer","Centennial Puzzle","reliquary:PurpleTingedLeaf","downfall:HeartBlessingGreen","reliquary:RedCape","jedi:arcanewood","jedi:HeartOfTheCards"],"acts_visited":["Exordium","Hallownest:Greenpath"],"potions_floor_usage":[31],"damage_taken":[{"damage":0,"enemies":"Hallownest:2_MossCreeps","floor":2,"turns":1},{"damage":0,"enemies":"downfall:FleeingMerchant","floor":3,"turns":1},{"damage":0,"enemies":"Hallownest:monsterHuskGuard","floor":4,"turns":1},{"damage":35,"enemies":"Hallownest:monsterHuskWarrior","floor":8,"turns":3},{"damage":50,"enemies":"Hallownest:MossCreep_and_Mosskin","floor":9,"turns":7},{"damage":109,"enemies":"Hallownest:eliteCrystalGuardian","floor":10,"turns":8},{"damage":91,"enemies":"Hallownest:1_Ooma_and_2_Uuma","floor":11,"turns":8},{"damage":66,"enemies":"Hallownest:Wandering_and_Horned","floor":14,"turns":5},{"damage":80,"enemies":"Hallownest:1_Baldur_1_Crawlid_1_Warrior","floor":15,"turns":5},{"damage":89,"enemies":"WA_ARCHETYPE_RETAIN","floor":16,"turns":12},{"damage":107,"enemies":"Hallownest:Flukemon_and_Top","floor":19,"turns":6},{"damage":87,"enemies":"Hallownest:Guard_and_Sentry","floor":20,"turns":5},{"damage":52,"enemies":"Hallownest:Master_and_Novice","floor":22,"turns":4},{"damage":45,"enemies":"Hallownest:Glutton_and_Coward","floor":25,"turns":4},{"damage":55,"enemies":"Hallownest:monsterShrumalOgre","floor":28,"turns":5},{"damage":109,"enemies":"Hallownest:2_Flukemon","floor":29,"turns":5},{"damage":50,"enemies":"Hallownest:Master_and_Novice","floor":30,"turns":4},{"damage":121,"enemies":"Hallownest:eliteWatcherKnight","floor":31,"turns":9},{"damage":36,"enemies":"Hallownest:Warrior_and_Youth","floor":32,"turns":4},{"damage":12,"enemies":"DF_ARCHETYPE_CLAW","floor":33,"turns":1}],"seed_played":"-7632059556163361922","potions_obtained":[{"floor":8,"key":"blueLaboratory:BottleOfVodka"},{"floor":10,"key":"blueLaboratory:ArtificerPotion"},{"floor":11,"key":"blueLaboratory:BubblePotion"},{"floor":32,"key":"AttackPotion"}],"is_trial":false,"path_per_floor":["R","M","$","M","?","?","T","M","M","E","M","?","R","M","M","B",null,"R","M","M","?","M","?","T","M","$","R","M","M","M","E","M","B"],"character_chosen":"THE_CHAMP","items_purchased":["Iron Hammer","champ:RecklessLeap","jedi:arcanewood"],"campfire_rested":0,"item_purchase_floors":[3,3,26],"current_hp_per_floor":[90,90,90,90,90,90,90,90,85,66,51,51,51,46,27,29,90,90,90,90,90,89,54,54,49,49,49,47,42,28,16,10,0,0,0],"gold":101,"neow_bonus":"THREE_ENEMY_KILL","is_daily":false,"chose_seed":false,"campfire_upgraded":4,"win_rate":0.0,"timestamp":1612631923,"path_taken":["R","M","$","M","?","?","T","M","M","E","M","?","R","?","M","BOSS","R","M","M","?","?","?","T","?","$","R","M","M","M","E","M","BOSS"],"items_purchased_type":["Relic","Card","Relic"],"build_version":"2020-12-22","purchased_purges":2,"victory":false,"max_hp_per_floor":[90,90,90,90,90,90,90,90,90,90,90,90,90,90,90,90,90,90,90,90,90,90,90,90,90,90,90,90,90,90,90,90,90,90,90],"card_choices":[{"not_picked":["champ:AdrenalArmor","champ:RapidStrikes"],"picked":"champ:BerserkersShout","floor":2},{"not_picked":["champ:FocusedDefense","champ:Endure"],"picked":"champ:BringItOn","floor":3},{"not_picked":["champ:Duel","champ:BringItOn"],"picked":"champ:DeathBlow","floor":4},{"not_picked":["champ:Haymaker","champ:PreemptiveStrike","champ:PerfectedStrike"],"picked":"SKIP","floor":8},{"not_picked":["champ:Circumvent","champ:Backstep"],"picked":"champ:AdrenalArmor","floor":9},{"not_picked":["champ:Haymaker","champ:ViciousMockery"],"picked":"champ:GladiatorForm","floor":10},{"not_picked":["champ:Circumvent","champ:DefensiveShout","champ:CrookedStrike"],"picked":"SKIP","floor":11},{"not_picked":["champ:Shatter","champ:Duel"],"picked":"champ:BerserkerStyle","floor":14},{"not_picked":["champ:CrookedStrike","champ:TornadoPunch","champ:RapidStrikes"],"picked":"SKIP","floor":15},{"not_picked":["champ:IgnorePain","champ:SteelEdge"],"picked":"champ:LastStand","floor":16},{"not_picked":["champ:EnGarde+1","champ:HeartStrike"],"picked":"champ:FanOfKnives+1","floor":19},{"not_picked":["champ:BringItOn","champ:GutPunch","champ:DefensiveStyle"],"picked":"SKIP","floor":20},{"not_picked":["champ:FanOfKnives","champ:Circumvent"],"picked":"champ:EnGarde","floor":22},{"not_picked":["champ:Circumvent","champ:Backstep+1","champ:BladeFlurry"],"picked":"SKIP","floor":25},{"not_picked":["champ:Shatter","champ:FalseCounter+1","champ:Duel"],"picked":"SKIP","floor":28},{"not_picked":["champ:GutPunch","champ:SetATrap+1"],"picked":"champ:FocusedBerserking","floor":29},{"not_picked":["champ:Duel","champ:DefensiveStyle+1","champ:BringItOn"],"picked":"SKIP","floor":30},{"not_picked":["champ:SwordThrow","champ:ArenaPreparation","champ:Backstep"],"picked":"SKIP","floor":31},{"not_picked":["champ:FocusedDefense","champ:BringItOn","champ:StanceDance"],"picked":"SKIP","floor":32}],"player_experience":235456,"relics_obtained":[{"floor":7,"key":"Centennial Puzzle"},{"floor":10,"key":"reliquary:PurpleTingedLeaf"},{"floor":31,"key":"jedi:HeartOfTheCards"}],"event_choices":[],"is_beta":false,"boss_relics":[{"not_picked":["conspire:SeveredTorchhead","halation:CatFaceCupcake"],"picked":"reliquary:RedCape"}],"items_purged_floors":[3,26],"is_endless":false,"potions_floor_spawned":[8,10,11,16,19,22,28,30,32],"killed_by":"DF_ARCHETYPE_CLAW","ascension_level":0}}