{"host":"1q02rw1wpi0nrsss","time":1612646701,"event":{"mods":["AchievementEnabler","BaseMod","Better Note","Better Third Choice","Bossed Relics","Custom Start","Dark Map","DeckTracker","Disable Question Mark Monsters","Minty Spire (QoL Compilation)","Permanent Neow","Quick Restart","Rare Cards Sparkle","Relic Stats","StSLib","??????REMEMod"],"gold_per_floor":[112,125,136,136,149,149,187,208,208,178,178,202,202,245,245,370,370,384,42,61,61,160,160,160],"floor_reached":23,"language":"ENG","playtime":808,"items_purged":["Concentrate"],"score":251,"play_id":"c7203c69-4099-408a-a489-0ed1bd408ba8","local_time":"20210206132501","is_ascension_mode":true,"campfire_choices":[{"data":"REME_SpectralBlade","floor":6,"key":"SMITH"},{"data":"Neutralize","floor":11,"key":"SMITH"},{"floor":13,"key":"REST"},{"data":"Dagger Spray","floor":15,"key":"SMITH"}],"circlet_count":0,"master_deck":["Strike_G","Strike_G","Strike_G","Strike_G","Strike_G","Defend_G","Defend_G","Defend_G","Defend_G","Defend_G","Survivor","Neutralize+1","REME_SpectralBlade+1","Dagger Spray+1","Injury","Glass Knife","Unload","Calculated Gamble+1","Terror","Deflect+1"],"relics":["Ring of the Snake","REME_ComplimentaryCards","Golden Idol","Art of War","Eternal Feather","Regal Pillow","HoveringKite","PreservedInsect"],"acts_visited":["Exordium","TheCity"],"potions_floor_usage":[7,7,12,12,14,14],"damage_taken":[{"damage":6,"enemies":"Cultist","floor":1,"turns":3},{"damage":4,"enemies":"2 Louse","floor":2,"turns":2},{"damage":0,"enemies":"Jaw Worm","floor":3,"turns":3},{"damage":5,"enemies":"Exordium Wildlife","floor":5,"turns":5},{"damage":24,"enemies":"Gremlin Nob","floor":7,"turns":4},{"damage":8,"enemies":"Large Slime","floor":8,"turns":7},{"damage":5,"enemies":"Gremlin Gang","floor":12,"turns":2},{"damage":5,"enemies":"3 Sentries","floor":14,"turns":6},{"damage":43,"enemies":"Slime Boss","floor":16,"turns":8},{"damage":11,"enemies":"3 Byrds","floor":18,"turns":6},{"damage":22,"enemies":"Spheric Guardian","floor":20,"turns":4},{"damage":30,"enemies":"Gremlin Leader","floor":23,"turns":5}],"seed_played":"3663890662839028473","potions_obtained":[{"floor":2,"key":"BlessingOfTheForge"},{"floor":3,"key":"Energy Potion"},{"floor":8,"key":"SteroidPotion"},{"floor":10,"key":"Regen Potion"},{"floor":10,"key":"Regen Potion"},{"floor":12,"key":"ColorlessPotion"},{"floor":20,"key":"Explosive Potion"}],"is_trial":false,"path_per_floor":["M","M","M","?","M","R","E","M","T","?","R","M","R","E","R","B",null,"M","$","M","$","?","E"],"character_chosen":"THE_SILENT","items_purchased":["Terror","PreservedInsect","PowerPotion"],"campfire_rested":1,"item_purchase_floors":[19,19,19],"current_hp_per_floor":[64,60,60,60,55,55,31,23,23,23,32,27,57,67,70,27,59,48,48,26,26,26,0,0],"gold":160,"neow_bonus":"RANDOM_COLORLESS","is_daily":false,"chose_seed":false,"campfire_upgraded":3,"win_rate":0.0,"timestamp":1612646701,"path_taken":["M","M","M","?","M","R","E","M","T","?","R","?","R","E","R","BOSS","M","$","M","$","?","E"],"items_purchased_type":["Card","Relic","Potion"],"build_version":"2020-12-22","purchased_purges":1,"victory":false,"max_hp_per_floor":[70,70,70,70,70,70,70,70,70,70,70,70,70,70,70,70,70,70,70,70,70,70,70,70],"relic_stats":{"Regal Pillow":0,"counters":[12,55],"Golden Idol":61,"HoveringKite":[9],"Eternal Feather":21,"PreservedInsect":45,"Art of War":[5],"obtain_stats":[{"Regal Pillow":14,"Golden Idol":4,"HoveringKite":17,"Eternal Feather":9,"PreservedInsect":19,"Art of War":7,"Ring of the Snake":0,"REME_ComplimentaryCards":0},{"Regal Pillow":8,"Golden Idol":3,"HoveringKite":9,"Eternal Feather":6,"PreservedInsect":10,"Art of War":5,"Ring of the Snake":0,"REME_ComplimentaryCards":0},{"Regal Pillow":32,"Golden Idol":8,"HoveringKite":40,"Eternal Feather":24,"PreservedInsect":46,"Art of War":17,"Ring of the Snake":0,"REME_ComplimentaryCards":0}],"Ring of the Snake":[24]},"card_choices":[{"not_picked":["Caltrops","Dagger Throw"],"picked":"Dagger Spray","floor":1},{"not_picked":["Setup","Infinite Blades","Masterful Stab"],"picked":"SKIP","floor":2},{"not_picked":["Endless Agony","Quick Slash"],"picked":"Concentrate","floor":3},{"not_picked":["Setup","Poisoned Stab","Dagger Spray"],"picked":"SKIP","floor":5},{"not_picked":["Bouncing Flask","Dash"],"picked":"Glass Knife","floor":7},{"not_picked":["Poisoned Stab","Heel Hook","Dodge and Roll"],"picked":"SKIP","floor":8},{"not_picked":["Well Laid Plans","Sucker Punch","Flechettes"],"picked":"SKIP","floor":12},{"not_picked":["Reflex","Poisoned Stab","Deadly Poison"],"picked":"SKIP","floor":14},{"not_picked":["Grand Finale","REME_GrazeFinale"],"picked":"Unload","floor":16},{"not_picked":["Underhanded Strike+1","Sucker Punch"],"picked":"Calculated Gamble+1","floor":18},{"not_picked":["Prepared","Backstab"],"picked":"Deflect+1","floor":20}],"player_experience":98103,"relics_obtained":[{"floor":7,"key":"Art of War"},{"floor":9,"key":"Eternal Feather"},{"floor":14,"key":"Regal Pillow"}],"event_choices":[{"damage_healed":0,"gold_gain":0,"player_choice":"Take Wound","damage_taken":0,"relics_obtained":["Golden Idol"],"max_hp_gain":0,"max_hp_loss":0,"event_name":"Golden Idol","floor":4,"gold_loss":0,"cards_obtained":["Injury"]},{"damage_healed":0,"gold_gain":0,"player_choice":"Bought 2 Potions","damage_taken":0,"max_hp_gain":0,"max_hp_loss":0,"event_name":"The Woman in Blue","floor":10,"gold_loss":0},{"damage_healed":0,"gold_gain":99,"player_choice":"Steal","damage_taken":0,"max_hp_gain":0,"max_hp_loss":0,"event_name":"betterThird:BetterNest","floor":22,"gold_loss":0}],"is_beta":false,"boss_relics":[{"not_picked":["Calling Bell","REME_LowDesire"],"picked":"HoveringKite"}],"items_purged_floors":[19],"is_endless":false,"potions_floor_spawned":[2,3,8,12,20],"killed_by":"Gremlin Leader","ascension_level":5}}