{"host":"63nbeequuhdffoms","time":1612573292,"event":{"mods":["BaseMod","Card Forge","Hermit","Minty Spire (QoL Compilation)","Quick Restart","Relic Stats","StSLib","The Cursed","The Hierophant"],"gold_per_floor":[111,127,103,103,114,149,161,161,161,116,151,151,169,169,169,266,266,282,204,214,214,59,91,103,103,130,149,149,149,175,195,195,298,298,313,325,325,335,335,335],"floor_reached":39,"language":"ENG","playtime":4823,"items_purged":[],"score":433,"play_id":"e4a68b36-6fa8-48f6-974f-6ee8eda0ea9e","local_time":"20210205200132","is_ascension_mode":false,"campfire_choices":[{"data":"Chill","floor":8,"key":"SMITH"},{"data":"Sweeping Beam","floor":15,"key":"SMITH"},{"floor":25,"key":"REST"},{"floor":28,"key":"REST"},{"floor":32,"key":"REST"}],"circlet_count":0,"master_deck":["Strike_B","Strike_B","Strike_B","Strike_B","Defend_B","Defend_B","Defend_B","Defend_B","Zap","Dualcast","Sweeping Beam+1","Sunder","Ball Lightning","Barrage","Chill+1","Coolheaded","Redo","Melter","Leap","Echo Form","CurseOfTheBell","Sweeping Beam","Static Discharge","Conserve Battery","Blizzard+1","Reinforced Body","Core Surge","Stack","Undo","Thunder Strike+1","Redo","Go for the Eyes+1","Go for the Eyes+1"],"relics":["Cracked Core","Hammer of Thor","Seething Fire","Anvil of the Gods","NeowsBlessing","Regal Pillow","Orichalcum","Sundial","Calling Bell","Oddly Smooth Stone","Letter Opener","Mango","Tiny Chest","Vajra","Anchor","Molten Egg 2","Nuclear Battery"],"acts_visited":["Exordium","TheCity","TheBeyond"],"potions_floor_usage":[6,6,11,11,16,16,23,33,33,37,39],"damage_taken":[{"damage":0,"enemies":"Small Slimes","floor":1,"turns":1},{"damage":0,"enemies":"Jaw Worm","floor":2,"turns":1},{"damage":0,"enemies":"2 Louse","floor":5,"turns":1},{"damage":15,"enemies":"Gremlin Nob","floor":6,"turns":4},{"damage":10,"enemies":"Exordium Thugs","floor":7,"turns":4},{"damage":21,"enemies":"Lagavulin","floor":11,"turns":5},{"damage":0,"enemies":"3 Louse","floor":13,"turns":3},{"damage":42,"enemies":"Hexaghost","floor":16,"turns":11},{"damage":10,"enemies":"3 Byrds","floor":18,"turns":6},{"damage":8,"enemies":"Shell Parasite","floor":20,"turns":5},{"damage":18,"enemies":"Gremlin Leader","floor":23,"turns":11},{"damage":23,"enemies":"Snake Plant","floor":24,"turns":4},{"damage":25,"enemies":"3 Cultists","floor":27,"turns":5},{"damage":32,"enemies":"Slavers","floor":30,"turns":6},{"damage":0,"enemies":"Chosen and Byrds","floor":31,"turns":6},{"damage":68,"enemies":"Collector","floor":33,"turns":11},{"damage":40,"enemies":"3 Shapes","floor":35,"turns":6},{"damage":6,"enemies":"Orb Walker","floor":36,"turns":5},{"damage":0,"enemies":"Jaw Worm Horde","floor":37,"turns":2},{"damage":28,"enemies":"Spire Growth","floor":38,"turns":7},{"damage":23,"enemies":"Transient","floor":39,"turns":4}],"seed_played":"8942139615848677015","potions_obtained":[{"floor":1,"key":"EntropicBrew"},{"floor":6,"key":"SteroidPotion"},{"floor":13,"key":"DuplicationPotion"},{"floor":20,"key":"ColorlessPotion"},{"floor":27,"key":"Dexterity Potion"},{"floor":29,"key":"DuplicationPotion"},{"floor":29,"key":"Regen Potion"},{"floor":33,"key":"SmokeBomb"},{"floor":35,"key":"DistilledChaos"}],"is_trial":false,"path_per_floor":["M","M","$","?","M","E","M","R","T","$","E","?","M","?","R","B",null,"M","$","M","?","$","E","M","R","T","M","R","?","E","M","R","B",null,"M","M","M","M","M"],"character_chosen":"DEFECT","items_purchased":["Ball Lightning","Redo","Static Discharge","Tiny Chest"],"campfire_rested":3,"item_purchase_floors":[3,10,19,22],"current_hp_per_floor":[75,75,75,75,75,60,50,50,50,50,29,29,29,54,54,12,89,79,79,71,71,71,53,30,71,71,46,87,87,55,55,89,36,89,49,43,43,15,0,0],"gold":335,"neow_bonus":"THREE_ENEMY_KILL","is_daily":false,"chose_seed":false,"campfire_upgraded":2,"win_rate":0.0,"timestamp":1612573292,"path_taken":["M","M","$","?","M","E","M","R","T","$","E","?","M","?","R","BOSS","M","$","M","?","?","E","M","R","T","M","R","?","E","M","R","BOSS","M","M","?","M","M"],"items_purchased_type":["Card","Card","Card","Relic"],"build_version":"2020-12-22","purchased_purges":0,"victory":false,"max_hp_per_floor":[75,75,75,75,75,75,75,75,75,75,75,75,75,75,75,75,89,89,89,89,89,89,89,89,89,89,89,89,89,89,89,89,89,89,89,89,89,89,89,89],"relic_stats":{"Regal Pillow":38,"counters":[21,108],"Sundial":[8],"Tiny Chest":0,"Letter Opener":[139],"Orichalcum":[126],"obtain_stats":[{"Regal Pillow":6,"NeowsBlessing":0,"Oddly Smooth Stone":17,"Vajra":23,"Mango":17,"Hammer of Thor":0,"Seething Fire":0,"Letter Opener":17,"Orichalcum":9,"Nuclear Battery":34,"Calling Bell":17,"Anchor":26,"Anvil of the Gods":0,"Sundial":11,"Tiny Chest":22,"Molten Egg 2":30,"Cracked Core":0},{"Regal Pillow":4,"NeowsBlessing":0,"Oddly Smooth Stone":8,"Vajra":11,"Mango":8,"Hammer of Thor":0,"Seething Fire":0,"Letter Opener":8,"Orichalcum":5,"Nuclear Battery":16,"Calling Bell":8,"Anchor":12,"Anvil of the Gods":0,"Sundial":6,"Tiny Chest":10,"Molten Egg 2":14,"Cracked Core":0},{"Regal Pillow":7,"NeowsBlessing":0,"Oddly Smooth Stone":30,"Vajra":52,"Mango":30,"Hammer of Thor":0,"Seething Fire":0,"Letter Opener":30,"Orichalcum":11,"Nuclear Battery":84,"Calling Bell":30,"Anchor":56,"Anvil of the Gods":0,"Sundial":16,"Tiny Chest":41,"Molten Egg 2":67,"Cracked Core":0}]},"card_choices":[{"not_picked":["Rip and Tear","Turbo"],"picked":"Sweeping Beam","floor":1},{"not_picked":["Barrage","Auto Shields"],"picked":"Sunder","floor":2},{"not_picked":["Gash","Reprogram"],"picked":"Barrage","floor":5},{"not_picked":["Darkness","Machine Learning"],"picked":"Chill","floor":6},{"not_picked":["Hologram","Beam Cell"],"picked":"Coolheaded","floor":7},{"not_picked":["Conserve Battery","Chaos"],"picked":"Melter","floor":11},{"not_picked":["FTL","Seek"],"picked":"Leap","floor":13},{"not_picked":["Machine Learning","Fission"],"picked":"Echo Form","floor":16},{"not_picked":["Stack+1","Go for the Eyes"],"picked":"Sweeping Beam","floor":18},{"not_picked":["Force Field","Barrage"],"picked":"Conserve Battery","floor":20},{"not_picked":["Beam Cell+1","Leap"],"picked":"Blizzard+1","floor":23},{"not_picked":["Steam Power","Turbo"],"picked":"Reinforced Body","floor":24},{"not_picked":["Beam Cell+1","Heatsinks"],"picked":"Core Surge","floor":27},{"not_picked":["Echo Form","Coolheaded"],"picked":"Stack","floor":30},{"not_picked":["Coolheaded","Turbo"],"picked":"Undo","floor":31},{"not_picked":["Core Surge+1","Fission"],"picked":"Thunder Strike+1","floor":33},{"not_picked":["Rebound+1","Hologram+1"],"picked":"Redo","floor":35},{"not_picked":["Reprogram","Beam Cell+1"],"picked":"Go for the Eyes+1","floor":36},{"not_picked":["Gash+1","Sweeping Beam+1"],"picked":"Go for the Eyes+1","floor":38}],"player_experience":29616,"relics_obtained":[{"floor":6,"key":"Regal Pillow"},{"floor":9,"key":"Orichalcum"},{"floor":11,"key":"Sundial"},{"floor":17,"key":"Oddly Smooth Stone"},{"floor":17,"key":"Letter Opener"},{"floor":17,"key":"Mango"},{"floor":23,"key":"Vajra"},{"floor":26,"key":"Anchor"},{"floor":30,"key":"Molten Egg 2"}],"event_choices":[{"damage_healed":0,"gold_gain":0,"player_choice":"Ignored","damage_taken":0,"max_hp_gain":0,"max_hp_loss":0,"event_name":"Liars Game","floor":4,"gold_loss":0},{"damage_healed":0,"gold_gain":0,"player_choice":"Ignored","damage_taken":0,"max_hp_gain":0,"max_hp_loss":0,"event_name":"Shining Light","floor":12,"gold_loss":0},{"damage_healed":25,"gold_gain":0,"player_choice":"Banana","damage_taken":0,"max_hp_gain":0,"max_hp_loss":0,"event_name":"Big Fish","floor":14,"gold_loss":0},{"damage_healed":0,"gold_gain":0,"player_choice":"Ignored","damage_taken":0,"max_hp_gain":0,"max_hp_loss":0,"event_name":"Purifier","floor":21,"gold_loss":0},{"damage_healed":0,"gold_gain":0,"player_choice":"Got Potions","damage_taken":0,"max_hp_gain":0,"max_hp_loss":0,"event_name":"Lab","floor":29,"gold_loss":0}],"is_beta":false,"boss_relics":[{"not_picked":["Runic Dome","Fusion Hammer"],"picked":"Calling Bell"},{"not_picked":["Astrolabe","Busted Crown"],"picked":"Nuclear Battery"}],"items_purged_floors":[],"is_endless":false,"potions_floor_spawned":[1,6,13,20,27,33,35,36],"killed_by":"Transient","ascension_level":0}}