{"host":"3j2m8n0ywf988fwb","time":1612605412,"event":{"mods":["2.2 Compatiblity","AchievementEnabler","Act Like it!","Aspiration","Astrologer","BaseMod","Better Altar","Better Match","Better Note","Better Sensory Stone","Better Skull","Better Third Choice","CCEM2","ChefMod","Colored Map","Colored Powertips","Conspire","Dark Map","Energized Spire","GifTheSpireLib","Halation","Hallownest","Highlight Path","Hubris","Infinite Spire","Jedi Mod","Marisa????????","Marked Mod","Mimic Mod","Minty Spire (QoL Compilation)","Monster B Gone","Random Character Button","Relic Filter Mod","Relic Stats","Reliquary","Replay The Spire","Robot Space Explorer","Shade Mod","Shop Mod","Somnambulant","StS++","StSLib","Stuff the Spire","The Bug Knight","The Elementalist","The Hierophant","The Runesmith","TheBandit","TheFirefly","Unceasing Turn Reminder","Weighted Paths","everything is the same but u backflip on backflip"],"gold_per_floor":[110,120,154,154,182,231,260,260,308,308,308,340,375,422,422,422,422],"floor_reached":16,"language":"ENG","playtime":971,"items_purged":[],"score":119,"play_id":"b521d70f-a755-4129-bbdd-9e315891a5e3","local_time":"20210206035652","is_ascension_mode":true,"campfire_choices":[{"data":"PropBag","floor":8,"key":"SMITH"},{"data":"AbsoluteMagnitude","floor":15,"key":"SMITH"}],"circlet_count":1,"master_deck":["Strike_MRS","Strike_MRS","Strike_MRS","Strike_MRS","Defend_MRS","Defend_MRS+1","Defend_MRS+1","Defend_MRS","MasterSpark","UpSweep","NonDirectionalLaser","WitchOfGreed","PropBag+1","ShootingEcho","AbsoluteMagnitude+1","ShootTheMoon","SuperNova"],"relics":["MiniHakkero","infinitespire:PuzzleCube","Hallownest:DreamNailRelic","War Paint","Circlet","StSpp:WoodenPendulum","AmplifyWand"],"acts_visited":["Exordium"],"potions_floor_usage":[2,3,7,13,14,16,16],"damage_taken":[{"damage":0,"enemies":"Hallownest:monsterHuskWarrior","floor":1,"turns":3},{"damage":0,"enemies":"2_ Uuma","floor":2,"turns":4},{"damage":1,"enemies":"Hallownest:2_Tiktiks_and_1_Crawlid","floor":3,"turns":2},{"damage":0,"enemies":"Hallownest:monsterMossCharger","floor":5,"turns":5},{"damage":4,"enemies":"Hallownest:eliteVengeflyKing","floor":6,"turns":7},{"damage":9,"enemies":"Hallownest:1_Ooma_and_2_Uuma","floor":7,"turns":6},{"damage":0,"enemies":"Hallownest:monsterFoolEater","floor":9,"turns":7},{"damage":0,"enemies":"Hallownest:monsterFoolEater","floor":12,"turns":3},{"damage":16,"enemies":"Hallownest:2_Tiktiks_1_Baldur_1_Crawlid","floor":13,"turns":7},{"damage":6,"enemies":"Hallownest:eliteCrystalGuardian","floor":14,"turns":5},{"damage":59,"enemies":"Hallownest:BossBrokenVessel","floor":16,"turns":12}],"seed_played":"-3148729680975857639","potions_obtained":[{"floor":1,"key":"Swift Potion"},{"floor":2,"key":"Explosive Potion"},{"floor":3,"key":"Energy Potion"},{"floor":5,"key":"Elixir"},{"floor":5,"key":"Regen Potion"},{"floor":6,"key":"Toxic Potion"},{"floor":7,"key":"BlessingOfTheForge"},{"floor":12,"key":"LiquidMemories"},{"floor":12,"key":"infinitespire:BlackPotion"},{"floor":13,"key":"AttackPotion"},{"floor":14,"key":"Swift Potion"},{"floor":14,"key":"DistilledChaos"}],"is_trial":false,"path_per_floor":["M","M","M","?","M","E","M","R","MIM","?","$","M","M","E","R","B"],"character_chosen":"MARISA","items_purchased":[],"campfire_rested":0,"item_purchase_floors":[],"current_hp_per_floor":[75,75,74,74,74,70,61,61,61,61,61,61,59,53,53,0,0],"gold":422,"neow_bonus":"RANDOM_COMMON_RELIC","is_daily":false,"chose_seed":false,"campfire_upgraded":2,"win_rate":0.0,"timestamp":1612605412,"path_taken":["M","?","M","?","?","E","M","R","MIM","?","?","?","M","E","R","BOSS"],"items_purchased_type":[],"build_version":"2020-12-22","purchased_purges":0,"victory":false,"max_hp_per_floor":[75,75,75,75,75,75,75,75,75,75,75,75,75,75,75,75,75],"relic_stats":{"counters":[11,61],"War Paint":["Defend_MRS","Defend_MRS"],"obtain_stats":[{"AmplifyWand":5,"Gremlin Horn":7,"Ornamental Fan":9,"Circlet":10,"StSpp:WoodenPendulum":14,"Hallownest:DreamNailRelic":4,"MiniHakkero":0,"Kunai":13,"War Paint":6,"infinitespire:PuzzleCube":0,"Mercury Hourglass":12},{"AmplifyWand":4,"Gremlin Horn":6,"Ornamental Fan":7,"Circlet":7,"StSpp:WoodenPendulum":10,"Hallownest:DreamNailRelic":3,"MiniHakkero":0,"Kunai":9,"War Paint":5,"infinitespire:PuzzleCube":0,"Mercury Hourglass":8},{"AmplifyWand":11,"Gremlin Horn":23,"Ornamental Fan":28,"Circlet":34,"StSpp:WoodenPendulum":49,"Hallownest:DreamNailRelic":9,"MiniHakkero":0,"Kunai":38,"War Paint":21,"infinitespire:PuzzleCube":0,"Mercury Hourglass":35}]},"card_choices":[{"not_picked":["PowerUp","GalacticHalo"],"picked":"NonDirectionalLaser","floor":1},{"not_picked":["GalacticHalo","LuminesStrike"],"picked":"WitchOfGreed","floor":2},{"not_picked":["AsteroidBelt","Singularity"],"picked":"PropBag","floor":3},{"not_picked":["DC","WitchOfGreed"],"picked":"ShootingEcho","floor":5},{"not_picked":["MilkyWay","DC"],"picked":"AbsoluteMagnitude","floor":6},{"not_picked":["BlazeAway","Singularity"],"picked":"ShootTheMoon","floor":7},{"not_picked":["GalacticHalo","IllusionStar","ShootingEcho"],"picked":"SKIP","floor":12},{"not_picked":["AsteroidBelt","DoubleSpark"],"picked":"SuperNova","floor":13},{"not_picked":["StarBarrage","Singularity","LuminesStrike"],"picked":"SKIP","floor":14}],"player_experience":1070910,"relics_obtained":[{"floor":6,"key":"War Paint"},{"floor":14,"key":"StSpp:WoodenPendulum"}],"event_choices":[],"is_beta":false,"boss_relics":[],"items_purged_floors":[],"is_endless":false,"potions_floor_spawned":[1,2,5,12,14],"killed_by":"Hallownest:BossBrokenVessel","ascension_level":1}}