{"host":"l5zfpd2l2htson6l","time":1612607007,"event":{"mods":["AchievementEnabler","BaseMod","Colored Map","Colored Powertips","Minty Spire (QoL Compilation)","Permanent Neow","Quick Restart","Rare Cards Sparkle","Relic Stats","SuperFastMode"],"gold_per_floor":[113,133,133,150,166,166,193,28,28,28,63,124,124,124,124,197,197,213,213,213,226,237,237,269,269,350,361,361,19,29,57,57,132,132,144,144,144,157,103,103,132,150,204,204,216,216,246,294,294,294,294,294,294,4,29,29,29],"floor_reached":56,"language":"ENG","playtime":3193,"items_purged":["Strike_R+1"],"score":1952,"play_id":"ee603fe2-de1f-4c82-948c-6b6f4a7f1db7","local_time":"20210206022327","is_ascension_mode":true,"campfire_choices":[{"data":"Armaments","floor":6.0,"key":"SMITH"},{"data":"Immolate","floor":10.0,"key":"SMITH"},{"data":"Flame Barrier","floor":13.0,"key":"SMITH"},{"data":"Metallicize","floor":15.0,"key":"SMITH"},{"data":"Fiend Fire","floor":23.0,"key":"SMITH"},{"data":"Double Tap","floor":25.0,"key":"SMITH"},{"data":"Shockwave","floor":28.0,"key":"SMITH"},{"data":"Metallicize","floor":32.0,"key":"SMITH"},{"data":"Spot Weakness","floor":40.0,"key":"SMITH"},{"data":"Enlightenment","floor":44.0,"key":"SMITH"},{"data":"Ghostly Armor","floor":46.0,"key":"SMITH"},{"data":"Flame Barrier","floor":49.0,"key":"SMITH"},{"data":"Shrug It Off","floor":53.0,"key":"SMITH"}],"circlet_count":0,"master_deck":["AscendersBane","Strike_R+1","Defend_R+1","Defend_R+1","Defend_R+1","Defend_R+1","Bash","Immolate+1","Metallicize+1","Armaments+1","Twin Strike","Headbutt","Flame Barrier+1","Double Tap+1","Fiend Fire+1","Shockwave+1","Feel No Pain","Metallicize+1","Ghostly Armor+1","Juggernaut","Thunderclap+1","Enlightenment+1","Spot Weakness+1","Shrug It Off","Shrug It Off+1","Flame Barrier+1","Ghostly Armor","Shrug It Off","Spot Weakness","Burning Pact+1"],"relics":["Burning Blood","Torii","Sling","Calipers","Charon\u0027s Ashes","MealTicket","Runic Pyramid","InkBottle","White Beast Statue","Orichalcum","Eternal Feather","Velvet Choker","Toy Ornithopter","Pen Nib","Lizard Tail","Orrery","Bottled Lightning"],"acts_visited":["Exordium","TheCity","TheBeyond","TheEnding"],"potions_floor_usage":[56],"damage_taken":[{"damage":3.0,"enemies":"Small Slimes","floor":1.0,"turns":2.0},{"damage":10.0,"enemies":"Cultist","floor":2.0,"turns":5.0},{"damage":0.0,"enemies":"2 Louse","floor":4.0,"turns":1.0},{"damage":20.0,"enemies":"Red Slaver","floor":5.0,"turns":5.0},{"damage":2.0,"enemies":"3 Sentries","floor":7.0,"turns":4.0},{"damage":2.0,"enemies":"Lagavulin","floor":11.0,"turns":7.0},{"damage":10.0,"enemies":"3 Sentries","floor":12.0,"turns":4.0},{"damage":51.0,"enemies":"Hexaghost","floor":16.0,"turns":12.0},{"damage":3.0,"enemies":"3 Byrds","floor":18.0,"turns":2.0},{"damage":1.0,"enemies":"Shell Parasite","floor":21.0,"turns":8.0},{"damage":1.0,"enemies":"Snecko","floor":22.0,"turns":4.0},{"damage":25.0,"enemies":"Slavers","floor":24.0,"turns":6.0},{"damage":0.0,"enemies":"Snake Plant","floor":27.0,"turns":2.0},{"damage":8.0,"enemies":"Shelled Parasite and Fungi","floor":30.0,"turns":3.0},{"damage":8.0,"enemies":"Book of Stabbing","floor":31.0,"turns":3.0},{"damage":9.0,"enemies":"Champ","floor":33.0,"turns":16.0},{"damage":11.0,"enemies":"3 Darklings","floor":35.0,"turns":3.0},{"damage":0.0,"enemies":"Orb Walker","floor":38.0,"turns":2.0},{"damage":0.0,"enemies":"Nemesis","floor":41.0,"turns":5.0},{"damage":2.0,"enemies":"Maw","floor":42.0,"turns":7.0},{"damage":21.0,"enemies":"Jaw Worm Horde","floor":45.0,"turns":5.0},{"damage":0.0,"enemies":"Giant Head","floor":47.0,"turns":10.0},{"damage":2.0,"enemies":"2 Orb Walkers","floor":48.0,"turns":4.0},{"damage":42.0,"enemies":"Donu and Deca","floor":50.0,"turns":21.0},{"damage":68.0,"enemies":"Awakened One","floor":51.0,"turns":16.0},{"damage":68.0,"enemies":"Shield and Spear","floor":55.0,"turns":8.0},{"damage":35,"enemies":"The Heart","floor":56,"turns":2}],"seed_played":"7874247763450846000","potions_obtained":[{"floor":4.0,"key":"Energy Potion"},{"floor":7.0,"key":"Block Potion"},{"floor":12.0,"key":"SteroidPotion"},{"floor":16.0,"key":"PowerPotion"},{"floor":33.0,"key":"Fire Potion"},{"floor":35.0,"key":"ElixirPotion"},{"floor":38.0,"key":"SkillPotion"},{"floor":41.0,"key":"PowerPotion"},{"floor":47.0,"key":"Regen Potion"},{"floor":55.0,"key":"AttackPotion"}],"is_trial":false,"path_per_floor":["M","M","?","M","M","R","E","$","T","R","E","?","R","?","R","B",null,"M","?","?","M","M","R","E","R","T","M","R","$","M","E","R","B",null,"M","?","?","M","$","R","E","M","T","R","M","R","E","?","R","B","B",null,"R","$","E","B"],"character_chosen":"IRONCLAD","items_purchased":["Sling","Metallicize","Orichalcum","Ghostly Armor","Shrug It Off","Orrery","PowerPotion"],"campfire_rested":0,"item_purchase_floors":[8,29,29,29,39,54,54],"current_hp_per_floor":[71,67,67,73,59,59,63,63,63,63,67,63,63,56,56,11,59,62,62,62,67,72,72,53,53,53,59,59,74,72,70,75,72,74,69,59,59,65,75,75,75,75,75,75,60,75,75,75,75,60,37,66,75,75,13,0,0],"gold":29,"neow_bonus":"TRANSFORM_CARD","is_daily":false,"chose_seed":false,"campfire_upgraded":13,"win_rate":0.0,"timestamp":1612607007,"path_taken":["M","M","?","M","M","R","E","?","T","R","E","?","R","?","R","BOSS","M","?","?","M","?","R","E","R","T","M","R","$","M","E","R","BOSS","M","?","?","M","?","R","E","M","T","R","M","R","E","?","R","BOSS","BOSS","R","$","E","BOSS"],"items_purchased_type":["Relic","Card","Relic","Card","Card","Relic","Potion"],"build_version":"2020-12-22","purchased_purges":1,"victory":false,"max_hp_per_floor":[75,75,75,75,75,75,75,75,75,75,75,75,75,75,75,75,75,75,75,75,75,75,75,75,75,75,75,75,75,75,75,75,75,75,75,75,75,75,75,75,75,75,75,75,75,75,75,75,75,75,75,75,75,75,75,75,75],"relic_stats":{"Lizard Tail":37,"Torii":55,"counters":[27,167],"MealTicket":25,"Eternal Feather":29,"Charon\u0027s Ashes":[509],"Pen Nib":[4],"Orichalcum":[90],"obtain_stats":[{"Calipers":9,"Torii":7,"Velvet Choker":34,"Eternal Feather":31,"Charon\u0027s Ashes":11,"Pen Nib":47,"Orichalcum":29,"Sling":8,"Burning Blood":0,"White Beast Statue":26,"Lizard Tail":48,"Orrery":54,"MealTicket":12,"Bottled Lightning":55,"InkBottle":24,"Toy Ornithopter":41,"Runic Pyramid":17},{"Calipers":5,"Torii":5,"Velvet Choker":16,"Eternal Feather":15,"Charon\u0027s Ashes":6,"Pen Nib":22,"Orichalcum":13,"Sling":5,"Burning Blood":0,"White Beast Statue":12,"Lizard Tail":23,"Orrery":25,"MealTicket":7,"Bottled Lightning":26,"InkBottle":12,"Toy Ornithopter":19,"Runic Pyramid":8},{"Calipers":17,"Torii":17,"Velvet Choker":84,"Eternal Feather":68,"Charon\u0027s Ashes":24,"Pen Nib":116,"Orichalcum":62,"Sling":17,"Burning Blood":0,"White Beast Statue":60,"Lizard Tail":120,"Orrery":157,"MealTicket":28,"Bottled Lightning":165,"InkBottle":60,"Toy Ornithopter":94,"Runic Pyramid":40}],"Burning Blood":136,"InkBottle":[34],"Toy Ornithopter":11},"card_choices":[{"not_picked":["Shrug It Off","Flex"],"picked":"Metallicize","floor":1.0},{"not_picked":["Body Slam","Combust"],"picked":"Armaments","floor":2.0},{"not_picked":["Infernal Blade","Cleave"],"picked":"Twin Strike","floor":4.0},{"not_picked":["Sever Soul","Iron Wave"],"picked":"Headbutt","floor":5.0},{"not_picked":["Carnage","True Grit"],"picked":"Flame Barrier","floor":7.0},{"not_picked":["Reckless Charge","Flex","Feel No Pain"],"picked":"SKIP","floor":11.0},{"not_picked":["Fiend Fire","Immolate"],"picked":"Double Tap","floor":16.0},{"not_picked":["Cleave","Sword Boomerang+1","Pommel Strike"],"picked":"SKIP","floor":18.0},{"not_picked":["Pummel+1","Battle Trance+1","Dark Embrace"],"picked":"SKIP","floor":21.0},{"not_picked":["Disarm","Cleave"],"picked":"Fiend Fire","floor":22.0},{"not_picked":["Flex","Thunderclap"],"picked":"Shockwave","floor":24.0},{"not_picked":["Havoc","Warcry+1"],"picked":"Feel No Pain","floor":27.0},{"not_picked":["Shockwave","Sword Boomerang","Cleave"],"picked":"SKIP","floor":30.0},{"not_picked":["Rage","Flex","Battle Trance+1"],"picked":"SKIP","floor":31.0},{"not_picked":["Brutality","Bludgeon"],"picked":"Juggernaut","floor":33.0},{"not_picked":["Flex","Dark Embrace"],"picked":"Thunderclap+1","floor":35.0},{"not_picked":["Violence","Finesse"],"picked":"Enlightenment","floor":36.0},{"not_picked":["Wild Strike","Warcry+1"],"picked":"Spot Weakness","floor":38.0},{"not_picked":["Wild Strike","Dual Wield","Rupture+1"],"picked":"SKIP","floor":41.0},{"not_picked":["Uppercut","Armaments","Heavy Blade"],"picked":"SKIP","floor":42.0},{"not_picked":["Rupture+1","Sword Boomerang+1"],"picked":"Shrug It Off","floor":45.0},{"not_picked":["Intimidate","Bloodletting+1","Wild Strike"],"picked":"SKIP","floor":47.0},{"not_picked":["Flex","Searing Blow+1"],"picked":"Flame Barrier","floor":48.0},{"not_picked":["Feed","Fire Breathing"],"picked":"Ghostly Armor","floor":54.0},{"not_picked":["Shockwave","Cleave"],"picked":"Shrug It Off","floor":54.0},{"not_picked":["Thunderclap","Inflame"],"picked":"Spot Weakness","floor":54.0},{"not_picked":["Flex","Clothesline+1"],"picked":"Burning Pact+1","floor":55.0}],"player_experience":915446,"relics_obtained":[{"floor":7.0,"key":"Torii"},{"floor":9.0,"key":"Calipers"},{"floor":11.0,"key":"Charon\u0027s Ashes"},{"floor":12.0,"key":"MealTicket"},{"floor":24.0,"key":"InkBottle"},{"floor":26.0,"key":"White Beast Statue"},{"floor":31.0,"key":"Eternal Feather"},{"floor":41.0,"key":"Toy Ornithopter"},{"floor":47.0,"key":"Pen Nib"},{"floor":48.0,"key":"Lizard Tail"},{"floor":55.0,"key":"Bottled Lightning"}],"event_choices":[{"damage_healed":0.0,"max_hp_gain":0.0,"max_hp_loss":0.0,"gold_gain":0.0,"event_name":"Wheel of Change","player_choice":"Cursed","floor":3.0,"gold_loss":0.0,"damage_taken":0.0,"cards_obtained":["Decay"]},{"damage_healed":0.0,"max_hp_gain":0.0,"max_hp_loss":0.0,"gold_gain":0.0,"event_name":"Dead Adventurer","player_choice":"Searched \u00271\u0027 times","floor":12.0,"gold_loss":0.0,"damage_taken":0.0},{"cards_removed":["Strike_R"],"damage_healed":0.0,"max_hp_gain":0.0,"max_hp_loss":0.0,"gold_gain":0.0,"event_name":"Golden Wing","player_choice":"Card Removal","floor":14.0,"gold_loss":0.0,"damage_taken":7.0},{"damage_healed":0.0,"max_hp_gain":0.0,"max_hp_loss":0.0,"gold_gain":0.0,"event_name":"Back to Basics","player_choice":"Simplicity","floor":19.0,"gold_loss":0.0,"damage_taken":0.0,"cards_upgraded":["Strike_R","Strike_R","Strike_R","Defend_R","Defend_R","Defend_R","Defend_R"]},{"cards_removed":["Decay"],"damage_healed":0.0,"max_hp_gain":0.0,"max_hp_loss":0.0,"gold_gain":0.0,"event_name":"Purifier","player_choice":"Purged","floor":20.0,"gold_loss":0.0,"damage_taken":0.0},{"damage_healed":0.0,"max_hp_gain":0.0,"max_hp_loss":0.0,"gold_gain":0.0,"event_name":"SensoryStone","player_choice":"Memory 3","floor":36.0,"gold_loss":0.0,"damage_taken":10.0},{"cards_removed":["Strike_R"],"damage_healed":0.0,"max_hp_gain":0.0,"max_hp_loss":0.0,"gold_gain":0.0,"event_name":"Falling","player_choice":"Removed Attack","floor":37.0,"gold_loss":0.0,"damage_taken":0.0},{"damage_healed":0.0,"max_hp_gain":0.0,"max_hp_loss":0.0,"gold_gain":0.0,"event_name":"Mysterious Sphere","player_choice":"Fight","floor":48.0,"gold_loss":0.0,"damage_taken":0.0}],"is_beta":false,"boss_relics":[{"not_picked":["SacredBark","Black Blood"],"picked":"Runic Pyramid"},{"not_picked":["Busted Crown","Mark of Pain"],"picked":"Velvet Choker"}],"items_purged_floors":[54],"is_endless":false,"potions_floor_spawned":[4,7,12,16,18,27,30,31,33,35,38,41,42,45,47,48,55],"killed_by":"The Heart","ascension_level":20}}