{"host":"3y2rtlgteqp2nuo3","time":1612623147,"event":{"mods":["2.2 Compatiblity","AchievementEnabler","BaseMod","Colored Map","DeckTracker","Highlight Path","Keyboard Shortcuts","Minty Spire (QoL Compilation)","Permanent Neow","Quick Restart","StSLib","SuperFastMode","everything is the same but u backflip on backflip"],"gold_per_floor":[118,118,132,132,152,152,302,302,302,335,349,349,373,388,388,484,484,505,519,519,519,534,534,548,564,564,564,65,65,65],"floor_reached":29,"language":"KOR","playtime":730,"items_purged":[],"score":420,"play_id":"02174688-461e-4226-8930-de25ac36c08b","local_time":"20210206235227","is_ascension_mode":true,"campfire_choices":[{"data":"Multi-Cast","floor":6.0,"key":"SMITH"},{"floor":8.0,"key":"REST"},{"data":"Zap","floor":15.0,"key":"SMITH"},{"floor":23,"key":"REST"}],"circlet_count":0,"master_deck":["AscendersBane","Zap+1","Dualcast","Multi-Cast+1","Coolheaded","Loop","Go for the Eyes","Doubt","Creative AI+1","Self Repair+1","Genetic Algorithm","Ball Lightning","Biased Cognition+1","Skim","Beam Cell","Loop+1","Reboot","Compile Driver","Hello World+1","Buffer+1","Coolheaded","Fusion+1","Sweeping Beam","Hologram","Turbo","Turbo","Chill"],"relics":["Cracked Core","Golden Idol","Bag of Marbles","Frozen Egg 2","Pandora\u0027s Box","Shuriken","Chemical X","Pear"],"acts_visited":["Exordium","TheCity"],"potions_floor_usage":[22,22],"damage_taken":[{"damage":6.0,"enemies":"Cultist","floor":1.0,"turns":3.0},{"damage":14.0,"enemies":"Small Slimes","floor":3.0,"turns":3.0},{"damage":0.0,"enemies":"2 Louse","floor":5.0,"turns":2.0},{"damage":23.0,"enemies":"Gremlin Nob","floor":10.0,"turns":4.0},{"damage":6.0,"enemies":"2 Fungi Beasts","floor":11.0,"turns":5.0},{"damage":11.0,"enemies":"Blue Slaver","floor":13.0,"turns":8.0},{"damage":9.0,"enemies":"Looter","floor":14.0,"turns":4.0},{"damage":27.0,"enemies":"The Guardian","floor":16.0,"turns":12.0},{"damage":3.0,"enemies":"Shell Parasite","floor":18.0,"turns":5.0},{"damage":0.0,"enemies":"Chosen","floor":19.0,"turns":5.0},{"damage":36,"enemies":"Centurion and Healer","floor":22,"turns":6},{"damage":0,"enemies":"Snecko","floor":24,"turns":5},{"damage":16,"enemies":"Chosen and Byrds","floor":25,"turns":8},{"damage":54,"enemies":"Book of Stabbing","floor":29,"turns":5}],"seed_played":"4582238647791328773","potions_obtained":[{"floor":1.0,"key":"SpeedPotion"},{"floor":3.0,"key":"EssenceOfSteel"},{"floor":11.0,"key":"SneckoOil"},{"floor":21.0,"key":"EssenceOfDarkness"},{"floor":21.0,"key":"LiquidMemories"},{"floor":24,"key":"SteroidPotion"}],"is_trial":false,"path_per_floor":["M","?","M","?","M","R","?","R","T","E","M","?","M","M","R","B",null,"M","M","?","?","M","R","M","M","T","?","$","E"],"character_chosen":"DEFECT","items_purchased":["Chemical X","Pear","Chill"],"campfire_rested":2,"item_purchase_floors":[28,28,28],"current_hp_per_floor":[58,34,20,20,20,20,20,41,41,18,12,35,34,35,35,18,58,65,65,65,65,29,50,50,44,44,44,54,0,0],"gold":65,"neow_bonus":"ONE_RANDOM_RARE_CARD","is_daily":false,"chose_seed":false,"campfire_upgraded":2,"win_rate":0.0,"timestamp":1612623147,"path_taken":["M","?","M","?","M","R","?","R","T","E","M","?","M","M","R","BOSS","M","M","?","?","M","R","M","?","T","?","$","E"],"items_purchased_type":["Relic","Relic","Card"],"build_version":"2020-12-22","purchased_purges":0,"victory":false,"max_hp_per_floor":[71,71,71,71,71,71,71,71,71,71,71,71,71,71,71,71,71,71,71,71,71,71,71,71,71,71,71,81,81,81],"card_choices":[{"not_picked":["Storm","Conserve Battery"],"picked":"Coolheaded","floor":1.0},{"not_picked":["Scrape","Auto Shields"],"picked":"Loop","floor":3.0},{"not_picked":["Coolheaded","Hologram"],"picked":"Go for the Eyes","floor":5.0},{"not_picked":["Leap","Scrape"],"picked":"Creative AI+1","floor":10.0},{"not_picked":["Sunder","Reinforced Body"],"picked":"Self Repair+1","floor":11.0},{"not_picked":["Turbo","Beam Cell"],"picked":"Genetic Algorithm","floor":13.0},{"not_picked":["Turbo","Rebound"],"picked":"Ball Lightning","floor":14.0},{"not_picked":["Seek","Core Surge"],"picked":"Biased Cognition+1","floor":16.0},{"not_picked":["Heatsinks+1","Sunder"],"picked":"Fusion","floor":18.0},{"not_picked":["Gash","Genetic Algorithm+1"],"picked":"Sweeping Beam","floor":19.0},{"not_picked":["Beam Cell","Gash"],"picked":"Hologram","floor":22},{"not_picked":["Sunder","Ball Lightning"],"picked":"Turbo","floor":24},{"not_picked":["Conserve Battery","Steam"],"picked":"Turbo","floor":25}],"player_experience":763133,"relics_obtained":[{"floor":9.0,"key":"Bag of Marbles"},{"floor":10.0,"key":"Frozen Egg 2"},{"floor":26,"key":"Shuriken"}],"event_choices":[{"damage_healed":0.0,"max_hp_gain":0.0,"max_hp_loss":0.0,"gold_gain":0.0,"event_name":"Golden Idol","player_choice":"Take Damage","floor":2.0,"gold_loss":0.0,"damage_taken":24.0,"relics_obtained":["Golden Idol"]},{"damage_healed":0.0,"max_hp_gain":0.0,"max_hp_loss":0.0,"gold_gain":0.0,"event_name":"Shining Light","player_choice":"Ignored","floor":4.0,"gold_loss":0.0,"damage_taken":0.0},{"damage_healed":0.0,"max_hp_gain":0.0,"max_hp_loss":0.0,"gold_gain":150.0,"event_name":"Liars Game","player_choice":"AGREE","floor":7.0,"gold_loss":0.0,"damage_taken":0.0,"cards_obtained":["Doubt"]},{"damage_healed":23.0,"max_hp_gain":0.0,"max_hp_loss":0.0,"gold_gain":0.0,"event_name":"Big Fish","player_choice":"Banana","floor":12.0,"gold_loss":0.0,"damage_taken":0.0},{"damage_healed":0.0,"max_hp_gain":0.0,"max_hp_loss":0.0,"gold_gain":0.0,"event_name":"Vampires","player_choice":"Ignored","floor":20.0,"gold_loss":0.0,"damage_taken":0.0},{"damage_healed":0.0,"max_hp_gain":0.0,"max_hp_loss":0.0,"gold_gain":0.0,"event_name":"Lab","player_choice":"Got Potions","floor":21.0,"gold_loss":0.0,"damage_taken":0.0},{"damage_healed":0,"gold_gain":0,"player_choice":"Upgraded","damage_taken":0,"max_hp_gain":0,"max_hp_loss":0,"event_name":"Upgrade Shrine","floor":27,"gold_loss":0,"cards_upgraded":["Fusion"]}],"is_beta":false,"boss_relics":[{"not_picked":["Fusion Hammer","Ectoplasm"],"picked":"Pandora\u0027s Box"}],"items_purged_floors":[],"is_endless":false,"potions_floor_spawned":[1,3,11,13,24],"killed_by":"Book of Stabbing","ascension_level":17}}