{"host":"r91i8wii3z9p67t1","time":1612603500,"event":{"mods":["BaseMod","Googly Eyes","Minty Spire (QoL Compilation)","Relic Stats","Reliquary","StSLib"],"gold_per_floor":[117,131,131,150,170,196,121,155,155,155,155,185,196,230,230,343,343,369,319,336,32,32,32,69,89,89,119,157,169,202,229,229,324,324,342,342,370,386,395,436,436,473,473,484,512,530,530,571,571,571],"floor_reached":51,"language":"ENG","playtime":8298,"items_purged":["Strike_P"],"score":1183,"play_id":"0c356466-49d7-420b-861b-a26cc402ed7f","local_time":"20210206172500","is_ascension_mode":true,"campfire_choices":[{"data":"Evaluate","floor":11.0,"key":"SMITH"},{"data":"Consecrate","floor":15.0,"key":"SMITH"},{"data":"Vigilance","floor":23.0,"key":"SMITH"},{"floor":32,"key":"REST"},{"floor":41,"key":"REST"},{"floor":47,"key":"REST"},{"data":"EmptyBody","floor":49,"key":"SMITH"}],"circlet_count":0,"master_deck":["Strike_P+1","Strike_P+1","Defend_P+1","Defend_P+1","Defend_P+1","Defend_P+1","Eruption+1","Vigilance+1","EmptyBody+1","Consecrate+1","Evaluate+1","FlyingSleeves+1","DeceiveReality+1","InnerPeace+1","TalkToTheHand+1","FearNoEvil+1","LessonLearned+1","FollowUp+1","WaveOfTheHand+1","Consecrate+1","CutThroughFate+1","EmptyFist+1","LikeWater+1","Master of Strategy","Establishment+1","Swivel+1","Evaluate+1","EmptyBody+1"],"relics":["Runic Pyramid","reliquary:PurpleTingedLeaf","Blood Vial","Pear","Dead Branch","CeramicFish","Sozu","Vajra","Melange","CloakClasp","Strawberry","reliquary:Stiletto","Red Mask","Happy Flower","reliquary:Ember","Frozen Egg 2","Incense Burner","reliquary:QuartzCube","Damaru"],"acts_visited":["Exordium","TheCity","TheBeyond"],"potions_floor_usage":[50,50],"damage_taken":[{"damage":0.0,"enemies":"Cultist","floor":1.0,"turns":2.0},{"damage":0.0,"enemies":"2 Louse","floor":2.0,"turns":3.0},{"damage":0.0,"enemies":"Jaw Worm","floor":4.0,"turns":4.0},{"damage":0.0,"enemies":"2 Fungi Beasts","floor":5.0,"turns":3.0},{"damage":6.0,"enemies":"Lagavulin","floor":6.0,"turns":7.0},{"damage":7.0,"enemies":"3 Sentries","floor":8.0,"turns":9.0},{"damage":13.0,"enemies":"Lagavulin","floor":12.0,"turns":10.0},{"damage":0.0,"enemies":"Looter","floor":13.0,"turns":3.0},{"damage":6.0,"enemies":"3 Sentries","floor":14.0,"turns":7.0},{"damage":11.0,"enemies":"The Guardian","floor":16.0,"turns":14.0},{"damage":14.0,"enemies":"2 Thieves","floor":18.0,"turns":4.0},{"damage":0.0,"enemies":"Chosen","floor":20.0,"turns":4.0},{"damage":11.0,"enemies":"Slavers","floor":24.0,"turns":6.0},{"damage":16.0,"enemies":"Sentry and Sphere","floor":25.0,"turns":4.0},{"damage":0.0,"enemies":"Book of Stabbing","floor":27.0,"turns":7.0},{"damage":20,"enemies":"Masked Bandits","floor":28,"turns":4},{"damage":0,"enemies":"Centurion and Healer","floor":29,"turns":5},{"damage":7,"enemies":"Gremlin Leader","floor":30,"turns":5},{"damage":4,"enemies":"Shelled Parasite and Fungi","floor":31,"turns":4},{"damage":3,"enemies":"Collector","floor":33,"turns":9},{"damage":13,"enemies":"3 Darklings","floor":35,"turns":5},{"damage":0,"enemies":"Orb Walker","floor":37,"turns":3},{"damage":20,"enemies":"Maw","floor":38,"turns":7},{"damage":31,"enemies":"Reptomancer","floor":40,"turns":7},{"damage":17,"enemies":"Giant Head","floor":42,"turns":10},{"damage":0,"enemies":"Jaw Worm Horde","floor":44,"turns":5},{"damage":2,"enemies":"4 Shapes","floor":45,"turns":4},{"damage":10,"enemies":"3 Darklings","floor":46,"turns":6},{"damage":0,"enemies":"Nemesis","floor":48,"turns":6},{"damage":5,"enemies":"Time Eater","floor":50,"turns":10}],"seed_played":"1570779852221908852","potions_obtained":[{"floor":1.0,"key":"CultistPotion"},{"floor":4.0,"key":"BlessingOfTheForge"},{"floor":6.0,"key":"SteroidPotion"}],"is_trial":false,"path_per_floor":["M","M","?","M","M","E","$","E","T","?","R","E","M","E","R","B",null,"M","?","M","$","?","R","E","M","T","E","?","M","E","M","R","B",null,"M","?","M","M","?","E","R","E","T","M","M","M","R","E","R","B",null],"character_chosen":"WATCHER","items_purchased":["Vajra","Melange"],"campfire_rested":3,"item_purchase_floors":[21,21],"current_hp_per_floor":[65,65,65,65,65,59,59,54,64,48,48,40,43,40,40,35,70,59,59,62,62,62,62,55,42,49,53,36,39,35,34,60,62,82,73,73,76,61,61,33,59,47,47,49,50,43,69,73,73,72],"gold":571,"neow_bonus":"BOSS_RELIC","is_daily":false,"chose_seed":false,"campfire_upgraded":4,"win_rate":0.0,"timestamp":1612603500,"path_taken":["M","?","?","?","M","E","?","E","T","?","R","E","M","E","R","BOSS","M","?","M","?","?","R","E","M","T","E","?","M","E","M","R","BOSS","M","?","?","M","?","E","R","E","T","M","M","M","R","E","R","BOSS"],"items_purchased_type":["Relic","Relic"],"build_version":"2020-12-22","purchased_purges":1,"victory":true,"max_hp_per_floor":[72,72,72,72,72,72,72,72,82,82,82,82,82,82,82,82,82,82,82,82,82,82,82,82,82,89,89,89,89,89,89,89,89,89,89,89,89,89,89,89,89,89,89,89,89,89,89,89,89,89],"relic_stats":{"Blood Vial":48,"Sozu":5,"Happy Flower":[25],"counters":[30,177],"Dead Branch":[95],"CeramicFish":117,"Melange":[57],"CloakClasp":[328],"obtain_stats":[{"Pear":9,"Happy Flower":30,"Dead Branch":12,"CeramicFish":14,"Vajra":21,"Melange":21,"Damaru":48,"CloakClasp":24,"Incense Burner":42,"Frozen Egg 2":40,"reliquary:QuartzCube":43,"Blood Vial":8,"Sozu":17,"Strawberry":26,"reliquary:Stiletto":27,"Red Mask":28,"reliquary:Ember":34,"PureWater":0,"reliquary:PurpleTingedLeaf":6,"Runic Pyramid":0},{"Pear":6,"Happy Flower":18,"Dead Branch":7,"CeramicFish":9,"Vajra":12,"Melange":12,"Damaru":29,"CloakClasp":13,"Incense Burner":25,"Frozen Egg 2":24,"reliquary:QuartzCube":25,"Blood Vial":6,"Sozu":10,"Strawberry":14,"reliquary:Stiletto":15,"Red Mask":16,"reliquary:Ember":20,"PureWater":0,"reliquary:PurpleTingedLeaf":5,"Runic Pyramid":0},{"Pear":28,"Happy Flower":101,"Dead Branch":38,"CeramicFish":48,"Vajra":70,"Melange":70,"Damaru":167,"CloakClasp":76,"Incense Burner":146,"Frozen Egg 2":136,"reliquary:QuartzCube":146,"Blood Vial":28,"Sozu":62,"Strawberry":80,"reliquary:Stiletto":87,"Red Mask":91,"reliquary:Ember":114,"PureWater":0,"reliquary:PurpleTingedLeaf":19,"Runic Pyramid":0}]},"card_choices":[{"not_picked":["Worship","FollowUp"],"picked":"EmptyBody","floor":1.0},{"not_picked":["Vengeance","Evaluate"],"picked":"Consecrate","floor":2.0},{"not_picked":["Conclude","FlyingSleeves"],"picked":"Evaluate","floor":4.0},{"not_picked":["Protect","Perseverance"],"picked":"FlyingSleeves","floor":5.0},{"not_picked":["Nirvana","CutThroughFate"],"picked":"DeceiveReality","floor":6.0},{"not_picked":["JustLucky","EmptyBody"],"picked":"InnerPeace","floor":8.0},{"not_picked":["Swivel","FlurryOfBlows"],"picked":"TalkToTheHand","floor":12.0},{"not_picked":["Halt","FlyingSleeves","Conclude"],"picked":"SKIP","floor":13.0},{"not_picked":["Adaptation","FlyingSleeves"],"picked":"FearNoEvil","floor":14.0},{"not_picked":["Brilliance","Wish"],"picked":"LessonLearned","floor":16.0},{"not_picked":["ClearTheMind","Consecrate"],"picked":"FollowUp","floor":18.0},{"not_picked":["ClearTheMind","CrushJoints","FollowUp+1"],"picked":"SKIP","floor":20.0},{"not_picked":["SignatureMove","SandsOfTime"],"picked":"WaveOfTheHand+1","floor":24.0},{"not_picked":["Fasting2+1","FlyingSleeves"],"picked":"Consecrate","floor":25.0},{"not_picked":["PathToVictory","BowlingBash","Protect"],"picked":"SKIP","floor":27.0},{"not_picked":["Consecrate","Blasphemy"],"picked":"CutThroughFate+1","floor":28},{"not_picked":["SignatureMove","Vengeance+1","MentalFortress"],"picked":"SKIP","floor":29},{"not_picked":["ThirdEye+1","InnerPeace","Study"],"picked":"SKIP","floor":30},{"not_picked":["FearNoEvil","Meditate"],"picked":"EmptyFist","floor":31},{"not_picked":["Prostrate+1","EmptyBody+1","BattleHymn"],"picked":"SKIP","floor":35},{"not_picked":["Prostrate+1","EmptyBody+1","BattleHymn"],"picked":"SKIP","floor":35},{"not_picked":["SignatureMove+1","SashWhip"],"picked":"LikeWater+1","floor":37},{"not_picked":["Prostrate+1","Weave","Protect"],"picked":"SKIP","floor":38},{"not_picked":["Purity","Jack Of All Trades"],"picked":"Master of Strategy","floor":39},{"not_picked":["PathToVictory+1","MentalFortress+1"],"picked":"Establishment+1","floor":40},{"not_picked":["ClearTheMind","PathToVictory"],"picked":"Swivel","floor":42},{"not_picked":["JustLucky","Halt","FlurryOfBlows"],"picked":"SKIP","floor":44},{"not_picked":["InnerPeace","WaveOfTheHand"],"picked":"Evaluate+1","floor":45},{"not_picked":["CutThroughFate+1","PathToVictory+1","WindmillStrike+1"],"picked":"SKIP","floor":46},{"not_picked":["BowlingBash","Judgement"],"picked":"EmptyBody","floor":48}],"player_experience":1010365,"relics_obtained":[{"floor":6.0,"key":"reliquary:PurpleTingedLeaf"},{"floor":8.0,"key":"Blood Vial"},{"floor":9.0,"key":"Pear"},{"floor":12.0,"key":"Dead Branch"},{"floor":14.0,"key":"CeramicFish"},{"floor":24.0,"key":"CloakClasp"},{"floor":26.0,"key":"Strawberry"},{"floor":27.0,"key":"reliquary:Stiletto"},{"floor":28,"key":"Red Mask"},{"floor":30,"key":"Happy Flower"},{"floor":40,"key":"Frozen Egg 2"},{"floor":42,"key":"Incense Burner"},{"floor":43,"key":"reliquary:QuartzCube"},{"floor":48,"key":"Damaru"}],"event_choices":[{"damage_healed":0.0,"max_hp_gain":0.0,"max_hp_loss":0.0,"gold_gain":0.0,"event_name":"Upgrade Shrine","player_choice":"Upgraded","floor":3.0,"gold_loss":0.0,"damage_taken":0.0,"cards_upgraded":["EmptyBody"]},{"damage_healed":0.0,"max_hp_gain":0.0,"max_hp_loss":0.0,"gold_gain":0.0,"event_name":"Shining Light","player_choice":"Entered Light","floor":10.0,"gold_loss":0.0,"damage_taken":16.0,"cards_upgraded":["Defend_P","Defend_P"]},{"damage_healed":0.0,"max_hp_gain":0.0,"max_hp_loss":0.0,"gold_gain":0.0,"event_name":"The Joust","player_choice":"Bet on Murderer","floor":19.0,"gold_loss":50.0,"damage_taken":0.0},{"cards_removed":["Strike_P"],"damage_healed":0.0,"max_hp_gain":0.0,"max_hp_loss":0.0,"gold_gain":0.0,"event_name":"Back to Basics","player_choice":"Elegance","floor":22.0,"gold_loss":0.0,"damage_taken":0.0},{"damage_healed":0,"gold_gain":0,"player_choice":"Fought Bandits","damage_taken":0,"max_hp_gain":0,"max_hp_loss":0,"event_name":"Masked Bandits","floor":28,"gold_loss":0},{"damage_healed":0,"gold_gain":0,"player_choice":"Bought 0 Potions","damage_taken":0,"max_hp_gain":0,"max_hp_loss":0,"event_name":"The Woman in Blue","floor":36,"gold_loss":0},{"damage_healed":0,"gold_gain":0,"player_choice":"Memory 1","damage_taken":0,"max_hp_gain":0,"max_hp_loss":0,"event_name":"SensoryStone","floor":39,"gold_loss":0}],"is_beta":false,"boss_relics":[{"not_picked":["reliquary:KinkedSpring","reliquary:RedCape"],"picked":"Sozu"},{"not_picked":["SacredBark","Runic Dome"],"picked":"reliquary:Ember"}],"items_purged_floors":[7],"is_endless":false,"potions_floor_spawned":[1,4,6,8,12,20,24,27,30,31,35,40,42,44,48],"ascension_level":8}}