{"host":"oopoa2qluour3scl","time":1612607519,"event":{"mods":["2.2 Compatiblity","AchievementEnabler","AlwaysNeverKeys","BaseMod","Better Match","Better Note","Better Sensory Stone","Better Third Choice","Better Vampires","BetterRewards","Colored Powertips","Communication Mod","Minty Spire (QoL Compilation)","Practice Mode","Random Character Button","Relic Stats","StSLib","SuperFastMode","Swap Starting Deck Mod"],"gold_per_floor":[119,133,148,148,148,180,180,197,222,233,268,281,281,314,314,414,414,431,445,108,126,140,171,171,201,280,296,296,296,296,323,323,425,425,444,444,373,373,452,480,495,521,566,583,583,596,596,596,596,596,596,596,88,119,119,119],"floor_reached":55,"language":"ENG","playtime":2574,"items_purged":["Decay"],"score":980,"play_id":"13d9f047-6db5-4bf4-a145-f9b892b874ce","local_time":"20210206113159","is_ascension_mode":false,"campfire_choices":[{"data":"Prostrate","floor":7,"key":"SMITH"},{"data":"Study","floor":13,"key":"SMITH"},{"data":"Scrawl","floor":15,"key":"SMITH"},{"data":"Devotion","floor":24,"key":"SMITH"},{"floor":32,"key":"REST"},{"data":"DevaForm","floor":45,"key":"SMITH"},{"data":"Devotion","floor":47,"key":"SMITH"},{"data":"DeusExMachina","floor":49,"key":"SMITH"},{"data":"Prostrate","floor":52,"key":"SMITH"}],"circlet_count":0,"master_deck":["ReachHeaven+1","ReachHeaven","ReachHeaven+1","Prostrate+1","Prostrate+1","Prostrate","Prostrate","Pray","BattleHymn+1","WheelKick","DeusExMachina+1","Study+1","Scrawl+1","Wish","Perseverance","Sanctity","LessonLearned","Collect","Devotion+1","Devotion+1","DevaForm+1","Perseverance+1","CrushJoints+1","Devotion+1","JustLucky+1","Meditate+1","Madness+1","Madness+1","Vault+1","CutThroughFate+1","Judgement+1","Injury","Prostrate+1","Scrawl+1","SandsOfTime","Finesse+1","Thinking Ahead+1"],"relics":["PureWater","Bag of Marbles","Oddly Smooth Stone","Anchor","Question Card","Cursed Key","FossilizedHelix","Turnip","Boot","Toxic Egg 2","Dead Branch","Astrolabe","StrikeDummy","Smiling Mask","Sundial","Whetstone","Membership Card","Bag of Preparation","Ginger"],"acts_visited":["Exordium","TheCity","TheBeyond","TheEnding"],"potions_floor_usage":[23,35,44,44,50],"damage_taken":[{"damage":0,"enemies":"Small Slimes","floor":1,"turns":2},{"damage":0,"enemies":"Cultist","floor":2,"turns":2},{"damage":1,"enemies":"2 Louse","floor":3,"turns":2},{"damage":0,"enemies":"Lagavulin","floor":6,"turns":3},{"damage":0,"enemies":"Large Slime","floor":8,"turns":2},{"damage":2,"enemies":"2 Fungi Beasts","floor":10,"turns":2},{"damage":4,"enemies":"3 Sentries","floor":11,"turns":3},{"damage":0,"enemies":"Blue Slaver","floor":12,"turns":3},{"damage":0,"enemies":"Lagavulin","floor":14,"turns":4},{"damage":1,"enemies":"The Guardian","floor":16,"turns":4},{"damage":4,"enemies":"3 Byrds","floor":18,"turns":3},{"damage":0,"enemies":"Shell Parasite","floor":19,"turns":4},{"damage":0,"enemies":"Snecko","floor":21,"turns":2},{"damage":0,"enemies":"Snake Plant","floor":22,"turns":4},{"damage":15,"enemies":"Gremlin Leader","floor":23,"turns":4},{"damage":20,"enemies":"Slavers","floor":25,"turns":4},{"damage":3,"enemies":"Centurion and Healer","floor":27,"turns":3},{"damage":0,"enemies":"Book of Stabbing","floor":31,"turns":3},{"damage":0,"enemies":"Champ","floor":33,"turns":5},{"damage":0,"enemies":"3 Shapes","floor":35,"turns":3},{"damage":6,"enemies":"Nemesis","floor":40,"turns":3},{"damage":0,"enemies":"Orb Walker","floor":41,"turns":3},{"damage":0,"enemies":"Reptomancer","floor":42,"turns":3},{"damage":0,"enemies":"Jaw Worm Horde","floor":44,"turns":3},{"damage":0,"enemies":"Transient","floor":46,"turns":6},{"damage":27,"enemies":"Time Eater","floor":50,"turns":6},{"damage":30,"enemies":"Shield and Spear","floor":54,"turns":4},{"damage":65,"enemies":"The Heart","floor":55,"turns":3}],"seed_played":"2730752746304543242","potions_obtained":[{"floor":3,"key":"EssenceOfSteel"},{"floor":8,"key":"EssenceOfSteel"},{"floor":11,"key":"BlessingOfTheForge"},{"floor":12,"key":"Energy Potion"},{"floor":21,"key":"Block Potion"},{"floor":25,"key":"FearPotion"},{"floor":41,"key":"BlessingOfTheForge"},{"floor":42,"key":"Energy Potion"}],"is_trial":false,"path_per_floor":["M","M","M","?","$","E","R","M","T","M","E","M","R","E","R","B",null,"M","M","$","M","M","E","R","E","T","M","?","?","?","E","R","B",null,"M","?","$","?","T","E","M","E","T","M","R","M","R","?","R","B",null,"R","$","E","B"],"character_chosen":"WATCHER","items_purchased":["FossilizedHelix","Sanctity","Meditate+1","Membership Card","Scrawl+1","SandsOfTime","Finesse+1","Swift Potion","Bag of Preparation","Thinking Ahead+1"],"campfire_rested":1,"item_purchase_floors":[20,20,37,53,53,53,53,53,53,53],"current_hp_per_floor":[54,54,53,53,53,53,53,53,53,51,47,47,47,47,47,46,54,50,50,50,50,50,35,35,15,15,12,12,7,7,7,23,23,54,54,54,54,47,47,41,41,41,41,41,41,41,41,41,41,14,54,54,54,24,0,0],"gold":119,"neow_bonus":"","is_daily":false,"chose_seed":false,"campfire_upgraded":8,"win_rate":0.0,"timestamp":1612607519,"path_taken":["M","M","M","?","$","E","R","M","T","M","E","M","R","E","R","BOSS","M","M","$","M","M","E","R","E","T","?","?","?","?","E","R","BOSS","M","?","$","?","?","E","M","E","T","M","R","M","R","?","R","BOSS","R","$","E","BOSS"],"items_purchased_type":["Relic","Card","Card","Relic","Card","Card","Card","Potion","Relic","Card"],"build_version":"2020-12-22","purchased_purges":1,"victory":false,"max_hp_per_floor":[54,54,54,54,54,54,54,54,54,54,54,54,54,54,54,54,54,54,54,54,54,54,54,54,54,54,54,54,54,54,54,54,54,54,54,54,54,54,54,54,54,54,54,54,54,54,54,54,54,54,54,54,54,54,54,54],"relic_stats":{"counters":[74,262],"Dead Branch":[110],"Astrolabe":["Perseverance","CrushJoints","Devotion"],"Bag of Preparation":[6],"Whetstone":["ReachHeaven","ReachHeaven"],"Ginger":[2],"Question Card":17,"Cursed Key":3,"Boot":[11],"Smiling Mask":-12,"Sundial":[0],"Turnip":[4],"obtain_stats":[{"Regal Pillow":0,"Singing Bowl":25,"CeramicFish":48,"Vajra":28,"Bag of Preparation":53,"Whetstone":26,"Ginger":54,"Bottled Tornado":43,"Sling":20,"Cursed Key":17,"Boot":25,"Smiling Mask":40,"Sozu":0,"Nunchaku":53,"HornCleat":30,"Mummified Hand":0,"Sundial":42,"Pantograph":0,"Toxic Egg 2":26,"Cracked Core":0,"Girya":37,"Golden Idol":0,"Dead Branch":31,"Astrolabe":34,"Oddly Smooth Stone":9,"Letter Opener":24,"Frozen Egg 2":23,"Question Card":38,"GoldenEye":8,"Cables":0,"DataDisk":40,"Bottled Flame":10,"Anchor":11,"Shuriken":38,"Bronze Scales":0,"Bird Faced Urn":9,"Snecko Eye":17,"Molten Egg 2":26,"Turnip":23,"Coffee Dripper":34,"Bag of Marbles":6,"Bottled Lightning":54,"Membership Card":53,"StrikeDummy":6,"Toy Ornithopter":23,"FossilizedHelix":20,"Pocketwatch":6},{"Regal Pillow":33,"Singing Bowl":19,"CeramicFish":30,"Vajra":20,"Bag of Preparation":72,"Whetstone":4,"Ginger":73,"Bottled Tornado":28,"Sling":43,"Cursed Key":56,"Boot":62,"Smiling Mask":67,"Sozu":0,"Nunchaku":31,"HornCleat":21,"Mummified Hand":0,"Sundial":69,"Pantograph":0,"Toxic Egg 2":62,"Cracked Core":0,"Girya":25,"Golden Idol":0,"Dead Branch":64,"Astrolabe":65,"Oddly Smooth Stone":51,"Letter Opener":45,"Frozen Egg 2":17,"Question Card":25,"GoldenEye":38,"Cables":0,"DataDisk":27,"Bottled Flame":39,"Anchor":53,"Shuriken":25,"Bronze Scales":0,"Bird Faced Urn":9,"Snecko Eye":42,"Molten Egg 2":19,"Turnip":61,"Coffee Dripper":23,"Bag of Marbles":50,"Bottled Lightning":32,"Membership Card":72,"StrikeDummy":37,"Toy Ornithopter":3,"FossilizedHelix":58,"Pocketwatch":9},{"Regal Pillow":102,"Singing Bowl":61,"CeramicFish":94,"Vajra":64,"Bag of Preparation":255,"Whetstone":18,"Ginger":259,"Bottled Tornado":90,"Sling":156,"Cursed Key":196,"Boot":217,"Smiling Mask":234,"Sozu":0,"Nunchaku":96,"HornCleat":66,"Mummified Hand":0,"Sundial":240,"Pantograph":0,"Toxic Egg 2":217,"Cracked Core":0,"Girya":81,"Golden Idol":0,"Dead Branch":223,"Astrolabe":228,"Oddly Smooth Stone":180,"Letter Opener":167,"Frozen Egg 2":54,"Question Card":81,"GoldenEye":124,"Cables":0,"DataDisk":86,"Bottled Flame":133,"Anchor":185,"Shuriken":81,"Bronze Scales":0,"Bird Faced Urn":31,"Snecko Eye":150,"Molten Egg 2":61,"Turnip":213,"Coffee Dripper":73,"Bag of Marbles":178,"Bottled Lightning":99,"Membership Card":255,"StrikeDummy":121,"Toy Ornithopter":14,"FossilizedHelix":203,"Pocketwatch":31}]},"card_choices":[{"not_picked":["Prostrate","ForeignInfluence"],"picked":"BattleHymn","floor":1},{"not_picked":["DeceiveReality","BowlingBash","EmptyBody"],"picked":"SKIP","floor":2},{"not_picked":["BowlingBash","EmptyBody"],"picked":"DeceiveReality","floor":2},{"not_picked":["FlyingSleeves","WaveOfTheHand"],"picked":"Protect","floor":3},{"not_picked":["PathToVictory","Evaluate","EmptyFist"],"picked":"SKIP","floor":6},{"not_picked":["Indignation","Halt"],"picked":"WheelKick","floor":8},{"not_picked":["Prostrate","FollowUp"],"picked":"DeusExMachina","floor":10},{"not_picked":["Crescendo","EmptyBody"],"picked":"Study","floor":11},{"not_picked":["Protect","ForeignInfluence","Halt"],"picked":"SKIP","floor":12},{"not_picked":["FlurryOfBlows","WheelKick"],"picked":"Scrawl","floor":14},{"not_picked":["Omniscience","DeusExMachina","Ragnarok"],"picked":"Wish","floor":16},{"not_picked":["Crescendo","PathToVictory","Indignation+1"],"picked":"BattleHymn","floor":18},{"not_picked":["CrushJoints","ClearTheMind","MentalFortress+1"],"picked":"Perseverance","floor":19},{"not_picked":["FlurryOfBlows","PathToVictory","Halt"],"picked":"LessonLearned","floor":21},{"not_picked":["Halt","EmptyBody+1","ThirdEye"],"picked":"Collect","floor":22},{"not_picked":["CutThroughFate+1","FollowUp","Study+1"],"picked":"Devotion","floor":23},{"not_picked":["CrushJoints","Evaluate","Weave","BowlingBash"],"picked":"SKIP","floor":25},{"not_picked":["JustLucky","BowlingBash","Weave","CutThroughFate"],"picked":"SKIP","floor":27},{"not_picked":["FlurryOfBlows","Ragnarok","FlyingSleeves"],"picked":"Devotion","floor":31},{"not_picked":["SpiritShield+1","DeusExMachina+1","Ragnarok"],"picked":"DevaForm","floor":33},{"not_picked":["BattleHymn+1","Crescendo+1","FlyingSleeves+1"],"picked":"JustLucky+1","floor":35},{"not_picked":["FlyingSleeves+1","PathToVictory+1","Judgement+1"],"picked":"Vault+1","floor":40},{"not_picked":["PathToVictory+1","Evaluate+1","ReachHeaven+1"],"picked":"CutThroughFate+1","floor":41},{"not_picked":["ClearTheMind+1","JustLucky","Collect+1"],"picked":"Judgement+1","floor":42},{"not_picked":["Crescendo+1","Consecrate+1","PathToVictory+1","BowlingBash+1"],"picked":"SKIP","floor":44},{"not_picked":["SashWhip","InnerPeace+1","Evaluate+1"],"picked":"Prostrate+1","floor":46},{"not_picked":["LessonLearned","SashWhip+1","BowlingBash","Collect+1"],"picked":"SKIP","floor":54}],"player_experience":460630,"relics_obtained":[{"floor":6,"key":"Bag of Marbles"},{"floor":9,"key":"Oddly Smooth Stone"},{"floor":11,"key":"Anchor"},{"floor":14,"key":"Question Card"},{"floor":23,"key":"Turnip"},{"floor":25,"key":"Boot"},{"floor":26,"key":"Toxic Egg 2"},{"floor":31,"key":"Dead Branch"},{"floor":39,"key":"StrikeDummy"},{"floor":40,"key":"Smiling Mask"},{"floor":42,"key":"Sundial"},{"floor":43,"key":"Whetstone"},{"floor":54,"key":"Ginger"}],"event_choices":[{"damage_healed":0,"gold_gain":0,"player_choice":"Upgraded","damage_taken":0,"max_hp_gain":0,"max_hp_loss":0,"event_name":"Upgrade Shrine","floor":4,"gold_loss":0,"cards_upgraded":["BattleHymn"]},{"cards_removed":["Pain"],"damage_healed":0,"gold_gain":0,"player_choice":"Removed Curses","damage_taken":0,"max_hp_gain":0,"max_hp_loss":0,"event_name":"Fountain of Cleansing","floor":28,"gold_loss":0},{"damage_healed":0,"gold_gain":0,"player_choice":"Damaged","damage_taken":5,"max_hp_gain":0,"max_hp_loss":0,"event_name":"Wheel of Change","floor":29,"gold_loss":0},{"cards_removed":["Protect"],"damage_healed":0,"gold_gain":0,"player_choice":"Purged","damage_taken":0,"max_hp_gain":0,"max_hp_loss":0,"event_name":"Purifier","floor":30,"gold_loss":0},{"cards_removed":["BattleHymn"],"damage_healed":0,"gold_gain":0,"player_choice":"Removed Power","damage_taken":0,"max_hp_gain":0,"max_hp_loss":0,"event_name":"Falling","floor":36,"gold_loss":0},{"damage_healed":0,"gold_gain":0,"player_choice":"Embrace Madness","damage_taken":7,"max_hp_gain":0,"max_hp_loss":0,"event_name":"Winding Halls","floor":38,"gold_loss":0,"cards_obtained":["Madness","Madness"]},{"damage_healed":0,"gold_gain":0,"player_choice":"Ignored","damage_taken":0,"max_hp_gain":0,"max_hp_loss":0,"event_name":"Tomb of Lord Red Mask","floor":48,"gold_loss":0}],"is_beta":false,"boss_relics":[{"not_picked":["SacredBark","SlaversCollar"],"picked":"Cursed Key"},{"not_picked":["Velvet Choker","VioletLotus"],"picked":"Astrolabe"}],"items_purged_floors":[53],"is_endless":false,"potions_floor_spawned":[3,8,11,12,21,25,27,33,41,42],"killed_by":"The Heart","ascension_level":0}}