{"host":"oehe2dxjvdgux73m","time":1612621217,"event":{"mods":["AchievementEnabler","BaseMod","Colored Map","Colored Powertips","DeckTracker","Keyboard Shortcuts","Minty Spire (QoL Compilation)","Permanent Neow","Quick Restart","StSLib","SuperFastMode"],"gold_per_floor":[118,39,58,75,75,75,103,27,54,70,70,0,0,13,13,13,13],"floor_reached":16,"language":"KOR","playtime":421,"items_purged":[],"score":200,"play_id":"b45678bc-e058-476c-8df9-fb2a2bd43c95","local_time":"20210206232017","is_ascension_mode":true,"campfire_choices":[{"data":"Flechettes","floor":6.0,"key":"SMITH"},{"data":"Bullet Time","floor":11.0,"key":"SMITH"},{"floor":13.0,"key":"REST"},{"data":"Neutralize","floor":15.0,"key":"SMITH"}],"circlet_count":0,"master_deck":["AscendersBane","Strike_G","Strike_G","Strike_G","Defend_G","Defend_G","Defend_G","Defend_G","Defend_G","Survivor","Neutralize+1","Catalyst","Backflip","Acrobatics","Flechettes+1","Dagger Spray","Bullet Time+1","Backflip","Reflex"],"relics":["Ring of the Snake","MealTicket","Omamori"],"acts_visited":["Exordium"],"potions_floor_usage":[16],"damage_taken":[{"damage":2.0,"enemies":"2 Louse","floor":1.0,"turns":3.0},{"damage":6.0,"enemies":"Cultist","floor":3.0,"turns":5.0},{"damage":1.0,"enemies":"Jaw Worm","floor":4.0,"turns":4.0},{"damage":47.0,"enemies":"3 Sentries","floor":7.0,"turns":17.0},{"damage":10.0,"enemies":"Red Slaver","floor":10.0,"turns":4.0},{"damage":1.0,"enemies":"Looter","floor":14.0,"turns":4.0},{"damage":33,"enemies":"Hexaghost","floor":16,"turns":10}],"seed_played":"-5235208479284841364","potions_obtained":[{"floor":3.0,"key":"Fruit Juice"},{"floor":14.0,"key":"Poison Potion"}],"is_trial":false,"path_per_floor":["M","$","M","M","?","R","E","$","T","M","R","?","R","M","R","B"],"character_chosen":"THE_SILENT","items_purchased":["Backflip","Acrobatics","Bullet Time"],"campfire_rested":1,"item_purchase_floors":[2,2,8],"current_hp_per_floor":[57,57,51,50,50,50,8,23,23,13,13,13,32,31,31,0,0],"gold":13,"neow_bonus":"REMOVE_TWO","is_daily":false,"chose_seed":false,"campfire_upgraded":3,"win_rate":0.0,"timestamp":1612621217,"path_taken":["M","$","M","M","?","R","E","?","T","M","R","?","R","M","R","BOSS"],"items_purchased_type":["Card","Card","Card"],"build_version":"2020-12-22","purchased_purges":0,"victory":false,"max_hp_per_floor":[60,60,60,60,60,60,65,65,65,65,65,65,65,65,65,65,65],"card_choices":[{"not_picked":["Deflect","Underhanded Strike"],"picked":"Catalyst","floor":1.0},{"not_picked":["Accuracy","Leg Sweep","Dodge and Roll"],"picked":"SKIP","floor":3.0},{"not_picked":["Cloak And Dagger","Backflip"],"picked":"Flechettes","floor":4.0},{"not_picked":["Deflect","Blade Dance"],"picked":"Dagger Spray","floor":7.0},{"not_picked":["Catalyst","Dodge and Roll"],"picked":"Backflip","floor":10.0},{"not_picked":["Bane","Prepared"],"picked":"Reflex","floor":14.0}],"player_experience":391490,"relics_obtained":[{"floor":7.0,"key":"MealTicket"}],"event_choices":[{"damage_healed":0.0,"max_hp_gain":0.0,"max_hp_loss":0.0,"gold_gain":0.0,"event_name":"Match and Keep!","player_choice":"0 cards matched","floor":5.0,"gold_loss":0.0,"damage_taken":0.0,"cards_obtained":[]},{"damage_healed":0.0,"max_hp_gain":0.0,"max_hp_loss":0.0,"gold_gain":0.0,"event_name":"WeMeetAgain","player_choice":"Paid Gold","floor":12.0,"gold_loss":70.0,"damage_taken":0.0,"relics_obtained":["Omamori"]}],"is_beta":false,"boss_relics":[],"items_purged_floors":[],"is_endless":false,"potions_floor_spawned":[3,14],"killed_by":"Hexaghost","ascension_level":20}}