{"host":"plbsiuh3vwan8ocg","time":1612578964,"event":{"mods":["BaseMod","Downfall","Minty Spire (QoL Compilation)","Quick Restart","StSLib"],"gold_per_floor":[99,119,104,124,299,284,284,313,325,350,162,186,198,239,271,379,391,303,329,341,353,33,33,33,45,64,64,64,84,118,136,153,249,249,249,262,281,281,18,38,38,38,53,66,66,66,66,66],"floor_reached":46,"language":"ENG","playtime":5468,"items_purged":["Doubt"],"score":527,"play_id":"ba0aeb00-8f1f-4826-b039-799d67503315","local_time":"20210205213604","is_ascension_mode":false,"campfire_choices":[{"floor":1.0,"key":"RECALL"},{"floor":11.0,"key":"REST"},{"data":"champ:Improvising","floor":13.0,"key":"SMITH"},{"data":"champ:GladiatorForm","floor":18.0,"key":"SMITH"},{"data":"champ:PerfectedStrike","floor":23.0,"key":"SMITH"},{"floor":28.0,"key":"REST"},{"data":"champ:StrikeOfGenius","floor":35.0,"key":"SMITH"}],"circlet_count":0,"master_deck":["champ:Strike","champ:Strike","champ:Strike","champ:Defend","champ:Defend","champ:Defend","champ:Defend","champ:Execute","champ:Taunt","champ:TripleStrike+1","champ:CrownThrow","champ:CalledShot","champ:GutPunch","champ:TripleStrike","champ:FocusedBerserking","champ:Haymaker","champ:Improvising+1","champ:PerfectedStrike+1","champ:Parry","champ:GladiatorForm+1","champ:Circumvent+1","champ:FalseCounter","champ:BladeFlurry","champ:FanOfKnives","RitualDagger","champ:ViciousMockery","champ:StanceDance","champ:EnGarde","champ:DefensiveShout","champ:StrikeOfGenius+1","champ:Duel+1","champ:PreemptiveStrike","champ:IronFortress+1","champ:UltimateStance","champ:TornadoPunch","downfall:Malfunctioning","champ:Haymaker+1","champ:BladeFlurry+1","expansioncontent:AwakenDeath","expansioncontent:InvincibleStrength"],"relics":["champ:ChampionCrown","MawBank","downfall:HeartBlessingRed","downfall:HeartBlessingBlue","FossilizedHelix","Cursed Key","downfall:HeartBlessingGreen","Pocketwatch","champ:BerserkersGuideToSlaughter","White Beast Statue","Lantern","Matryoshka","SacredBark","champ:GladiatorsBookOfMartialProwess","OrangePellets","Ancient Tea Set","Darkstone Periapt"],"acts_visited":["Exordium","TheCity","TheBeyond"],"potions_floor_usage":[44],"damage_taken":[{"damage":25.0,"enemies":"Cultist","floor":2.0,"turns":2.0},{"damage":45.0,"enemies":"downfall:FleeingMerchant","floor":3.0,"turns":4.0},{"damage":16.0,"enemies":"Jaw Worm","floor":4.0,"turns":3.0},{"damage":15.0,"enemies":"downfall:FleeingMerchant","floor":6.0,"turns":4.0},{"damage":71.0,"enemies":"Lagavulin","floor":8.0,"turns":5.0},{"damage":18.0,"enemies":"2 Louse","floor":10.0,"turns":2.0},{"damage":21.0,"enemies":"Lots of Slimes","floor":12.0,"turns":3.0},{"damage":54.0,"enemies":"Gremlin Nob","floor":14.0,"turns":5.0},{"damage":9.0,"enemies":"Blue Slaver","floor":15.0,"turns":3.0},{"damage":75.0,"enemies":"IC_STATUS_ARCHETYPE","floor":16.0,"turns":7.0},{"damage":31.0,"enemies":"3 Byrds","floor":19.0,"turns":6.0},{"damage":22.0,"enemies":"downfall:FleeingMerchant","floor":22.0,"turns":4.0},{"damage":26.0,"enemies":"Shelled Parasite and Fungi","floor":25.0,"turns":3.0},{"damage":10.0,"enemies":"Sentry and Sphere","floor":26.0,"turns":4.0},{"damage":22.0,"enemies":"3 Cultists","floor":29.0,"turns":3.0},{"damage":13.0,"enemies":"Book of Stabbing","floor":30.0,"turns":4.0},{"damage":27.0,"enemies":"Shelled Parasite and Fungi","floor":31.0,"turns":5.0},{"damage":5.0,"enemies":"Centurion and Healer","floor":32.0,"turns":4.0},{"damage":37.0,"enemies":"WA_ARCHETYPE_CALM","floor":33.0,"turns":8.0},{"damage":35.0,"enemies":"3 Darklings","floor":36.0,"turns":4.0},{"damage":18.0,"enemies":"Orb Walker","floor":37.0,"turns":4.0},{"damage":16.0,"enemies":"downfall:FleeingMerchant","floor":39.0,"turns":4.0},{"damage":31.0,"enemies":"Transient","floor":40.0,"turns":5.0},{"damage":5.0,"enemies":"Sphere and 2 Shapes","floor":43.0,"turns":5.0},{"damage":0,"enemies":"Jaw Worm Horde","floor":44,"turns":4},{"damage":27,"enemies":"3 Darklings","floor":46,"turns":2}],"seed_played":"8036537851022756226","potions_obtained":[{"floor":2.0,"key":"GamblersBrew"},{"floor":4.0,"key":"LiquidMemories"},{"floor":10.0,"key":"FairyPotion"},{"floor":16.0,"key":"champ:CounterPotion"},{"floor":19.0,"key":"SteroidPotion"},{"floor":25.0,"key":"LiquidBronze"},{"floor":26.0,"key":"SkillPotion"},{"floor":29.0,"key":"hexamod:SoulburnPotion"},{"floor":30.0,"key":"Fire Potion"},{"floor":31.0,"key":"PowerPotion"},{"floor":32.0,"key":"SpeedPotion"},{"floor":33.0,"key":"Explosive Potion"},{"floor":36.0,"key":"SkillPotion"},{"floor":37.0,"key":"ColorlessPotion"},{"floor":39.0,"key":"hexamod:SoulburnPotion"},{"floor":40.0,"key":"Guardian:BlockOnCardUsePotion"},{"floor":43.0,"key":"Strength Potion"},{"floor":44,"key":"champ:TechniquePotion"}],"is_trial":false,"path_per_floor":["R","M","$","M","?","$","T","E","?","M","R","M","R","E","M","B",null,"R","M","?","?","$","R","T","M","M","?","R","M","E","M","M","B",null,"R","M","M","?","$","M","T","?","M","M","?","M"],"character_chosen":"THE_CHAMP","items_purchased":["White Beast Statue","champ:GladiatorsBookOfMartialProwess","champ:UltimateStance","OrangePellets"],"campfire_rested":2,"item_purchase_floors":[22,39,39,39],"current_hp_per_floor":[90,90,90,84,84,79,79,53,53,50,90,84,84,55,51,65,100,100,94,94,94,92,92,92,86,76,70,100,88,75,58,63,56,100,100,65,47,47,36,25,25,20,20,30,25,0,0,0],"gold":66,"neow_bonus":"TRANSFORM_CARD","is_daily":false,"chose_seed":false,"campfire_upgraded":4,"win_rate":0.0,"timestamp":1612578964,"path_taken":["R","M","$","?","?","?","T","E","?","M","R","?","R","E","M","BOSS","R","M","?","?","?","R","T","?","M","?","R","M","E","M","M","BOSS","R","M","M","?","$","?","T","?","?","M","?","M"],"items_purchased_type":["Relic","Relic","Card","Relic"],"build_version":"2020-12-22","purchased_purges":1,"victory":false,"max_hp_per_floor":[90,90,90,90,90,90,90,90,90,90,100,100,100,100,100,100,100,100,100,100,100,100,100,100,100,100,100,100,100,100,100,100,100,100,100,100,100,100,100,100,100,100,100,100,100,100,100,100],"card_choices":[{"not_picked":["champ:HeartStrike","champ:Haymaker"],"picked":"champ:CrownThrow","floor":2.0},{"not_picked":["champ:PerfectedStrike","champ:TornadoPunch"],"picked":"champ:CalledShot","floor":3.0},{"not_picked":["champ:PreciseThrust","champ:Duel"],"picked":"champ:GutPunch","floor":4.0},{"not_picked":["champ:DeathBlow","champ:FanOfKnives"],"picked":"champ:TripleStrike","floor":6.0},{"not_picked":["champ:PreciseThrust","champ:EnragedBash"],"picked":"champ:FocusedBerserking","floor":8.0},{"not_picked":["champ:FocusedBerserking","champ:DeathBlow"],"picked":"champ:Haymaker","floor":10.0},{"not_picked":["champ:FancyFootwork","champ:Duel"],"picked":"champ:Improvising","floor":12.0},{"not_picked":["champ:HeartStrike","champ:FanOfKnives"],"picked":"champ:PerfectedStrike","floor":14.0},{"not_picked":["champ:Shatter","champ:Backstep"],"picked":"champ:Parry","floor":15.0},{"not_picked":["champ:VampiricStrike","champ:SteelEdge"],"picked":"champ:GladiatorForm","floor":16.0},{"not_picked":["champ:Haymaker+1","champ:Backstep"],"picked":"champ:Circumvent+1","floor":19.0},{"not_picked":["champ:BringItOn","champ:Backstep+1"],"picked":"champ:FalseCounter","floor":22.0},{"not_picked":["champ:PerfectedStrike","champ:Endure+1"],"picked":"champ:BladeFlurry","floor":25.0},{"not_picked":["champ:RecklessLeap","champ:Circumvent"],"picked":"champ:FanOfKnives","floor":26.0},{"not_picked":["champ:Backstep","champ:FlashCut"],"picked":"champ:ViciousMockery","floor":29.0},{"not_picked":["champ:Devastate","champ:PerfectedStrike"],"picked":"champ:StanceDance","floor":30.0},{"not_picked":["champ:Parry","champ:BerserkersShout"],"picked":"champ:EnGarde","floor":31.0},{"not_picked":["champ:EnGarde","champ:CrookedStrike"],"picked":"champ:DefensiveShout","floor":32.0},{"not_picked":["champ:HeavySlash","champ:DancingMaster"],"picked":"champ:StrikeOfGenius","floor":33.0},{"not_picked":["champ:StanceDance","champ:PerfectedStrike"],"picked":"champ:Duel+1","floor":36.0},{"not_picked":["champ:BerserkersShout","champ:FocusedBerserking"],"picked":"champ:PreemptiveStrike","floor":37.0},{"not_picked":["champ:StanceDance","champ:CalledShot"],"picked":"champ:IronFortress+1","floor":39.0},{"not_picked":["champ:IronFortress","champ:FocusedDefense+1"],"picked":"champ:TornadoPunch","floor":40.0},{"not_picked":["champ:PreciseThrust+1","champ:TornadoPunch+1"],"picked":"champ:Haymaker+1","floor":43.0},{"not_picked":["champ:Haymaker+1","champ:FanOfKnives+1"],"picked":"champ:BladeFlurry+1","floor":44},{"not_picked":["expansioncontent:YouAreMine","expansioncontent:Hexaburn"],"picked":"expansioncontent:AwakenDeath","floor":45},{"not_picked":["expansioncontent:GuardianWhirl","expansioncontent:AwakenDeath"],"picked":"expansioncontent:InvincibleStrength","floor":45}],"player_experience":510999,"relics_obtained":[{"floor":8.0,"key":"MawBank"},{"floor":14.0,"key":"FossilizedHelix"},{"floor":24.0,"key":"Lantern"},{"floor":30.0,"key":"Matryoshka"},{"floor":41.0,"key":"Ancient Tea Set"},{"floor":41.0,"key":"Darkstone Periapt"}],"event_choices":[{"damage_healed":0.0,"max_hp_gain":0.0,"max_hp_loss":0.0,"gold_gain":0.0,"event_name":"Accursed Blacksmith","player_choice":"Forge","floor":9.0,"gold_loss":0.0,"damage_taken":0.0,"cards_upgraded":["champ:TripleStrike"]}],"is_beta":false,"boss_relics":[{"not_picked":["Astrolabe","Pandora\u0027s Box"],"picked":"Cursed Key"},{"not_picked":["Busted Crown","Coffee Dripper"],"picked":"SacredBark"}],"items_purged_floors":[22],"is_endless":false,"potions_floor_spawned":[2,4,10,16,19,25,26,29,30,31,32,33,36,37,39,40,43,44],"killed_by":"3 Darklings","ascension_level":0}}