{"host":"v86vpwf004p2esb7","time":1612597065,"event":{"mods":["AchievementEnabler","BaseMod","BetterRewards","Colored Powertips","Minty Spire (QoL Compilation)","Quick Restart","StSLib","Transform Curses"],"gold_per_floor":[116,127,92,106,106,106,138,149,176,206,222,249,249,263,263,363,363,376,390,390,390,390,390],"floor_reached":22,"language":"ENG","playtime":1178,"items_purged":[],"score":227,"play_id":"b10604b6-ecba-4484-83a9-ff3cc80d282d","local_time":"20210205233745","is_ascension_mode":true,"campfire_choices":[{"data":"Phantasmal Killer","floor":6,"key":"SMITH"},{"floor":13,"key":"REST"},{"data":"Cloak And Dagger","floor":15,"key":"SMITH"}],"circlet_count":0,"master_deck":["Strike_G","Strike_G","Strike_G","Strike_G","Strike_G","Defend_G","Defend_G","Defend_G","Defend_G","Defend_G","Survivor","Neutralize","Footwork","Flying Knee","Prepared","Cloak And Dagger","Phantasmal Killer+1","Footwork","Cloak And Dagger+1","Accuracy","Poisoned Stab","Accuracy","Dodge and Roll","A Thousand Cuts","Dagger Throw+1","Dagger Spray"],"relics":["Ring of the Snake","Girya","Oddly Smooth Stone","Tingsha","Tiny Chest","MealTicket","Ancient Tea Set","Black Star","MutagenicStrength"],"acts_visited":["Exordium","TheCity"],"potions_floor_usage":[12,18,18],"damage_taken":[{"damage":0,"enemies":"2 Louse","floor":1,"turns":4},{"damage":0,"enemies":"Small Slimes","floor":2,"turns":3},{"damage":2,"enemies":"Cultist","floor":4,"turns":4},{"damage":18,"enemies":"Lagavulin","floor":7,"turns":8},{"damage":11,"enemies":"Large Slime","floor":8,"turns":6},{"damage":5,"enemies":"3 Sentries","floor":10,"turns":9},{"damage":0,"enemies":"Looter","floor":11,"turns":2},{"damage":8,"enemies":"Lagavulin","floor":12,"turns":7},{"damage":4,"enemies":"2 Fungi Beasts","floor":14,"turns":3},{"damage":3,"enemies":"Hexaghost","floor":16,"turns":13},{"damage":29,"enemies":"Spheric Guardian","floor":18,"turns":6},{"damage":36,"enemies":"3 Byrds","floor":19,"turns":7},{"damage":6,"enemies":"Snecko","floor":22,"turns":3}],"seed_played":"-3266731616931109698","potions_obtained":[{"floor":7,"key":"DistilledChaos"},{"floor":10,"key":"GamblersBrew"},{"floor":12,"key":"FearPotion"},{"floor":16,"key":"Swift Potion"},{"floor":19,"key":"DuplicationPotion"}],"is_trial":false,"path_per_floor":["M","M","?","M","?","R","E","M","T","E","M","E","R","M","R","B",null,"M","M","?","?","M"],"character_chosen":"THE_SILENT","items_purchased":["Footwork","Oddly Smooth Stone","Flying Knee"],"campfire_rested":1,"item_purchase_floors":[0,0,0],"current_hp_per_floor":[38,38,55,53,53,53,35,24,24,19,19,11,32,28,28,25,70,41,5,5,5,0,0],"gold":390,"neow_bonus":"","is_daily":false,"chose_seed":false,"campfire_upgraded":2,"win_rate":0.0,"timestamp":1612597065,"path_taken":["M","M","?","M","?","R","E","M","T","E","?","E","R","M","R","BOSS","M","M","?","?","M"],"items_purchased_type":["Card","Relic","Card"],"build_version":"2020-12-22","purchased_purges":0,"victory":false,"max_hp_per_floor":[70,70,70,70,70,70,70,70,70,70,70,70,70,70,70,70,70,70,70,70,70,70,70],"card_choices":[{"not_picked":["Deflect","Dash"],"picked":"Prepared","floor":1},{"not_picked":["Outmaneuver","Finisher"],"picked":"Cloak And Dagger","floor":2},{"not_picked":["Dagger Spray","Finisher"],"picked":"Phantasmal Killer","floor":4},{"not_picked":["Adrenaline","Slice"],"picked":"Footwork","floor":7},{"not_picked":["Underhanded Strike","Sucker Punch"],"picked":"Cloak And Dagger","floor":8},{"not_picked":["Deadly Poison","Blade Dance"],"picked":"Accuracy","floor":10},{"not_picked":["Flying Knee","Terror"],"picked":"Poisoned Stab","floor":11},{"not_picked":["Dodge and Roll","Die Die Die"],"picked":"Accuracy","floor":12},{"not_picked":["Deadly Poison","Underhanded Strike"],"picked":"Dodge and Roll","floor":14},{"not_picked":["Corpse Explosion","Glass Knife"],"picked":"A Thousand Cuts","floor":16},{"not_picked":["Poisoned Stab","Sucker Punch"],"picked":"Dagger Throw+1","floor":18},{"not_picked":["Deadly Poison+1","Dash"],"picked":"Dagger Spray","floor":19}],"player_experience":270811,"relics_obtained":[{"floor":7,"key":"Tiny Chest"},{"floor":10,"key":"MealTicket"},{"floor":12,"key":"Ancient Tea Set"}],"event_choices":[{"damage_healed":17,"gold_gain":0,"player_choice":"Healed","damage_taken":0,"max_hp_gain":0,"max_hp_loss":0,"event_name":"The Cleric","floor":3,"gold_loss":35},{"damage_healed":0,"gold_gain":0,"player_choice":"Ignored","damage_taken":0,"max_hp_gain":0,"max_hp_loss":0,"event_name":"Purifier","floor":5,"gold_loss":0},{"damage_healed":0,"gold_gain":0,"player_choice":"Ignored","damage_taken":0,"max_hp_gain":0,"max_hp_loss":0,"event_name":"Beggar","floor":20,"gold_loss":0},{"damage_healed":0,"gold_gain":0,"player_choice":"Inject Mutagens","damage_taken":0,"relics_obtained":["MutagenicStrength"],"max_hp_gain":0,"max_hp_loss":0,"event_name":"Drug Dealer","floor":21,"gold_loss":0}],"is_beta":false,"boss_relics":[{"not_picked":["Philosopher\u0027s Stone","Astrolabe"],"picked":"Black Star"}],"items_purged_floors":[],"is_endless":false,"potions_floor_spawned":[7,10,12,16,19],"killed_by":"Snecko","ascension_level":2}}