{"host":"ao4lxi9bhtts409i","time":1612638727,"event":{"mods":["AchievementEnabler","BaseMod","Colored Map","Colored Powertips","Minty Spire (QoL Compilation)","SuperFastMode"],"gold_per_floor":[119,119,143,120,136,136,171,185,211,236,236,250,284,303,303,404,404,415,330,360,360,300,300,300],"floor_reached":23,"language":"ENG","playtime":634,"items_purged":[],"score":267,"play_id":"0bdba5a1-ec17-4203-b344-a6875c1cff42","local_time":"20210206201207","is_ascension_mode":true,"campfire_choices":[{"data":"Compile Driver","floor":6,"key":"SMITH"},{"data":"Core Surge","floor":11,"key":"SMITH"},{"floor":15,"key":"REST"}],"circlet_count":0,"master_deck":["Strike_B","Defend_B","Defend_B","Defend_B","Defend_B","Zap","Dualcast","Coolheaded","Compile Driver+1","Conserve Battery","Consume","Coolheaded","Core Surge+1","Chill","Sweeping Beam","Ball Lightning","Hyperbeam","Conserve Battery+1","Cold Snap+1","Necronomicurse","Self Repair","BootSequence"],"relics":["Cracked Core","NeowsBlessing","Potion Belt","Ancient Tea Set","Art of War","PreservedInsect","Bronze Scales","SlaversCollar","Boot","Red Mask","Necronomicon"],"acts_visited":["Exordium","TheCity"],"potions_floor_usage":[18,20,23],"damage_taken":[{"damage":0,"enemies":"Small Slimes","floor":1,"turns":1},{"damage":0,"enemies":"Jaw Worm","floor":5,"turns":1},{"damage":0,"enemies":"3 Sentries","floor":7,"turns":1},{"damage":0,"enemies":"Cultist","floor":8,"turns":4},{"damage":28,"enemies":"Gremlin Nob","floor":10,"turns":4},{"damage":1,"enemies":"3 Louse","floor":12,"turns":3},{"damage":2,"enemies":"Lagavulin","floor":13,"turns":5},{"damage":6,"enemies":"2 Fungi Beasts","floor":14,"turns":3},{"damage":20,"enemies":"The Guardian","floor":16,"turns":14},{"damage":25,"enemies":"2 Thieves","floor":18,"turns":3},{"damage":10,"enemies":"Masked Bandits","floor":20,"turns":3},{"damage":28,"enemies":"Book of Stabbing","floor":23,"turns":3}],"seed_played":"9151853645181311333","potions_obtained":[{"floor":5,"key":"FocusPotion"},{"floor":13,"key":"SteroidPotion"},{"floor":14,"key":"AttackPotion"},{"floor":18,"key":"Strength Potion"}],"is_trial":false,"path_per_floor":["M","?","T","$","M","R","E","M","T","E","R","M","E","M","R","B",null,"M","?","?","?","?","E"],"character_chosen":"DEFECT","items_purchased":["Compile Driver"],"campfire_rested":1,"item_purchase_floors":[4],"current_hp_per_floor":[75,68,68,68,68,68,68,68,68,40,40,39,37,31,53,33,75,50,50,40,24,24,0,0],"gold":300,"neow_bonus":"THREE_ENEMY_KILL","is_daily":false,"chose_seed":false,"campfire_upgraded":2,"win_rate":0.0,"timestamp":1612638727,"path_taken":["M","?","?","?","?","R","E","M","T","E","R","M","E","M","R","BOSS","M","?","?","?","?","E"],"items_purchased_type":["Card"],"build_version":"2020-12-22","purchased_purges":0,"victory":false,"max_hp_per_floor":[75,75,75,75,75,75,75,75,75,75,75,75,75,75,75,75,75,75,75,75,75,75,75,75],"card_choices":[{"not_picked":["Redo","Undo"],"picked":"Coolheaded","floor":1},{"not_picked":["Skim","Static Discharge"],"picked":"Conserve Battery","floor":5},{"not_picked":["Compile Driver","Darkness"],"picked":"Consume","floor":7},{"not_picked":["Barrage","Rebound"],"picked":"Coolheaded","floor":8},{"not_picked":["Gash","Genetic Algorithm"],"picked":"Core Surge","floor":10},{"not_picked":["Turbo","Darkness"],"picked":"Chill","floor":12},{"not_picked":["Gash","Stack"],"picked":"Sweeping Beam","floor":13},{"not_picked":["Coolheaded","FTL"],"picked":"Ball Lightning","floor":14},{"not_picked":["Reboot","Seek"],"picked":"Hyperbeam","floor":16},{"not_picked":["Force Field","Beam Cell+1"],"picked":"Conserve Battery+1","floor":18},{"not_picked":["Storm","Coolheaded"],"picked":"Cold Snap+1","floor":20}],"player_experience":266508,"relics_obtained":[{"floor":3,"key":"Potion Belt"},{"floor":7,"key":"Ancient Tea Set"},{"floor":9,"key":"Art of War"},{"floor":10,"key":"PreservedInsect"},{"floor":13,"key":"Bronze Scales"},{"floor":20,"key":"Red Mask"},{"floor":21,"key":"Necronomicon"}],"event_choices":[{"cards_removed":["Strike_B"],"damage_healed":0,"gold_gain":0,"player_choice":"Card Removal","damage_taken":7,"max_hp_gain":0,"max_hp_loss":0,"event_name":"Golden Wing","floor":2,"gold_loss":0},{"damage_healed":0,"gold_gain":0,"player_choice":"Obtained Relic","damage_taken":0,"relics_obtained":["Boot"],"max_hp_gain":0,"max_hp_loss":0,"event_name":"Addict","floor":19,"gold_loss":85},{"damage_healed":0,"gold_gain":0,"player_choice":"Fought Bandits","damage_taken":0,"max_hp_gain":0,"max_hp_loss":0,"event_name":"Masked Bandits","floor":20,"gold_loss":0},{"damage_healed":0,"gold_gain":0,"player_choice":"Obtained Book","damage_taken":16,"max_hp_gain":0,"max_hp_loss":0,"event_name":"Cursed Tome","floor":21,"gold_loss":0},{"damage_healed":0,"gold_gain":0,"cards_transformed":["Strike_B","Strike_B"],"player_choice":"Transformed Cards","damage_taken":0,"max_hp_gain":0,"max_hp_loss":0,"event_name":"Designer","floor":22,"gold_loss":60,"cards_obtained":["Self Repair","BootSequence"]}],"is_beta":false,"boss_relics":[{"not_picked":["Ectoplasm","SacredBark"],"picked":"SlaversCollar"}],"items_purged_floors":[],"is_endless":false,"potions_floor_spawned":[5,13,14,18],"killed_by":"Book of Stabbing","ascension_level":3}}