{"host":"i2ntsfwoh5q5m216","time":1612585313,"event":{"mods":["BaseMod","Colored Map","Downfall","Minty Spire (QoL Compilation)","StSLib"],"gold_per_floor":[99,99,99,99,118,218,218,118,129,129,155,169,188,222,235,235,235,235],"floor_reached":16,"language":"ENG","playtime":595,"items_purged":[],"score":110,"play_id":"12ac6fa8-f224-4131-838f-444bd771b11b","local_time":"20210205222153","is_ascension_mode":false,"campfire_choices":[{"floor":1,"key":"RECALL"},{"data":"Guardian:PiercingHide","floor":8,"key":"SMITH"}],"circlet_count":0,"master_deck":["Guardian:Strike_Guardian","Guardian:Strike_Guardian","Guardian:Strike_Guardian+1","Guardian:Defend_Guardian","Guardian:Defend_Guardian","Guardian:Defend_Guardian","Guardian:Defend_Guardian","Guardian:CurlUp","Guardian:TwinSlam","Guardian:PiercingHide+1","Guardian:VentSteam","Guardian:PrismaticBeam","Guardian:ChargeCore+1","Guardian:Gem_Cyan","Guardian:Gem_Cyan","Guardian:Gem_White","Guardian:Gem_Cyan","Guardian:Gem_Red"],"relics":["Guardian:ModeShifter","downfall:HeartsMalice","Guardian:PickAxe","Bag of Marbles","downfall:HeartBlessingRed","Bronze Scales","Whetstone"],"acts_visited":["Exordium"],"potions_floor_usage":[12,13,14],"damage_taken":[{"damage":0,"enemies":"Small Slimes","floor":2,"turns":1},{"damage":0,"enemies":"Small Slimes","floor":3,"turns":1},{"damage":0,"enemies":"Jaw Worm","floor":4,"turns":1},{"damage":5,"enemies":"2 Louse","floor":5,"turns":4},{"damage":3,"enemies":"Gremlin Gang","floor":9,"turns":4},{"damage":8,"enemies":"Gremlin Nob","floor":11,"turns":3},{"damage":1,"enemies":"Large Slime","floor":12,"turns":5},{"damage":2,"enemies":"Exordium Thugs","floor":13,"turns":2},{"damage":13,"enemies":"3 Sentries","floor":14,"turns":9},{"damage":0,"enemies":"Gremlin Gang","floor":15,"turns":3},{"damage":48,"enemies":"DF_ARCHETYPE_STREAMLINE","floor":16,"turns":12}],"seed_played":"-552123467795069268","potions_obtained":[{"floor":5,"key":"Explosive Potion"},{"floor":9,"key":"Fire Potion"},{"floor":11,"key":"SneckoOil"}],"is_trial":false,"path_per_floor":["R","M","?","M","M","?","T","R","M","?","E","M","M","E","M","B"],"character_chosen":"GUARDIAN","items_purchased":[],"campfire_rested":0,"item_purchase_floors":[],"current_hp_per_floor":[80,80,80,80,75,75,75,75,72,72,64,63,61,48,48,0,0,0],"gold":235,"neow_bonus":"THREE_ENEMY_KILL","is_daily":false,"chose_seed":false,"campfire_upgraded":1,"win_rate":0.0,"timestamp":1612585313,"path_taken":["R","M","?","M","M","?","T","R","M","?","E","M","M","E","M","BOSS"],"items_purchased_type":[],"build_version":"2020-12-22","purchased_purges":0,"victory":false,"max_hp_per_floor":[80,80,80,80,80,80,80,80,80,80,80,80,80,80,80,80,80,80],"card_choices":[{"not_picked":["Guardian:Reroute","Guardian:PiercingHide"],"picked":"Guardian:Gem_Lightblue","floor":2},{"not_picked":["Guardian:Gem_Cyan","Guardian:DonusPower"],"picked":"Guardian:PiercingHide","floor":4},{"not_picked":["Guardian:Gem_Green","Guardian:SentryBeam"],"picked":"Guardian:VentSteam","floor":5},{"not_picked":["Guardian:BodySlam","Guardian:Recover"],"picked":"Guardian:PrismaticBeam","floor":9},{"not_picked":["Guardian:Gem_Lightblue","Guardian:Recover"],"picked":"Guardian:Gem_Cyan","floor":11},{"not_picked":["Guardian:Emergency","Guardian:WalkerClaw"],"picked":"Guardian:Gem_Cyan","floor":12},{"not_picked":["Guardian:Incinerate","Guardian:Gem_Green"],"picked":"Guardian:Gem_White","floor":13},{"not_picked":["Guardian:PrismaticBarrier","Guardian:GuardianWhirl"],"picked":"Guardian:Gem_Cyan","floor":14},{"not_picked":["Guardian:FastForward","Guardian:Recover"],"picked":"Guardian:Gem_Red","floor":15}],"player_experience":25224,"relics_obtained":[{"floor":7,"key":"Bag of Marbles"},{"floor":11,"key":"Bronze Scales"},{"floor":14,"key":"Whetstone"}],"event_choices":[],"is_beta":false,"boss_relics":[],"items_purged_floors":[],"is_endless":false,"potions_floor_spawned":[3,5,9,11],"killed_by":"DF_ARCHETYPE_STREAMLINE","ascension_level":0}}