{"host":"ydh61a5ftgdajrbo","time":1612633527,"event":{"mods":["BaseMod","Colored Map","DeckTracker","Downfall","Koishi","Marisa¡]Ãú«B¡@Å]²z¨F¡^","Minty Spire (QoL Compilation)","Spire Arcade","StSLib","The Administrix","The Animator","The Cursed","The Mystic","The Servant 0.9.4"],"gold_per_floor":[409,409,559,609,339,339,350,275,326,344,344,360,376,451,451,451,451],"floor_reached":16,"language":"ZHS","playtime":598,"items_purged":["Doubt"],"score":158,"play_id":"db94c768-b7a8-4931-8792-6700633323bb","local_time":"20210207014527","is_ascension_mode":true,"campfire_choices":[{"data":"Neutralize","floor":6.0,"key":"SMITH"},{"data":"Cloak And Dagger","floor":11,"key":"SMITH"},{"floor":15,"key":"REST"}],"circlet_count":0,"master_deck":["AscendersBane","Strike_G","Strike_G","Strike_G","Strike_G","Defend_G","Defend_G","Defend_G","Defend_G","Defend_G","Survivor","Neutralize+1","CurseOfTheBell","Cloak And Dagger+1","Dagger Spray","Crippling Poison","Acrobatics","Underhanded Strike","Backstab"],"relics":["Calling Bell","sneckomod:BlankCard","Matryoshka","Old Coin","Bag of Preparation","Potion Belt","Juzu Bracelet"],"acts_visited":["Exordium"],"potions_floor_usage":[13,16],"damage_taken":[{"damage":4.0,"enemies":"2 Louse","floor":1.0,"turns":3.0},{"damage":3,"enemies":"Small Slimes","floor":7,"turns":3},{"damage":0,"enemies":"Cultist","floor":10,"turns":4},{"damage":0,"enemies":"Looter","floor":12,"turns":4},{"damage":10,"enemies":"Large Slime","floor":13,"turns":8},{"damage":28,"enemies":"Hexaghost","floor":16,"turns":16}],"seed_played":"3529239489369413568","potions_obtained":[{"floor":13,"key":"EntropicBrew"}],"is_trial":false,"path_per_floor":["M","?","?","?","$","R","M","?","T","M","R","M","M","?","R","B"],"character_chosen":"THE_SILENT","items_purchased":["Bag of Preparation","Dagger Spray"],"campfire_rested":1,"item_purchase_floors":[5,5],"current_hp_per_floor":[55,60,60,60,60,60,57,57,57,57,57,57,47,36,57,29,29],"gold":451,"neow_bonus":"BOSS_RELIC","is_daily":false,"chose_seed":false,"campfire_upgraded":2,"win_rate":0.0,"timestamp":1612633527,"path_taken":["M","?","?","?","$","R","?","?","T","M","R","M","M","?","R","BOSS"],"items_purchased_type":["Relic","Card"],"build_version":"2020-12-22","purchased_purges":1,"victory":false,"max_hp_per_floor":[66,71,71,71,71,71,71,71,71,71,71,71,71,71,71,71,71],"card_choices":[{"not_picked":["Dodge and Roll","Slice"],"picked":"Cloak And Dagger","floor":1.0},{"not_picked":["Dagger Spray","Backflip"],"picked":"Crippling Poison","floor":7},{"not_picked":["Dagger Throw","Well Laid Plans"],"picked":"Acrobatics","floor":10},{"not_picked":["Grand Finale","Acrobatics"],"picked":"Underhanded Strike","floor":12},{"not_picked":["Finisher","Eviscerate"],"picked":"Backstab","floor":13}],"player_experience":358044,"relics_obtained":[{"floor":0.0,"key":"sneckomod:BlankCard"},{"floor":0.0,"key":"Matryoshka"},{"floor":0.0,"key":"Old Coin"},{"floor":9,"key":"Potion Belt"},{"floor":9,"key":"Juzu Bracelet"}],"event_choices":[{"damage_healed":0.0,"max_hp_gain":5.0,"max_hp_loss":0.0,"gold_gain":0.0,"event_name":"Big Fish","player_choice":"Donut","floor":2.0,"gold_loss":0.0,"damage_taken":0.0},{"damage_healed":0.0,"max_hp_gain":0.0,"max_hp_loss":0.0,"gold_gain":150.0,"event_name":"Liars Game","player_choice":"AGREE","floor":3.0,"gold_loss":0.0,"damage_taken":0.0,"cards_obtained":["Doubt"]},{"damage_healed":0.0,"max_hp_gain":0.0,"max_hp_loss":0.0,"gold_gain":50.0,"event_name":"Golden Shrine","player_choice":"Pray","floor":4.0,"gold_loss":0.0,"damage_taken":0.0},{"cards_removed":["Strike_G"],"damage_healed":0,"gold_gain":0,"player_choice":"Card Removal","damage_taken":0,"max_hp_gain":0,"max_hp_loss":0,"event_name":"The Cleric","floor":8,"gold_loss":75},{"damage_healed":0,"gold_gain":75,"player_choice":"Gather Gold","damage_taken":11,"max_hp_gain":0,"max_hp_loss":0,"event_name":"World of Goop","floor":14,"gold_loss":0}],"is_beta":false,"boss_relics":[],"items_purged_floors":[5],"is_endless":false,"potions_floor_spawned":[13],"killed_by":"Hexaghost","ascension_level":15}}