{"host":"yecadp3kwkksam5a","time":1612628348,"event":{"mods":["100% Spire Juice","Arknights","BaseMod","Minty Spire (QoL Compilation)","StSLib","SuperFastMode","The Cursed","WarShipGirlsR/??á´Ò³R mod"],"gold_per_floor":[117,117,133,18,33,70,70,70,122,122,26,81,108,108,108,108,108],"floor_reached":16,"language":"KOR","playtime":473,"items_purged":["Pain"],"score":186,"play_id":"8020a043-a6a9-45ea-9719-b9a95f1c039f","local_time":"20210207011908","is_ascension_mode":true,"campfire_choices":[{"data":"True Grit","floor":8.0,"key":"SMITH"},{"data":"Burning Pact","floor":10.0,"key":"SMITH"},{"data":"Dark Embrace","floor":15,"key":"SMITH"}],"circlet_count":0,"master_deck":["AscendersBane","Strike_R","Strike_R","Strike_R","Strike_R","Defend_R","Defend_R","Defend_R","Defend_R","Bash","True Grit+1","Shrug It Off","Burning Pact+1","Wild Strike","Power Through","Dark Embrace+1","Battle Trance","Body Slam"],"relics":["Burning Blood","WarpedTongs","CeramicFish","Tiny Chest","Red Skull"],"acts_visited":["Exordium"],"potions_floor_usage":[],"damage_taken":[{"damage":2.0,"enemies":"Cultist","floor":1.0,"turns":4.0},{"damage":5.0,"enemies":"Jaw Worm","floor":3.0,"turns":4.0},{"damage":0.0,"enemies":"2 Louse","floor":5.0,"turns":4.0},{"damage":53.0,"enemies":"Lagavulin","floor":6.0,"turns":8.0},{"damage":0,"enemies":"Large Slime","floor":13,"turns":4},{"damage":43,"enemies":"Hexaghost","floor":16,"turns":14}],"seed_played":"3591354612356824968","potions_obtained":[{"floor":1.0,"key":"Dexterity Potion"},{"floor":3.0,"key":"ColorlessPotion"},{"floor":13,"key":"BloodPotion"}],"is_trial":false,"path_per_floor":["M","?","M","$","M","E","?","R","T","R","$","T","M","?","R","B"],"character_chosen":"IRONCLAD","items_purchased":["Burning Pact","Dark Embrace","Battle Trance"],"campfire_rested":0,"item_purchase_floors":[4,11,11],"current_hp_per_floor":[79,79,80,80,82,35,35,35,35,35,35,35,41,34,34,0,0],"gold":108,"neow_bonus":"TEN_PERCENT_HP_BONUS","is_daily":false,"chose_seed":false,"campfire_upgraded":3,"win_rate":0.0,"timestamp":1612628348,"path_taken":["M","?","M","$","?","E","?","R","T","R","?","?","M","?","R","BOSS"],"items_purchased_type":["Card","Card","Card"],"build_version":"2020-12-22","purchased_purges":1,"victory":false,"max_hp_per_floor":[82,82,82,82,82,82,82,82,82,82,82,82,82,82,82,82,82],"card_choices":[{"not_picked":["Sever Soul","Flex"],"picked":"True Grit","floor":1.0},{"not_picked":["Twin Strike","Sever Soul"],"picked":"Shrug It Off","floor":3.0},{"not_picked":["Sentinel","Bloodletting"],"picked":"Wild Strike","floor":5.0},{"not_picked":["Sword Boomerang","Inflame"],"picked":"Power Through","floor":6.0},{"not_picked":["Thunderclap","Shrug It Off"],"picked":"Body Slam","floor":13}],"player_experience":611309,"relics_obtained":[{"floor":6.0,"key":"CeramicFish"},{"floor":9.0,"key":"Tiny Chest"},{"floor":12,"key":"Red Skull"}],"event_choices":[{"damage_healed":0.0,"max_hp_gain":0.0,"max_hp_loss":0.0,"gold_gain":0.0,"event_name":"Accursed Blacksmith","player_choice":"Rummage","floor":2.0,"gold_loss":0.0,"damage_taken":0.0,"relics_obtained":["WarpedTongs"],"cards_obtained":["Pain"]},{"damage_healed":0.0,"max_hp_gain":0.0,"max_hp_loss":0.0,"gold_gain":0.0,"event_name":"The Cleric","player_choice":"Leave","floor":7.0,"gold_loss":0.0,"damage_taken":0.0},{"cards_removed":["Strike_R"],"damage_healed":0,"gold_gain":0,"player_choice":"Card Removal","damage_taken":7,"max_hp_gain":0,"max_hp_loss":0,"event_name":"Golden Wing","floor":14,"gold_loss":0}],"is_beta":false,"boss_relics":[],"items_purged_floors":[4],"is_endless":false,"potions_floor_spawned":[1,3,13],"killed_by":"Hexaghost","ascension_level":18}}