{"host":"coat6gkfrd6s61c3","time":1612608553,"event":{"mods":["2.2 Compatiblity","AchievementEnabler","BaseMod","Colored Powertips","Conspire","Friendly Minions","Halation","Hermit","Hubris","Infinite Spire","Minty Spire (QoL Compilation)","Practice Mode","Replay The Spire","Shop Mod","StSLib","everything is the same but u backflip on backflip","slay the spire mod where everything is the same but ironclad has a cowboy hat"],"gold_per_floor":[15,15,15,34,50,80,80,100,100,100,100,55,65,165,165,165,165],"floor_reached":16,"language":"ENG","playtime":655,"items_purged":[],"score":100,"play_id":"04b7dfce-13ab-42d3-b68a-58a957ee0181","local_time":"20210206211913","is_ascension_mode":false,"campfire_choices":[{"data":"hermit:HighNoon","floor":7,"key":"SMITH"},{"data":"hermit:Cheat","floor":11,"key":"SMITH"}],"circlet_count":0,"master_deck":["hermit:Strike_Hermit","hermit:Strike_Hermit","hermit:Strike_Hermit","hermit:Strike_Hermit","hermit:Defend_Hermit","hermit:Defend_Hermit","hermit:Defend_Hermit","hermit:Defend_Hermit","hermit:Snapshot","hermit:Covet","hermit:HighNoon+1","hermit:Misfire","hermit:PistolWhip","hermit:Desperado","hermit:SprayPray","hermit:Malice","hermit:Cheat+1","hermit:Feint","hermit:Deadeye+1"],"relics":["hermit:Momento","Pocketwatch","hubris:64BitClover"],"acts_visited":["Exordium"],"potions_floor_usage":[16],"damage_taken":[{"damage":9,"enemies":"Jaw Worm","floor":1,"turns":4},{"damage":0,"enemies":"2 Louse","floor":4,"turns":2},{"damage":0,"enemies":"Cultist","floor":5,"turns":2},{"damage":18,"enemies":"Gremlin Nob","floor":6,"turns":4},{"damage":6,"enemies":"Lots of Slimes","floor":8,"turns":2},{"damage":6,"enemies":"Large Slime","floor":13,"turns":4},{"damage":58,"enemies":"Hexaghost","floor":16,"turns":11}],"seed_played":"-7989052677425179670","potions_obtained":[{"floor":1,"key":"Strength Potion"},{"floor":3,"key":"Ancient Potion"},{"floor":3,"key":"PowerPotion"},{"floor":6,"key":"Elixir"},{"floor":8,"key":"Milkshake"}],"is_trial":false,"path_per_floor":["M","?","?","M","M","E","R","M","T","?","R","$","M","?","R","B"],"character_chosen":"HERMIT","items_purchased":["hermit:Feint"],"campfire_rested":0,"item_purchase_floors":[12],"current_hp_per_floor":[66,66,66,66,66,48,48,42,42,42,42,42,36,36,58,0,0],"gold":165,"neow_bonus":"THREE_RARE_CARDS","is_daily":false,"chose_seed":false,"campfire_upgraded":2,"win_rate":0.0,"timestamp":1612608553,"path_taken":["M","?","?","?","M","E","R","?","T","?","R","$","M","?","R","BOSS"],"items_purchased_type":["Card"],"build_version":"2020-12-22","purchased_purges":0,"victory":false,"max_hp_per_floor":[75,75,75,75,75,75,75,75,75,75,75,75,75,75,75,75,75],"card_choices":[{"not_picked":["hermit:DeadOrAlive","hermit:Gambit"],"picked":"hermit:HighNoon","floor":0},{"not_picked":["hermit:Glare","hermit:Gestalt"],"picked":"hermit:Misfire","floor":1},{"not_picked":["hermit:Ricochet","hermit:Misfire"],"picked":"hermit:PistolWhip","floor":4},{"not_picked":["hermit:Roulette","hermit:Virtue"],"picked":"hermit:Desperado","floor":5},{"not_picked":["hermit:Vantage","hermit:Glare"],"picked":"hermit:SprayPray","floor":6},{"not_picked":["hermit:FatalDesire","hermit:Midnight"],"picked":"hermit:Malice","floor":8},{"not_picked":["hermit:CursedWeapon","hermit:Grudge"],"picked":"hermit:Deadeye","floor":13}],"player_experience":767428,"relics_obtained":[{"floor":6,"key":"Pocketwatch"},{"floor":9,"key":"hubris:64BitClover"}],"event_choices":[{"damage_healed":0,"gold_gain":0,"player_choice":"Leave","damage_taken":0,"max_hp_gain":0,"max_hp_loss":0,"event_name":"conspire:Investor","floor":2,"gold_loss":0},{"damage_healed":0,"gold_gain":0,"player_choice":"Got Potions","damage_taken":0,"max_hp_gain":0,"max_hp_loss":0,"event_name":"Lab","floor":3,"gold_loss":0},{"damage_healed":0,"gold_gain":100,"player_choice":"Pray","damage_taken":0,"max_hp_gain":0,"max_hp_loss":0,"event_name":"Golden Shrine","floor":14,"gold_loss":0}],"is_beta":false,"boss_relics":[],"items_purged_floors":[],"is_endless":false,"potions_floor_spawned":[1,6,8],"killed_by":"Hexaghost","ascension_level":0}}