{"host":"klqcd4cqxrk2p1u3","time":1612598674,"event":{"mods":["BaseMod","Downfall","Minty Spire (QoL Compilation)","StSLib"],"gold_per_floor":[99,116,116,116,116,16,43,143,153,163,195,209,223,237,251,349,349,149,214,225,360,375,375,375,390,440,440,490,559,559,570,588,684,684,684,698,712,762,772,772,796,807,30,49,49,116,12,28,44,44,44,44],"floor_reached":50,"language":"ENG","playtime":10736,"items_purged":["Parasite"],"score":554,"play_id":"c4f489aa-01a1-45ac-a888-b8e9c8ecd5e0","local_time":"20210206030434","is_ascension_mode":false,"campfire_choices":[{"floor":1,"key":"RECALL"},{"data":"bronze:ForceShield","floor":6,"key":"SMITH"},{"data":"bronze:GetLatest","floor":18,"key":"SMITH"},{"data":"bronze:Mutator","floor":23,"key":"SMITH"},{"data":"bronze:CleanCode","floor":27,"key":"SMITH"},{"data":"bronze:Goto","floor":30,"key":"SMITH"},{"data":"bronze:Format","floor":35,"key":"SMITH"},{"data":"bronze:Turbo","floor":40,"key":"SMITH"},{"data":"bronze:BronzeOrb","floor":45,"key":"SMITH"}],"circlet_count":0,"master_deck":["bronze:Replicate","bronze:Goto+1","bronze:ForceShield+1","bronze:GetLatest+1","bronze:Branch","bronze:Constructor","bronze:DelayedGuard","bronze:Repair","bronze:DelayedGuard","bronze:ChildClass","bronze:WildBeam","bronze:CleanCode+1","bronze:Refactor","bronze:BugBarrage","bronze:Deprecate","bronze:ForLoop","bronze:Mutator+1","bronze:NullPointer","bronze:Repair","bronze:ClassDefault","bronze:Overload+1","bronze:Branch+1","bronze:BronzeOrb+1","Bite","Bite","Bite","Bite","Bite","bronze:BugBarrage","bronze:Turbo+1","bronze:BronzeOrb+1","bronze:Format+1","bronze:Repair+1","bronze:BitShift+1","bronze:BronzeOrb+1","bronze:CloningBeam","bronze:Separator+1","bronze:Shell+1","bronze:Optimize","expansioncontent:DashGenerateEvil","bronze:BronzeOrb+1","bronze:HyperBeam","bronze:FollowUp+1","bronze:Mutator","bronze:FineTuning","bronze:FollowUp","Parasite","bronze:Format","bronze:Iterate+1"],"relics":["bronze:BronzeCore","downfall:ShatteredFragment","downfall:HeartBlessingRed","downfall:CloakOfManyFaces","CultistMask","FaceOfCleric","NlothsMask","GremlinMask","SsserpentHead","Pantograph","downfall:HeartBlessingBlue","downfall:HeartBlessingGreen","Nloth\u0027s Gift","Black Star","Boot","Vajra","Sling","Bag of Marbles"],"acts_visited":["Exordium","TheCity","TheBeyond"],"potions_floor_usage":[8,16,16,25,25,29,37,48,48,48,50],"damage_taken":[{"damage":0,"enemies":"Small Slimes","floor":2,"turns":4},{"damage":11,"enemies":"downfall:FaceTrader","floor":8,"turns":14},{"damage":4,"enemies":"2 Louse","floor":9,"turns":3},{"damage":0,"enemies":"Jaw Worm","floor":10,"turns":3},{"damage":3,"enemies":"3 Sentries","floor":11,"turns":12},{"damage":3,"enemies":"2 Fungi Beasts","floor":12,"turns":5},{"damage":0,"enemies":"Lots of Slimes","floor":13,"turns":5},{"damage":0,"enemies":"Large Slime","floor":14,"turns":4},{"damage":0,"enemies":"3 Louse","floor":15,"turns":5},{"damage":8,"enemies":"SI_SHIV_ARCHETYPE","floor":16,"turns":11},{"damage":0,"enemies":"Spheric Guardian","floor":19,"turns":5},{"damage":3,"enemies":"3 Byrds","floor":20,"turns":6},{"damage":0,"enemies":"Centurion and Healer","floor":22,"turns":7},{"damage":9,"enemies":"Chosen and Byrds","floor":25,"turns":7},{"damage":8,"enemies":"Snecko","floor":29,"turns":5},{"damage":21,"enemies":"Cultist and Chosen","floor":31,"turns":8},{"damage":12,"enemies":"Shelled Parasite and Fungi","floor":32,"turns":4},{"damage":61,"enemies":"DF_ARCHETYPE_CLAW","floor":33,"turns":12},{"damage":7,"enemies":"Orb Walker","floor":36,"turns":4},{"damage":11,"enemies":"3 Shapes","floor":37,"turns":6},{"damage":1,"enemies":"3 Darklings","floor":39,"turns":7},{"damage":38,"enemies":"Writhing Mass","floor":42,"turns":12},{"damage":0,"enemies":"downfall:FleeingMerchant","floor":43,"turns":4},{"damage":13,"enemies":"4 Shapes","floor":44,"turns":3},{"damage":0,"enemies":"Transient","floor":46,"turns":5},{"damage":4,"enemies":"downfall:FleeingMerchant","floor":47,"turns":4},{"damage":4,"enemies":"Writhing Mass","floor":48,"turns":6},{"damage":29,"enemies":"4 Shapes","floor":49,"turns":8},{"damage":83,"enemies":"WA_ARCHETYPE_DIVINITY","floor":50,"turns":5}],"seed_played":"-3859280320984304952","potions_obtained":[{"floor":2,"key":"Strength Potion"},{"floor":12,"key":"champ:CounterPotion"},{"floor":13,"key":"hexamod:SoulburnPotion"},{"floor":15,"key":"AttackPotion"},{"floor":20,"key":"Block Potion"},{"floor":22,"key":"Block Potion"},{"floor":25,"key":"SteroidPotion"},{"floor":37,"key":"hexamod:SoulburnPotion"},{"floor":44,"key":"EssenceOfSteel"},{"floor":46,"key":"Energy Potion"},{"floor":49,"key":"Swift Potion"}],"is_trial":false,"path_per_floor":["R","M","?","?","?","R","T","?","M","M","E","M","M","M","M","B",null,"R","M","M","?","M","R","T","M","?","R","?","M","R","M","M","B",null,"R","M","M","?","M","R","T","M","$","M","R","M","$","M","M","B"],"character_chosen":"THE_AUTOMATON","items_purchased":["Vajra","Sling","Bag of Marbles","bronze:Optimize","expansioncontent:DashGenerateEvil","bronze:BronzeOrb","bronze:FineTuning","bronze:FollowUp"],"campfire_rested":0,"item_purchase_floors":[43,43,43,43,43,43,47,47],"current_hp_per_floor":[77,77,77,56,61,61,61,50,47,48,46,44,52,60,68,89,90,100,101,102,88,103,103,103,95,72,72,72,65,65,57,70,36,76,76,72,67,67,79,79,79,62,78,68,68,80,81,82,56,0,0,0],"gold":44,"neow_bonus":"TEN_PERCENT_HP_BONUS","is_daily":false,"chose_seed":false,"campfire_upgraded":8,"win_rate":0.0,"timestamp":1612598674,"path_taken":["R","M","?","?","?","R","T","?","M","M","E","M","M","M","M","BOSS","R","?","M","?","M","R","T","M","?","R","?","?","R","M","M","BOSS","R","M","M","?","M","R","T","M","?","M","R","?","$","M","M","BOSS"],"items_purchased_type":["Relic","Relic","Relic","Card","Card","Card","Card","Card"],"build_version":"2020-12-22","purchased_purges":1,"victory":false,"max_hp_per_floor":[77,77,77,77,82,82,82,82,83,84,85,86,87,88,89,90,90,100,101,102,102,103,103,103,104,72,72,72,73,73,74,75,76,76,76,77,78,78,79,79,79,80,78,79,79,80,81,82,83,83,83,83],"card_choices":[{"not_picked":["bronze:NullPointer","bronze:Overheat"],"picked":"bronze:ForceShield","floor":2},{"not_picked":["bronze:DigitalCarnage","bronze:Deprecate"],"picked":"bronze:GetLatest","floor":8},{"not_picked":["bronze:GetLatest","bronze:DelayedSlice"],"picked":"bronze:Branch","floor":9},{"not_picked":["bronze:DelayedSlice","bronze:Optimize"],"picked":"bronze:Constructor","floor":10},{"not_picked":["bronze:Iterate","bronze:Flail"],"picked":"bronze:DelayedGuard","floor":11},{"not_picked":["bronze:Deprecate","bronze:WhirlingStrike"],"picked":"bronze:Repair","floor":12},{"not_picked":["bronze:Repulsor","bronze:DelayedSlice"],"picked":"bronze:DelayedGuard","floor":13},{"not_picked":["bronze:Turbo","bronze:Allocate"],"picked":"bronze:ChildClass","floor":14},{"not_picked":["bronze:Backtrace","bronze:Overheat"],"picked":"bronze:WildBeam","floor":15},{"not_picked":["bronze:Format","bronze:ThunderWave"],"picked":"bronze:CleanCode","floor":16},{"not_picked":["bronze:FineTuning","bronze:Repulsor"],"picked":"bronze:ClassDefault","floor":19},{"not_picked":["bronze:ItsAFeature","bronze:Deprecate+1"],"picked":"bronze:Overload+1","floor":20},{"not_picked":["bronze:HardenedForm","bronze:Deprecate"],"picked":"bronze:Branch+1","floor":22},{"not_picked":["bronze:WhirlingStrike","bronze:FollowUp"],"picked":"bronze:BronzeOrb+1","floor":25},{"not_picked":["bronze:BronzeArmor","bronze:DarkDash"],"picked":"bronze:BugBarrage","floor":29},{"not_picked":["bronze:Return","bronze:Deprecate+1"],"picked":"bronze:Turbo","floor":31},{"not_picked":["bronze:CutThrough","bronze:Virus"],"picked":"bronze:BronzeOrb+1","floor":32},{"not_picked":["bronze:SpaghettiCode","bronze:Assembly"],"picked":"bronze:Format","floor":33},{"not_picked":["bronze:Constructor","bronze:Shield+1"],"picked":"bronze:Repair+1","floor":36},{"not_picked":["bronze:OilSpill","bronze:NullPointer"],"picked":"bronze:BitShift+1","floor":37},{"not_picked":["bronze:BronzeArmor","bronze:Invalidate"],"picked":"bronze:CloningBeam","floor":39},{"not_picked":["bronze:Allocate","bronze:Flail"],"picked":"bronze:Separator+1","floor":42},{"not_picked":["bronze:BitShift+1","bronze:Terminator+1"],"picked":"bronze:Shell+1","floor":43},{"not_picked":["bronze:Constructor","bronze:WhirlingStrike+1"],"picked":"bronze:HyperBeam","floor":44},{"not_picked":["bronze:FineTuning+1","bronze:NullPointer+1"],"picked":"bronze:FollowUp+1","floor":46},{"not_picked":["bronze:ChosenStrike","bronze:Separator"],"picked":"bronze:Mutator","floor":47},{"not_picked":["bronze:Safeguard","bronze:DelayedGuard"],"picked":"bronze:Format","floor":48},{"not_picked":["bronze:Boost+1","bronze:Fortify+1"],"picked":"bronze:Iterate+1","floor":49}],"player_experience":1462493,"relics_obtained":[{"floor":8,"key":"downfall:CloakOfManyFaces"},{"floor":11,"key":"Pantograph"},{"floor":41,"key":"Boot"}],"event_choices":[{"damage_healed":0,"gold_gain":0,"player_choice":"Donut","damage_taken":0,"max_hp_gain":5,"max_hp_loss":0,"event_name":"Big Fish","floor":5,"gold_loss":0},{"damage_healed":0,"gold_gain":0,"player_choice":"Became a vampire","damage_taken":0,"max_hp_gain":0,"max_hp_loss":32,"event_name":"Vampires","floor":26,"gold_loss":0,"cards_obtained":["Bite","Bite","Bite","Bite","Bite"]}],"is_beta":false,"boss_relics":[{"not_picked":["Tiny House","Runic Dome"],"picked":"Pandora\u0027s Box"},{"not_picked":["bronze:MakeshiftBattery","Runic Pyramid"],"picked":"Black Star"}],"items_purged_floors":[43],"is_endless":false,"potions_floor_spawned":[2,12,13,15,20,22,25,37,44,46,49],"killed_by":"WA_ARCHETYPE_DIVINITY","ascension_level":0}}