{"host":"hfxahm4y1ssattqc","time":1612582159,"event":{"mods":["2.2 Compatiblity","Act Like it!","Aspiration","BaseMod","Beaked The Cultist","Better Third Choice","BetterRewards","Colored Map","Colored Powertips","Custom Start","Downfall","Googly Eyes","Halation","Hallownest","Hermit","Highlight Path","Hubris","Mimic Mod","Minty Spire (QoL Compilation)","Reorder Act Four","Replay The Spire","Shop Mod","Spikes Relics","StSLib","The Bug Knight","The IronCluck","The Jungle","Unknown Chances","slay the spire mod where everything is the same but ironclad has a cowboy hat"],"gold_per_floor":[99,116,126,126,143,128,128,128,128,148,148,148,180,280,293,396,396,396,411,411,63,76,76,154,168,168,168,182,196,206,206,221,221,221,221],"floor_reached":33,"language":"ENG","playtime":1402,"items_purged":[],"score":249,"play_id":"345a3446-293c-4516-b15d-87bea7763c22","local_time":"20210205192919","is_ascension_mode":false,"campfire_choices":[{"data":"Slimebound:CorrosiveSpit","floor":1.0,"key":"SMITH"},{"data":"Slimebound:LevelUp","floor":8.0,"key":"SMITH"},{"data":"Slimebound:SplitMire","floor":11.0,"key":"SMITH"},{"data":"Slimebound:PrepareCrush","floor":18,"key":"SMITH"},{"data":"expansioncontent:DashGenerateEvil","floor":27,"key":"SMITH"}],"circlet_count":0,"master_deck":["Slimebound:Strike_Slimebound","Slimebound:Strike_Slimebound","Slimebound:Tackle","Slimebound:Defend_Slimebound","Slimebound:Defend_Slimebound","Slimebound:Defend_Slimebound","Slimebound:Defend_Slimebound","Slimebound:Split+1","Slimebound:CorrosiveSpit+1","Slimebound:GoopSpray","Slimebound:SplitMire+1","Slimebound:SplitBruiser","Slimebound:LevelUp+1","Slimebound:SplitBruiser","Slimebound:SplitAcid","Slimebound:PrepareCrush+1","Slimebound:SplitMire+1","Slimebound:LeadByExample+1","expansioncontent:DashGenerateEvil+1","Slimebound:Repurpose+1","Slimebound:SlimeBarrage+1","Slimebound:ProtectTheBoss","Slimebound:SpikyOuterGoop+1"],"relics":["Bag of Preparation","m_BurningSludge","Blue Candle","Black Star","Slimebound:AggressiveSlimeRelic","aspiration:FrozenJewel","Anchor"],"acts_visited":["Exordium","TheCity"],"potions_floor_usage":[28],"damage_taken":[{"damage":5.0,"enemies":"2 Louse","floor":2.0,"turns":2.0},{"damage":0.0,"enemies":"Cultist","floor":3.0,"turns":4.0},{"damage":0.0,"enemies":"Jaw Worm","floor":5.0,"turns":3.0},{"damage":0.0,"enemies":"downfall:FleeingMerchant","floor":6.0,"turns":4.0},{"damage":7.0,"enemies":"Blue Slaver","floor":10.0,"turns":3.0},{"damage":2.0,"enemies":"Replay:BlueRogue","floor":13.0,"turns":5.0},{"damage":12.0,"enemies":"2 Fungi Beasts","floor":15.0,"turns":3.0},{"damage":38.0,"enemies":"WA_ARCHETYPE_RETAIN","floor":16.0,"turns":9.0},{"damage":29,"enemies":"3 Byrds","floor":19,"turns":4},{"damage":10,"enemies":"downfall:FleeingMerchant","floor":21,"turns":4},{"damage":10,"enemies":"Spheric Guardian","floor":22,"turns":3},{"damage":22,"enemies":"Chosen and Byrds","floor":25,"turns":5},{"damage":9,"enemies":"Snake Plant","floor":28,"turns":2},{"damage":0,"enemies":"3 Cultists","floor":29,"turns":4},{"damage":0,"enemies":"Centurion and Healer","floor":30,"turns":5},{"damage":23,"enemies":"Snake Plant","floor":32,"turns":4},{"damage":14,"enemies":"SI_MIRROR_ARCHETYPE","floor":33,"turns":2}],"seed_played":"-2661065541060695066","potions_obtained":[{"floor":3.0,"key":"ColorlessPotion"},{"floor":10.0,"key":"Adrenaline Potion"},{"floor":16.0,"key":"Energy Potion"},{"floor":19,"key":"Flashbang"},{"floor":29,"key":"SteroidPotion"},{"floor":30,"key":"champ:CounterPotion"}],"is_trial":false,"path_per_floor":["R","M","M","?","M","$","T","R","?","M","R","?","E","?","M","B",null,"R","M","?","$","M","T","T","M","?","R","M","M","M","?","M","B"],"character_chosen":"SLIMEBOUND","items_purchased":["Slimebound:AggressiveSlimeRelic","expansioncontent:DashGenerateEvil"],"campfire_rested":0,"item_purchase_floors":[21,21],"current_hp_per_floor":[65,62,64,64,65,65,65,65,65,60,60,60,64,64,58,26,65,65,42,42,38,34,34,34,18,18,18,15,21,27,27,10,0,0,0],"gold":221,"neow_bonus":"UPGRADE_CARD","is_daily":false,"chose_seed":false,"campfire_upgraded":5,"win_rate":0.0,"timestamp":1612582159,"path_taken":["R","M","M","?","?","$","T","R","?","?","R","?","E","?","M","BOSS","R","M","?","$","M","?","T","M","?","R","?","M","M","?","M","BOSS"],"items_purchased_type":["Relic","Card"],"build_version":"2020-12-22","purchased_purges":0,"victory":false,"max_hp_per_floor":[65,65,65,65,65,65,65,65,65,65,65,65,65,65,65,65,65,65,65,65,65,65,65,65,65,65,65,65,65,65,65,65,65,65,65],"card_choices":[{"not_picked":["Slimebound:Schlurp","Slimebound:ComboTackle"],"picked":"Slimebound:GoopSpray","floor":2.0},{"not_picked":["Slimebound:RollThrough","Slimebound:DisruptingSlam"],"picked":"Slimebound:SplitMire","floor":3.0},{"not_picked":["Slimebound:LivingWall","Slimebound:ComboTackle"],"picked":"Slimebound:SplitBruiser","floor":5.0},{"not_picked":["Slimebound:GoopTackle","Slimebound:SplitMire"],"picked":"Slimebound:LevelUp","floor":6.0},{"not_picked":["Slimebound:DouseInSlime","Slimebound:GoopSpray"],"picked":"Slimebound:SplitBruiser","floor":10.0},{"not_picked":["Slimebound:ItLooksTasty","Slimebound:ServeAndProtect","Slimebound:FormOfPuddle"],"picked":"SKIP","floor":13.0},{"not_picked":["Slimebound:Prepare","Slimebound:SlimeSpikes"],"picked":"Slimebound:SplitAcid","floor":15.0},{"not_picked":["Slimebound:Overexert","Offering"],"picked":"Slimebound:PrepareCrush","floor":16.0},{"not_picked":["Slimebound:DivideAndConquer","Slimebound:FormOfPuddle"],"picked":"Slimebound:SplitMire+1","floor":19},{"not_picked":["Slimebound:Grow","Slimebound:FormOfPuddle+1"],"picked":"Slimebound:LeadByExample+1","floor":21},{"not_picked":["Slimebound:SplitBruiser+1","Slimebound:HauntingLick","Slimebound:ItLooksTasty"],"picked":"SKIP","floor":22},{"not_picked":["Slimebound:SplitLeeching","Slimebound:LeechEnergy"],"picked":"Slimebound:Repurpose+1","floor":25},{"not_picked":["Slimebound:RollThrough","Slimebound:Nibble"],"picked":"Slimebound:SlimeBarrage","floor":28},{"not_picked":["Slimebound:HauntingLick","Slimebound:PressTheAttack"],"picked":"Slimebound:ProtectTheBoss","floor":29},{"not_picked":["Slimebound:BestDefense","Slimebound:Dissolve+1","Slimebound:OneTwoCombo"],"picked":"SKIP","floor":30},{"not_picked":["Slimebound:MegaLick","Slimebound:RollThrough"],"picked":"Slimebound:SpikyOuterGoop+1","floor":32}],"player_experience":949381,"relics_obtained":[{"floor":7.0,"key":"Bag of Preparation"},{"floor":13.0,"key":"Blue Candle"},{"floor":23,"key":"aspiration:FrozenJewel"},{"floor":26,"key":"Anchor"}],"event_choices":[{"damage_healed":0.0,"max_hp_gain":0.0,"max_hp_loss":0.0,"gold_gain":0.0,"event_name":"NoteForYourself","player_choice":"Ignored","floor":4.0,"gold_loss":0.0,"damage_taken":0.0},{"damage_healed":0,"gold_gain":0,"player_choice":"Relic","damage_taken":0,"max_hp_gain":0,"max_hp_loss":0,"event_name":"Wheel of Change","floor":26,"gold_loss":0}],"is_beta":false,"boss_relics":[{"not_picked":["CosmicIsotope","hubris:Stopwatch"],"picked":"Black Star"}],"items_purged_floors":[],"is_endless":false,"potions_floor_spawned":[3,10,16,19,29,30,32],"killed_by":"SI_MIRROR_ARCHETYPE","ascension_level":0}}