{"host":"zlfskofstem8q1jl","time":1612620336,"event":{"mods":["ATMod(∞¢Ë™Mod)","Act Like it!","BaseMod","Marisa£®ÏF”Í°°ƒß¿Ì…≥£©","Minty Spire (QoL Compilation)","Reimu£®≤©¿ˆ¡È√Œ£©","Remilia£®¿Ÿ√◊¿Ú—«£©","Replay The Spire","StSLib","The Animator"],"gold_per_floor":[114,125,205,223,233,265,159,159,159],"floor_reached":8,"language":"ZHS","playtime":758,"items_purged":[],"score":58,"play_id":"284d0197-64cf-4cbe-bf69-211d95ea7178","local_time":"20210206220536","daily_mods":["Draft","Vintage","Heirloom"],"is_ascension_mode":false,"campfire_choices":[],"circlet_count":0,"master_deck":["AT_FamilyPortrait","animator:DolaSchwi","animator:NarberalGamma","animator:Shichika","animator:ElricEdward","animator:RoryMercury","animator:Mitsuba","animator:ZankiKiguchi","animator:ElricEdward","animator:Konayuki","animator:Togame","animator:Jibril","animator:Sebas","animator:Kazuma","animator:Azekura","animator:Mitsurugi","Delirium","animator:Biyorigo","animator:Zero","animator:Demiurge"],"relics":["animator:LivingPicture","animator:TheMissingPiece","AT_ATBox","Thread and Needle","Matryoshka","animator:HallowedScabbard","Ginger","Replay:Towering Pillar of Hats","Mastiff:ReiMu"],"acts_visited":["Exordium"],"potions_floor_usage":[],"damage_taken":[{"damage":2,"enemies":"Jaw Worm","floor":1,"turns":3},{"damage":2,"enemies":"Small Slimes","floor":2,"turns":3},{"damage":1,"enemies":"2 Louse","floor":4,"turns":2},{"damage":0,"enemies":"Exordium Wildlife","floor":5,"turns":3},{"damage":31,"enemies":"Gremlin Nob","floor":6,"turns":5},{"damage":0,"enemies":"3 Sentries","floor":8,"turns":1}],"seed_played":"8802056364917493340","potions_obtained":[{"floor":5,"key":"ZuzhouPotion:ReiMu"}],"is_trial":true,"path_per_floor":["M","M","?","M","M","E","$","E"],"character_chosen":"THE_ANIMATOR","items_purchased":["animator:Zero","animator:Demiurge"],"campfire_rested":0,"item_purchase_floors":[7,7],"current_hp_per_floor":[64,62,62,61,61,30,30,30,30],"gold":159,"neow_bonus":"","is_daily":false,"chose_seed":false,"campfire_upgraded":0,"win_rate":0.0,"timestamp":1612620336,"path_taken":["M","M","?","M","M","E","$","E"],"items_purchased_type":["Card","Card"],"build_version":"2020-12-22","purchased_purges":0,"victory":false,"max_hp_per_floor":[66,66,66,66,66,66,66,66,66],"card_choices":[{"not_picked":["animator:Vanir","animator:DolaCouronne"],"picked":"animator:DolaSchwi","floor":0},{"not_picked":["animator:FielNirvalen","animator:Emonzaemon"],"picked":"animator:NarberalGamma","floor":0},{"not_picked":["animator:Vanir","animator:Sebas"],"picked":"animator:Shichika","floor":0},{"not_picked":["animator:FielNirvalen","animator:DolaStephanie"],"picked":"animator:ElricEdward","floor":0},{"not_picked":["animator:Tet","animator:WinryRockbell"],"picked":"animator:RoryMercury","floor":0},{"not_picked":["animator:Verdia","animator:DolaRiku"],"picked":"animator:Mitsuba","floor":0},{"not_picked":["animator:TukaLunaMarceau","animator:DolaCouronne"],"picked":"animator:ZankiKiguchi","floor":0},{"not_picked":["animator:Demiurge","animator:Yuuichirou"],"picked":"animator:ElricEdward","floor":0},{"not_picked":["animator:RoyMustang","animator:Entoma"],"picked":"animator:Konayuki","floor":0},{"not_picked":["animator:Azekura","animator:LeleiLaLalena"],"picked":"animator:Togame","floor":0},{"not_picked":["animator:Hitei","animator:Darkness"],"picked":"animator:Jibril","floor":0},{"not_picked":["animator:NarberalGamma","animator:Yuuichirou"],"picked":"animator:Sebas","floor":0},{"not_picked":["animator:Mitsuba","animator:Sebas"],"picked":"animator:Kazuma","floor":0},{"not_picked":["animator:Entoma","animator:ZankiKiguchi"],"picked":"animator:Azekura","floor":0},{"not_picked":["animator:Shalltear","animator:Kazuma"],"picked":"animator:Mitsurugi","floor":0},{"not_picked":["animator:WinryRockbell","animator:Yoichi"],"picked":"animator:Biyorigo","floor":6}],"player_experience":82737,"relics_obtained":[{"floor":1,"key":"Matryoshka"},{"floor":2,"key":"animator:HallowedScabbard"},{"floor":4,"key":"Ginger"},{"floor":5,"key":"Replay:Towering Pillar of Hats"},{"floor":6,"key":"Mastiff:ReiMu"}],"event_choices":[],"is_beta":false,"boss_relics":[],"items_purged_floors":[],"is_endless":false,"potions_floor_spawned":[5],"killed_by":"3 Sentries","ascension_level":0}}