{"host":"m2hq2wo54qenirc2","time":1612600833,"event":{"mods":["2.2 Compatiblity","AchievementEnabler","Act Like it!","Ascension Unlocker","Aspiration","BaseMod","Better Synergies","Better Vampires","Colored Map","Colored Powertips","Conspire","Elementarium","Energized Spire","Exacting","Gremlin Skip","Hermit","Hubris","Hyrulean Relics","Ironclad Rager","Mimic Mod","Minty Spire (QoL Compilation)","Permanent Neow","Replay The Spire","Shade Mod","Somnambulant","Spikes Relics","StSLib","Strawberry Spire","The Blackbeard","The Bug Knight","The Construct","The Disciple","The Jungle","The Necromancer","TheBandit"],"gold_per_floor":[131,142,142,158,183,183,210,210,210,210,99883,99883,99894,99920,99920,100023,100023,100040,99818,99828,99842,99387,99418,99418,99450,99450,99482,99482,99482,99482,99501,99501,99602,99602,99633,99633,99646,99665,99675,99704,99704,99724,99724,99724,99734,99734,99753,99766,99766,99766,99766,99766,99327,99358,99358],"floor_reached":56,"language":"ENG","playtime":3484,"items_purged":[],"score":1327,"play_id":"c7db1c7f-ba4c-43f2-b5e0-650dd49f018f","local_time":"20210206024033","is_ascension_mode":false,"campfire_choices":[{"data":"Shade:AnimateDead","floor":6,"key":"SMITH"},{"data":"Shade:Carnophage","floor":8,"key":"SMITH"},{"data":"Shade:PressTheAttack","floor":10,"key":"SMITH"},{"data":"Shade:WallOfFlesh","floor":15,"key":"SMITH"},{"data":"Shade:LichForm","floor":24,"key":"SMITH"},{"data":"ReplayUltimateDefense","floor":29,"key":"SMITH"},{"data":"Shade:Bonestorm","floor":41,"key":"SMITH"},{"data":"Shade:FleshToFlesh","floor":46,"key":"SMITH"},{"floor":49,"key":"RECALL"},{"data":"Shade:OfferingToTheBeyond","floor":52,"key":"SMITH"}],"circlet_count":0,"master_deck":["Shade:Defend_Shade","Shade:Defend_Shade","Shade:Defend_Shade","Shade:AnimateDead+1","Shade:CarefulCut+1","Shade:SkeletonHug+1","Shade:GraveStillness","Shade:PressTheAttack+1","Shade:Carnophage+1","Shade:Putrefaction","Shade:WallOfFlesh+1","Shade:Bite_Shade","Shade:LichForm+1","ReplayUltimateDefense+1","Shade:FleshToFlesh+1","Shade:Bonestorm+1","Shade:AuraOfUnlife+1","conspire:NecroticWound","Bite","Bite","Bite","Bite","Shade:FleshOffering","Shade:OfferingToTheBeyond+1","Shade:OpenGraves+1","Shade:Carnophage+1","Shade:AuraOfUnlife+1"],"relics":["Shade:YorickSkull","CultistMask","Odd Mushroom","Replay:Wax Seal","Whetstone","InkBottle","Cursed Key","Replay:Rubber Ducky","MealTicket","hubris:EmptyBottle","RetroEgg","conspire:Dentures","Strawberry","Spirit Poop","Toy Ornithopter","aspiration:Lifesprig","DollysMirror","hubris:CuriousFeather"],"acts_visited":["Exordium","TheCity","TheBeyond","TheEnding"],"potions_floor_usage":[16,33,40,55,55,55],"damage_taken":[{"damage":0,"enemies":"conspire:RoseBush","floor":1,"turns":3},{"damage":0,"enemies":"Cultist","floor":2,"turns":5},{"damage":4,"enemies":"Small Slimes","floor":4,"turns":3},{"damage":2,"enemies":"Exordium Wildlife","floor":5,"turns":5},{"damage":0,"enemies":"The Mushroom Lair","floor":7,"turns":1},{"damage":23,"enemies":"Gremlin Gang","floor":13,"turns":4},{"damage":0,"enemies":"Gremlin Nob","floor":14,"turns":3},{"damage":39,"enemies":"Slime Boss","floor":16,"turns":9},{"damage":0,"enemies":"2 Thieves","floor":18,"turns":1},{"damage":0,"enemies":"Spheric Guardian","floor":20,"turns":7},{"damage":0,"enemies":"Cultist and Chosen","floor":21,"turns":1},{"damage":6,"enemies":"conspire:Head Lice","floor":23,"turns":6},{"damage":0,"enemies":"Snake Plant","floor":25,"turns":4},{"damage":0,"enemies":"conspire:HollyBat","floor":27,"turns":8},{"damage":0,"enemies":"Centurion and Healer","floor":31,"turns":1},{"damage":6,"enemies":"Automaton","floor":33,"turns":7},{"damage":6,"enemies":"3 Shapes","floor":35,"turns":4},{"damage":7,"enemies":"Orb Walker","floor":37,"turns":5},{"damage":0,"enemies":"Maw","floor":38,"turns":5},{"damage":0,"enemies":"Transient","floor":39,"turns":1},{"damage":0,"enemies":"Nemesis","floor":40,"turns":7},{"damage":0,"enemies":"3 Darklings","floor":42,"turns":1},{"damage":0,"enemies":"Maw","floor":45,"turns":7},{"damage":0,"enemies":"Sphere and 2 Shapes","floor":47,"turns":5},{"damage":0,"enemies":"Writhing Mass","floor":48,"turns":1},{"damage":25,"enemies":"Time Eater","floor":50,"turns":8},{"damage":31,"enemies":"Shield and Spear","floor":54,"turns":7},{"damage":2,"enemies":"The Heart","floor":55,"turns":7}],"seed_played":"6956096711926700941","potions_obtained":[{"floor":1,"key":"Reflective Coating"},{"floor":2,"key":"PowerPotion"},{"floor":2,"key":"SteroidPotion"},{"floor":21,"key":"ColorlessPotion"}],"is_trial":false,"path_per_floor":["M","M","?","M","M","R","?","R","T","R","$","?","M","E","R_BF","B",null,"M","$","M","M","$","E","R","M","T","M","?","R","?","M","R_BF","B",null,"M","?","M","M","M","E","R","M","T","?","M","R","M","M","R","B",null,"R","$","E","B",null],"character_chosen":"SHADE","items_purchased":["Shade:Putrefaction","Replay:Wax Seal","Whetstone","ReplayUltimateDefense","Shade:FleshToFlesh","Replay:Rubber Ducky","MealTicket","hubris:EmptyBottle","Toy Ornithopter","aspiration:Lifesprig","DollysMirror"],"campfire_rested":0,"item_purchase_floors":[11,11,11,19,19,22,22,22,53,53,53],"current_hp_per_floor":[71,71,71,67,65,65,65,65,65,65,65,65,42,42,42,9,71,71,71,71,71,71,69,69,71,71,71,53,53,53,53,53,53,53,51,51,46,53,53,60,60,60,60,60,60,60,60,60,60,41,60,60,60,31,54],"gold":99358,"neow_bonus":"TEN_PERCENT_HP_BONUS","is_daily":false,"chose_seed":false,"campfire_upgraded":9,"win_rate":0.0,"timestamp":1612600833,"path_taken":["M","M","?","M","?","R","?","R","T","R","$","?","M","E","R_BF","BOSS","M","$","?","?","$","E","R","M","T","M","?","R","?","M","R_BF","BOSS","M","?","M","M","M","E","R","M","T","?","M","R","M","?","R","BOSS","R","$","E","BOSS"],"items_purchased_type":["Card","Relic","Relic","Card","Card","Relic","Relic","Relic","Relic","Relic","Relic"],"build_version":"2020-12-22","purchased_purges":0,"victory":true,"max_hp_per_floor":[71,71,71,71,71,71,71,71,71,71,71,71,71,71,71,71,71,71,71,71,71,71,71,71,71,71,71,53,53,53,53,53,53,53,53,53,53,53,53,60,60,60,60,60,60,60,60,60,60,60,60,60,60,60,60],"card_choices":[{"not_picked":["Shade:LyeBath","Shade:AncientSpear","Shade:Premonition"],"picked":"SKIP","floor":1},{"not_picked":["Shade:Premonition","Shade:FleshToFlesh"],"picked":"Shade:SkeletonHug","floor":2},{"not_picked":["Shade:CoffinDance","Shade:Brains"],"picked":"Shade:GraveStillness","floor":4},{"not_picked":["Shade:CallOfTheGrave","Shade:AncientSpear"],"picked":"Shade:PressTheAttack","floor":5},{"not_picked":["Shade:Brains","Shade:CommandSoldier"],"picked":"Shade:Carnophage","floor":7},{"not_picked":["Shade:FingerOfDeath","Shade:Premonition"],"picked":"Shade:WallOfFlesh","floor":13},{"not_picked":["Shade:SoulToxin","Shade:SoulPierce","Shade:ScuttlingHand"],"picked":"SKIP","floor":13},{"not_picked":["Shade:OminousRitual","Shade:PoundOfFlesh"],"picked":"Shade:Bite_Shade","floor":14},{"not_picked":["Shade:LoseControl","Shade:UnbarTheGrave"],"picked":"Shade:LichForm","floor":16},{"not_picked":["Shade:FingerOfDeath","Shade:GreyBargain","Shade:FuneraryArmor"],"picked":"SKIP","floor":18},{"not_picked":["Shade:FleshLikeOak","Shade:Frenzy"],"picked":"Shade:Bonestorm","floor":20},{"not_picked":["Shade:CoffinDance","Shade:AblativeArmor","Shade:Brains"],"picked":"SKIP","floor":21},{"not_picked":["Shade:SoulPierce","Shade:SkeletonHug+1","Shade:Patience"],"picked":"SKIP","floor":23},{"not_picked":["Shade:BoneShards","Shade:WallOfFlesh"],"picked":"Shade:AuraOfUnlife","floor":25},{"not_picked":["Shade:Tombstone","Shade:DangerousRitual+1","Shade:FuneraryArmor"],"picked":"SKIP","floor":27},{"not_picked":["Shade:GoDigging","Shade:SkeletonHug"],"picked":"Shade:FleshOffering","floor":31},{"not_picked":["Shade:SelfBurial","Shade:Tombstone"],"picked":"Shade:OfferingToTheBeyond","floor":33},{"not_picked":["Shade:Haruspicy","Shade:GraveStillness+1","Shade:Premonition+1"],"picked":"SKIP","floor":35},{"not_picked":["Shade:AncientSpear","Shade:BoneShards+1","Shade:GoDigging+1"],"picked":"SKIP","floor":37},{"not_picked":["Shade:FreshBones","Shade:WallOfFlesh+1"],"picked":"Shade:OpenGraves+1","floor":38},{"not_picked":["Shade:FeralStrike","Shade:PressTheAttack","Shade:Bonestorm"],"picked":"SKIP","floor":39},{"not_picked":["Shade:GraveStillness+1","Shade:FingerOfDeath+1","Shade:RavenousHorde+1"],"picked":"SKIP","floor":40},{"not_picked":["Shade:Premonition","Shade:AncientSpear","Shade:ClawBack+1"],"picked":"SKIP","floor":42},{"not_picked":["Shade:AncientSpear+1","Shade:Putrefaction","Shade:FuneraryArmor+1"],"picked":"SKIP","floor":45},{"not_picked":["Shade:GreyBargain+1","Shade:SkeletonHug","Shade:FuneraryArmor"],"picked":"SKIP","floor":47},{"not_picked":["Shade:FuneraryJewels+1","Shade:FleshToFlesh"],"picked":"Shade:Carnophage+1","floor":48},{"not_picked":["Shade:FleshOffering+1","Shade:PressTheAttack","Shade:SoulToxin+1"],"picked":"SKIP","floor":54}],"player_experience":1072202,"relics_obtained":[{"floor":7,"key":"Odd Mushroom"},{"floor":14,"key":"InkBottle"},{"floor":23,"key":"RetroEgg"},{"floor":26,"key":"conspire:Dentures"},{"floor":40,"key":"Strawberry"},{"floor":54,"key":"hubris:CuriousFeather"}],"event_choices":[{"damage_healed":0,"gold_gain":0,"player_choice":"Trade","damage_taken":0,"relics_obtained":["CultistMask"],"max_hp_gain":0,"max_hp_loss":0,"event_name":"FaceTrader","floor":3,"gold_loss":0},{"damage_healed":0,"gold_gain":0,"player_choice":"Fought Mushrooms","damage_taken":0,"max_hp_gain":0,"max_hp_loss":0,"event_name":"Mushrooms","floor":7,"gold_loss":0},{"damage_healed":0,"gold_gain":0,"player_choice":"Bought 0 Potions","damage_taken":0,"max_hp_gain":0,"max_hp_loss":0,"event_name":"The Woman in Blue","floor":12,"gold_loss":0},{"damage_healed":0,"gold_gain":0,"player_choice":"Became a vampire","damage_taken":0,"max_hp_gain":0,"max_hp_loss":18,"event_name":"Vampires","floor":28,"gold_loss":0,"cards_obtained":["Bite","Bite","Bite","Bite"]},{"cards_removed":["Shade:Defend_Shade"],"damage_healed":0,"gold_gain":0,"player_choice":"Removed Skill","damage_taken":0,"max_hp_gain":0,"max_hp_loss":0,"event_name":"Falling","floor":36,"gold_loss":0},{"cards_removed":["hubris:Lust"],"damage_healed":0,"gold_gain":0,"player_choice":"Offered Curse","damage_taken":0,"relics_obtained":["Spirit Poop"],"max_hp_gain":0,"max_hp_loss":0,"event_name":"Bonfire Elementals","floor":44,"gold_loss":0}],"is_beta":false,"boss_relics":[{"not_picked":["hubris:RunicObelisk","energizedSpire:EnergizedDie"],"picked":"Cursed Key"},{"not_picked":["aspiration:FutureDiary","energizedSpire:HugeHouse","Replay:Fungal Core"]}],"items_purged_floors":[],"is_endless":false,"potions_floor_spawned":[1,2,21,25,27,33,39,42,45,54],"ascension_level":0}}