{"host":"timevagabond","time":1612640672,"event":{"mods":["BaseMod","Bestiary","Colored Map","Filter the Spire","Minty Spire (QoL Compilation)"],"gold_per_floor":[20,31,49,61,81,81,48,78,78,108,108,118,118,146,146,251,251,269,269,289,18,31,31,31,46,46,72,82,82,117,117,117],"floor_reached":31,"language":"ENG","playtime":1552,"items_purged":[],"score":441,"play_id":"921c1f53-a905-4671-8b28-07d1319ff5e6","local_time":"20210206144432","is_ascension_mode":true,"campfire_choices":[{"data":"Beam Cell","floor":6.0,"key":"SMITH"},{"data":"Reboot","floor":11.0,"key":"SMITH"},{"data":"FTL","floor":15.0,"key":"SMITH"},{"data":"RitualDagger","floor":24,"key":"SMITH"}],"circlet_count":0,"master_deck":["Defend_B","Defend_B","Defend_B","Defend_B","Dualcast+1","Streamline","Beam Cell+1","FTL+1","FTL","Skim","Rip and Tear+1","Reboot+1","Go for the Eyes","Reboot","Glacier+1","Glacier+1","Streamline+1","Melter","RitualDagger+1","Rebound","Auto Shields+1","Bite","Bite","Bite","Bite","Bite","Steam","Sweeping Beam+1","Echo Form","Reinforced Body+1"],"relics":["Cracked Core","CaptainsWheel","Meat on the Bone","Symbiotic Virus","Pantograph","Kunai","Astrolabe","Membership Card","Sundial","Toy Ornithopter","Tiny Chest","Letter Opener"],"acts_visited":["Exordium","TheCity"],"potions_floor_usage":[27],"damage_taken":[{"damage":1.0,"enemies":"Cultist","floor":1.0,"turns":4.0},{"damage":0.0,"enemies":"2 Louse","floor":2.0,"turns":2.0},{"damage":0.0,"enemies":"Small Slimes","floor":3.0,"turns":2.0},{"damage":1.0,"enemies":"2 Fungi Beasts","floor":4.0,"turns":2.0},{"damage":6.0,"enemies":"Blue Slaver","floor":5.0,"turns":3.0},{"damage":15.0,"enemies":"3 Sentries","floor":8.0,"turns":5.0},{"damage":14.0,"enemies":"3 Louse","floor":12.0,"turns":2.0},{"damage":0.0,"enemies":"Gremlin Nob","floor":14.0,"turns":2.0},{"damage":0.0,"enemies":"Slime Boss","floor":16.0,"turns":5.0},{"damage":0.0,"enemies":"Shell Parasite","floor":18.0,"turns":2.0},{"damage":25.0,"enemies":"2 Thieves","floor":20.0,"turns":4.0},{"damage":0,"enemies":"Sentry and Sphere","floor":22,"turns":2},{"damage":0,"enemies":"Centurion and Healer","floor":25,"turns":5},{"damage":40,"enemies":"Book of Stabbing","floor":27,"turns":7},{"damage":18,"enemies":"Cultist and Chosen","floor":28,"turns":6},{"damage":17,"enemies":"Slavers","floor":30,"turns":11},{"damage":37,"enemies":"Shelled Parasite and Fungi","floor":31,"turns":6}],"seed_played":"-3812076540047697457","potions_obtained":[{"floor":3.0,"key":"Energy Potion"},{"floor":8.0,"key":"Weak Potion"},{"floor":12.0,"key":"GamblersBrew"},{"floor":20.0,"key":"PotionOfCapacity"},{"floor":28,"key":"GamblersBrew"}],"is_trial":false,"path_per_floor":["M","M","M","M","M","R","$","E","T","?","R","M","?","E","R","B",null,"M","?","M","$","M","?","R","M","T","E","M","?","E","M"],"character_chosen":"DEFECT","items_purchased":["Rip and Tear","Membership Card","Sundial"],"campfire_rested":0,"item_purchase_floors":[7,21,21],"current_hp_per_floor":[74,74,74,73,67,67,67,52,52,52,52,38,23,35,35,60,75,75,69,44,44,44,44,44,50,50,30,30,22,27,0,0],"gold":117,"neow_bonus":"ONE_RARE_RELIC","is_daily":false,"chose_seed":false,"campfire_upgraded":4,"win_rate":0.0,"timestamp":1612640672,"path_taken":["M","M","M","?","M","R","$","E","T","?","R","M","?","E","R","BOSS","M","?","M","$","M","?","R","M","T","E","M","?","E","M"],"items_purchased_type":["Card","Relic","Relic"],"build_version":"2020-12-18","purchased_purges":0,"victory":false,"max_hp_per_floor":[75,75,75,75,75,75,75,75,75,75,75,75,75,75,75,75,75,75,75,75,75,75,52,52,52,52,52,52,57,57,57,57],"card_choices":[{"not_picked":["Coolheaded","Aggregate"],"picked":"Streamline","floor":1.0},{"not_picked":["Redo","Glacier"],"picked":"Beam Cell","floor":2.0},{"not_picked":["Sunder","Hello World"],"picked":"FTL","floor":3.0},{"not_picked":["Static Discharge","Defragment"],"picked":"FTL","floor":4.0},{"not_picked":["Rip and Tear","White Noise"],"picked":"Skim","floor":5.0},{"not_picked":["FTL","Conserve Battery"],"picked":"Reboot","floor":8.0},{"not_picked":["Ball Lightning","Redo","Double Energy"],"picked":"SKIP","floor":12.0},{"not_picked":["Ball Lightning","Rip and Tear"],"picked":"Go for the Eyes","floor":14.0},{"not_picked":["Creative AI","Biased Cognition"],"picked":"Reboot","floor":16.0},{"not_picked":["Compile Driver+1","Static Discharge"],"picked":"Melter","floor":18.0},{"not_picked":["Skim+1","Coolheaded"],"picked":"Rebound","floor":20.0},{"not_picked":["Barrage","Darkness+1"],"picked":"Auto Shields+1","floor":22},{"not_picked":["Ball Lightning","Barrage"],"picked":"Steam","floor":25},{"not_picked":["Blizzard","Loop"],"picked":"Sweeping Beam+1","floor":27},{"not_picked":["Conserve Battery","Double Energy"],"picked":"Echo Form","floor":28},{"not_picked":["Rebound","Consume+1"],"picked":"Reinforced Body+1","floor":30}],"player_experience":200155,"relics_obtained":[{"floor":8.0,"key":"Meat on the Bone"},{"floor":9.0,"key":"Symbiotic Virus"},{"floor":14.0,"key":"Kunai"},{"floor":26,"key":"Toy Ornithopter"},{"floor":27,"key":"Tiny Chest"},{"floor":30,"key":"Letter Opener"}],"event_choices":[{"damage_healed":0.0,"max_hp_gain":0.0,"max_hp_loss":0.0,"gold_gain":30.0,"event_name":"Dead Adventurer","player_choice":"Searched \u00272\u0027 times","floor":10.0,"gold_loss":0.0,"damage_taken":0.0,"relics_obtained":["Pantograph"]},{"damage_healed":0.0,"max_hp_gain":0.0,"max_hp_loss":0.0,"gold_gain":30.0,"event_name":"Dead Adventurer","player_choice":"Searched \u00272\u0027 times","floor":10.0,"gold_loss":0.0,"damage_taken":0.0,"relics_obtained":["Pantograph"]},{"damage_healed":0.0,"max_hp_gain":0.0,"max_hp_loss":0.0,"gold_gain":0.0,"event_name":"Shining Light","player_choice":"Entered Light","floor":13.0,"gold_loss":0.0,"damage_taken":15.0,"cards_upgraded":["Rip and Tear","Dualcast"]},{"damage_healed":0.0,"max_hp_gain":0.0,"max_hp_loss":0.0,"gold_gain":0.0,"event_name":"Nest","player_choice":"Joined the Cult","floor":19.0,"gold_loss":0.0,"damage_taken":6.0,"cards_obtained":["RitualDagger"]},{"damage_healed":0,"gold_gain":0,"player_choice":"Became a vampire","damage_taken":0,"max_hp_gain":0,"max_hp_loss":23,"event_name":"Vampires","floor":23,"gold_loss":0,"cards_obtained":["Bite","Bite","Bite","Bite","Bite"]},{"damage_healed":0,"gold_gain":0,"player_choice":"Shed Blood","damage_taken":13,"max_hp_gain":5,"max_hp_loss":0,"event_name":"Forgotten Altar","floor":29,"gold_loss":0}],"is_beta":true,"boss_relics":[{"not_picked":["Ectoplasm","Fusion Hammer"],"picked":"Astrolabe"}],"items_purged_floors":[],"is_endless":false,"potions_floor_spawned":[3,8,12,16,20,25,28],"killed_by":"Shelled Parasite and Fungi","ascension_level":3}}