{"host":"j5shy70asow5koz5","time":1612587371,"event":{"mods":["2.2 Compatiblity","Arknights","BaseMod","Colored Map","Marisa£¨Ùöéë¡¡Øª×âÞÞ£©","Minty Spire (QoL Compilation)","Prisma Mod","StSLib","SuperFastMode","Td1madao Mod","The Disciple","The Gatherer","The Servant 0.9.4","Waifu the Spire"],"gold_per_floor":[109,126,25,25,42,42,52,52,77,77,92,124,124,136,136,235,235,251,263,263,263],"floor_reached":20,"language":"KOR","playtime":586,"items_purged":["Strike_R"],"score":201,"play_id":"616a85ea-0a39-4a1b-9b72-70a078f0876f","local_time":"20210206135611","is_ascension_mode":false,"campfire_choices":[{"data":"Demon Form","floor":6.0,"key":"SMITH"},{"data":"Hemokinesis","floor":8.0,"key":"SMITH"},{"data":"Pommel Strike","floor":10.0,"key":"SMITH"},{"data":"Uppercut","floor":13.0,"key":"SMITH"},{"data":"Bash","floor":15.0,"key":"SMITH"}],"circlet_count":0,"master_deck":["Strike_R","Strike_R","Strike_R","Defend_R","Defend_R","Defend_R","Defend_R","Bash+1","Hemokinesis+1","Shrug It Off","Demon Form+1","Pommel Strike+1","True Grit","Uppercut+1","Shrug It Off","Limit Break","Twin Strike","Second Wind+1"],"relics":["Burning Blood","Strawberry","Regal Pillow","Black Star"],"acts_visited":["Exordium","TheCity"],"potions_floor_usage":[20],"damage_taken":[{"damage":6.0,"enemies":"Cultist","floor":1.0,"turns":3.0},{"damage":10.0,"enemies":"Small Slimes","floor":2.0,"turns":3.0},{"damage":8.0,"enemies":"Jaw Worm","floor":5.0,"turns":2.0},{"damage":30.0,"enemies":"Gremlin Gang","floor":7.0,"turns":6.0},{"damage":21.0,"enemies":"Blue Slaver","floor":11.0,"turns":5.0},{"damage":25.0,"enemies":"Gremlin Nob","floor":12.0,"turns":4.0},{"damage":12.0,"enemies":"2 Fungi Beasts","floor":14.0,"turns":4.0},{"damage":8.0,"enemies":"Hexaghost","floor":16.0,"turns":8.0},{"damage":12.0,"enemies":"Chosen","floor":18.0,"turns":4.0},{"damage":38.0,"enemies":"Spheric Guardian","floor":19.0,"turns":5.0},{"damage":64,"enemies":"Cultist and Chosen","floor":20,"turns":6}],"seed_played":"-8538029635451461844","potions_obtained":[{"floor":7.0,"key":"SneckoOil"},{"floor":11.0,"key":"Regen Potion"},{"floor":12.0,"key":"SteroidPotion"},{"floor":16.0,"key":"SkillPotion"}],"is_trial":false,"path_per_floor":["M","M","$","?","M","R","M","R","T","R","M","E","R","M","R","B",null,"M","M","M"],"character_chosen":"IRONCLAD","items_purchased":["Shrug It Off"],"campfire_rested":0,"item_purchase_floors":[3],"current_hp_per_floor":[88,84,84,84,82,82,58,58,65,65,50,40,40,34,34,32,95,89,57,0,0],"gold":263,"neow_bonus":"TEN_PERCENT_HP_BONUS","is_daily":false,"chose_seed":false,"campfire_upgraded":5,"win_rate":0.0,"timestamp":1612587371,"path_taken":["M","M","$","?","?","R","M","R","T","R","M","E","R","M","R","BOSS","M","M","M"],"items_purchased_type":["Card"],"build_version":"2020-12-22","purchased_purges":1,"victory":false,"max_hp_per_floor":[88,88,88,88,88,88,88,88,95,95,95,95,95,95,95,95,95,95,95,95,95],"card_choices":[{"not_picked":["True Grit","Clash"],"picked":"Hemokinesis","floor":1.0},{"not_picked":["Heavy Blade","Blood for Blood","Anger"],"picked":"SKIP","floor":2.0},{"not_picked":["Body Slam","Flex","Battle Trance"],"picked":"SKIP","floor":5.0},{"not_picked":["Seeing Red","Flex"],"picked":"Pommel Strike","floor":7.0},{"not_picked":["Second Wind","Thunderclap"],"picked":"True Grit","floor":11.0},{"not_picked":["Blood for Blood","Clash"],"picked":"Uppercut","floor":12.0},{"not_picked":["Corruption","Twin Strike"],"picked":"Shrug It Off","floor":14.0},{"not_picked":["Feed","Double Tap"],"picked":"Limit Break","floor":16.0},{"not_picked":["Thunderclap","True Grit"],"picked":"Twin Strike","floor":18.0},{"not_picked":["Ghostly Armor","Flex"],"picked":"Second Wind+1","floor":19.0}],"player_experience":75408,"relics_obtained":[{"floor":9.0,"key":"Strawberry"},{"floor":12.0,"key":"Regal Pillow"}],"event_choices":[{"damage_healed":0.0,"max_hp_gain":0.0,"max_hp_loss":0.0,"gold_gain":0.0,"cards_transformed":["Strike_R"],"event_name":"Transmorgrifier","player_choice":"Transformed","floor":4.0,"gold_loss":0.0,"damage_taken":0.0,"cards_obtained":["Demon Form"]}],"is_beta":false,"boss_relics":[{"not_picked":["Coffee Dripper","Runic Dome"],"picked":"Black Star"}],"items_purged_floors":[3],"is_endless":false,"potions_floor_spawned":[7,11,12,16],"killed_by":"Cultist and Chosen","ascension_level":0}}