{"host":"j14jowy3nc3m7wd7","time":1612589875,"event":{"mods":["AchievementEnabler","BaseMod","Bestiary","Curses Come First","Minty Spire (QoL Compilation)","Permanent Neow","Relic Stats","StSLib"],"gold_per_floor":[363,381,381,40,53,89,89,123,123,123,123],"floor_reached":10,"language":"ENG","playtime":287,"items_purged":[],"score":152,"play_id":"b8a30dee-9b63-42d0-aedf-c6206f36f985","local_time":"20210205213755","is_ascension_mode":true,"campfire_choices":[{"floor":7,"key":"REST"}],"circlet_count":0,"master_deck":["AscendersBane","Strike_G","Strike_G","Strike_G","Strike_G","Strike_G","Defend_G","Defend_G","Defend_G","Defend_G","Defend_G","Survivor","Neutralize","Sucker Punch","Poisoned Stab","Deadly Poison","Adrenaline"],"relics":["Ring of the Snake","Golden Idol","Eternal Feather","Nunchaku","Pantograph","Oddly Smooth Stone"],"acts_visited":["Exordium"],"potions_floor_usage":[6,8],"damage_taken":[{"damage":6.0,"enemies":"2 Louse","floor":1.0,"turns":3.0},{"damage":12.0,"enemies":"Jaw Worm","floor":2.0,"turns":5.0},{"damage":0,"enemies":"Cultist","floor":5,"turns":3},{"damage":35,"enemies":"Lagavulin","floor":6,"turns":7},{"damage":24,"enemies":"Gremlin Nob","floor":8,"turns":4},{"damage":8,"enemies":"Lagavulin","floor":10,"turns":3}],"seed_played":"2651927439259844858","potions_obtained":[{"floor":5,"key":"Ancient Potion"},{"floor":6,"key":"DistilledChaos"}],"is_trial":false,"path_per_floor":["M","M","?","$","M","E","R","E","T","E"],"character_chosen":"THE_SILENT","items_purchased":["Poisoned Stab","Eternal Feather"],"campfire_rested":1,"item_purchase_floors":[4,4],"current_hp_per_floor":[53,41,41,41,41,6,31,7,7,0,0],"gold":123,"neow_bonus":"TWO_FIFTY_GOLD","is_daily":false,"chose_seed":false,"campfire_upgraded":0,"win_rate":0.0,"timestamp":1612589875,"path_taken":["M","M","?","$","M","E","R","E","T","E"],"items_purchased_type":["Card","Relic"],"build_version":"2020-12-22","purchased_purges":0,"victory":false,"max_hp_per_floor":[60,60,54,54,54,54,54,54,54,54,54],"relic_stats":{"Nunchaku":[1],"counters":[6,25],"Golden Idol":17,"Pantograph":0,"Eternal Feather":9,"obtain_stats":[{"Nunchaku":6,"Golden Idol":3,"Pantograph":8,"Oddly Smooth Stone":9,"Eternal Feather":4,"Ring of the Snake":0},{"Nunchaku":4,"Golden Idol":2,"Pantograph":5,"Oddly Smooth Stone":5,"Eternal Feather":2,"Ring of the Snake":0},{"Nunchaku":18,"Golden Idol":8,"Pantograph":22,"Oddly Smooth Stone":22,"Eternal Feather":8,"Ring of the Snake":0}],"Ring of the Snake":[12]},"card_choices":[{"not_picked":["Infinite Blades","Eviscerate"],"picked":"Sucker Punch","floor":1.0},{"not_picked":["PiercingWail","Outmaneuver","Escape Plan"],"picked":"SKIP","floor":2.0},{"not_picked":["Dagger Spray","Dagger Throw"],"picked":"Deadly Poison","floor":5},{"not_picked":["Deflect","Acrobatics","Flechettes"],"picked":"SKIP","floor":6},{"not_picked":["Poisoned Stab","Finisher"],"picked":"Adrenaline","floor":8}],"player_experience":8632,"relics_obtained":[{"floor":6,"key":"Nunchaku"},{"floor":8,"key":"Pantograph"},{"floor":9,"key":"Oddly Smooth Stone"}],"event_choices":[{"damage_healed":0.0,"max_hp_gain":0.0,"max_hp_loss":6.0,"gold_gain":0.0,"event_name":"Golden Idol","player_choice":"Lose Max HP","floor":3.0,"gold_loss":0.0,"damage_taken":0.0,"relics_obtained":["Golden Idol"]}],"is_beta":false,"boss_relics":[],"items_purged_floors":[],"is_endless":false,"potions_floor_spawned":[5,6],"killed_by":"Lagavulin","ascension_level":20}}