{"host":"rylkjufw9dlhr07b","time":1612651046,"event":{"mods":["AchievementEnabler","BaseMod","Better Note","BetterRewards","Hubris","Minty Spire (QoL Compilation)","Quick Restart","StSLib"],"gold_per_floor":[110,110,385,403,403,433,433,433,433,453,486,498,498,498,498,677,677,796,796,711,176,204,234,164,164,164,164,174,174,189,208,208,280,280,294,31,44,44,44,54,69,101,101,101,131,131,144,161,161,161],"floor_reached":51,"language":"FRA","playtime":2459,"items_purged":["Regret"],"score":1651,"play_id":"f98f0aea-7341-47dc-a064-e34b35ffd1d8","local_time":"20210206233726","is_ascension_mode":true,"campfire_choices":[{"floor":7.0,"key":"REST"},{"floor":15.0,"key":"REST"},{"data":"Finisher","floor":25.0,"key":"SMITH"},{"data":"Accuracy","floor":29.0,"key":"SMITH"},{"data":"Sucker Punch","floor":32,"key":"SMITH"},{"data":"Noxious Fumes","floor":44,"key":"SMITH"},{"data":"Noxious Fumes","floor":49,"key":"SMITH"}],"circlet_count":0,"master_deck":["AscendersBane","Strike_G","Strike_G","Strike_G","Strike_G","Strike_G","Defend_G","Defend_G","Defend_G","Defend_G","Defend_G","Survivor","Neutralize","Accuracy+1","Blade Dance","Slice","Backstab","Underhanded Strike","Finisher+1","Noxious Fumes+1","Noxious Fumes+1","Deflect","Deadly Poison","Bullet Time","Deadly Poison","After Image","Slice","Footwork","Infinite Blades","Sucker Punch+1","Dagger Throw","Heel Hook","Slice","Poisoned Stab","Writhe","Infinite Blades","Choke+1","Backflip+1"],"relics":["Ring of the Snake","Medical Kit","MealTicket","hubris:Towel","Toy Ornithopter","Paper Crane","Eternal Feather","hubris:Icosahedron","WristBlade","Blood Vial","Meat on the Bone","Red Mask","hubris:GlazedTorus","hubris:MedicalManual","Nunchaku","hubris:Backtick","hubris:OldNail","Singing Bowl","Gremlin Horn","InkBottle","Pantograph"],"acts_visited":["Exordium","TheCity","TheBeyond"],"potions_floor_usage":[33,37,41,42],"damage_taken":[{"damage":6.0,"enemies":"Jaw Worm","floor":1.0,"turns":4.0},{"damage":0.0,"enemies":"2 Louse","floor":4.0,"turns":2.0},{"damage":33.0,"enemies":"Gremlin Nob","floor":6.0,"turns":4.0},{"damage":0.0,"enemies":"Cultist","floor":10.0,"turns":2.0},{"damage":8.0,"enemies":"Lagavulin","floor":11.0,"turns":6.0},{"damage":0.0,"enemies":"Large Slime","floor":12.0,"turns":4.0},{"damage":56.0,"enemies":"Slime Boss","floor":16.0,"turns":9.0},{"damage":20.0,"enemies":"Chosen","floor":18.0,"turns":5.0},{"damage":46.0,"enemies":"Masked Bandits","floor":22.0,"turns":5.0},{"damage":9.0,"enemies":"Gremlin Leader","floor":23.0,"turns":8.0},{"damage":0.0,"enemies":"3 Byrds","floor":28.0,"turns":3.0},{"damage":2.0,"enemies":"Centurion and Healer","floor":30.0,"turns":5.0},{"damage":7,"enemies":"Snecko","floor":31,"turns":4},{"damage":44,"enemies":"Champ","floor":33,"turns":9},{"damage":0,"enemies":"Orb Walker","floor":35,"turns":3},{"damage":23,"enemies":"3 Darklings","floor":37,"turns":7},{"damage":37,"enemies":"Spire Growth","floor":40,"turns":6},{"damage":45,"enemies":"Transient","floor":41,"turns":5},{"damage":54,"enemies":"Giant Head","floor":42,"turns":7},{"damage":34,"enemies":"Reptomancer","floor":45,"turns":5},{"damage":28,"enemies":"Maw","floor":47,"turns":7},{"damage":16,"enemies":"4 Shapes","floor":48,"turns":9},{"damage":87,"enemies":"hubris:GrandSnecko","floor":50,"turns":10}],"seed_played":"8233829052620861248","potions_obtained":[{"floor":6.0,"key":"Block Potion"},{"floor":11.0,"key":"LiquidMemories"},{"floor":16.0,"key":"Swift Potion"},{"floor":28.0,"key":"BlessingOfTheForge"},{"floor":31,"key":"AttackPotion"},{"floor":33,"key":"AttackPotion"},{"floor":40,"key":"DuplicationPotion"},{"floor":41,"key":"Swift Potion"}],"is_trial":false,"path_per_floor":["M","?","?","M","?","E","R","?","T","M","E","M","?","?","R","B",null,"M","?","?","$","?","E","$","R","T","T","M","R","M","M","R","B",null,"M","$","M","?","NS","M","M","E","T","R","E","?","M","M","R","B",null],"character_chosen":"THE_SILENT","items_purchased":["Medical Kit","Accuracy","Blade Dance","MealTicket","Slice","Backstab","FairyPotion","Strength Potion","After Image","Meat on the Bone","Slice","SteroidPotion","Infinite Blades","Singing Bowl","Poisoned Stab"],"campfire_rested":2,"item_purchase_floors":[0,0,0,0,0,0,0,0,21,21,21,21,24,36,36],"current_hp_per_floor":[31,34,34,34,34,1,21,21,21,21,18,23,28,28,62,6,57,42,42,42,57,25,30,45,60,60,60,67,74,72,67,74,42,66,68,74,53,72,72,49,25,37,37,58,38,90,64,50,71,17],"gold":161,"neow_bonus":"","is_daily":false,"chose_seed":false,"campfire_upgraded":5,"win_rate":0.0,"timestamp":1612651046,"path_taken":["M","?","?","?","?","E","R","?","T","?","E","?","?","?","R","BOSS","M","?","?","$","?","E","$","R","T","?","M","R","M","?","R","BOSS","M","$","M","?","NS","M","M","E","T","R","E","?","?","M","R","BOSS"],"items_purchased_type":["Relic","Card","Card","Relic","Card","Card","Potion","Potion","Card","Relic","Card","Potion","Card","Relic","Card"],"build_version":"2020-12-22","purchased_purges":1,"victory":true,"max_hp_per_floor":[66,69,69,69,69,69,69,69,69,69,69,69,74,74,74,74,74,74,74,74,74,74,74,74,74,74,74,74,74,74,74,74,74,74,74,74,76,76,76,76,78,80,80,80,80,90,92,92,92,92],"card_choices":[{"not_picked":["Expertise","Crippling Poison"],"picked":"Underhanded Strike","floor":1.0},{"not_picked":["Flying Knee","Prepared"],"picked":"Finisher","floor":4.0},{"not_picked":["Dodge and Roll","Blade Dance"],"picked":"Noxious Fumes","floor":6.0},{"not_picked":["Slice","Deadly Poison"],"picked":"Noxious Fumes","floor":10.0},{"not_picked":["Dodge and Roll","Dagger Spray"],"picked":"Deflect","floor":11.0},{"not_picked":["Bouncing Flask","Caltrops"],"picked":"Deadly Poison","floor":12.0},{"not_picked":["Malaise","A Thousand Cuts"],"picked":"Bullet Time","floor":16.0},{"not_picked":["Backstab","Outmaneuver"],"picked":"Deadly Poison","floor":18.0},{"not_picked":["Quick Slash","Deflect"],"picked":"Footwork","floor":23.0},{"not_picked":["Deadly Poison","Malaise"],"picked":"Sucker Punch","floor":28.0},{"not_picked":["Poisoned Stab","Dodge and Roll"],"picked":"Dagger Throw","floor":30.0},{"not_picked":["Poisoned Stab","Dodge and Roll"],"picked":"Heel Hook","floor":31},{"not_picked":["Storm of Steel","After Image"],"picked":"A Thousand Cuts","floor":33},{"not_picked":["Deflect","hubris:SlightOfHand"],"picked":"Slice","floor":35},{"not_picked":["Endless Agony","Poisoned Stab","Backflip"],"picked":"Singing Bowl","floor":37},{"not_picked":["Accuracy","Crippling Poison"],"picked":"Infinite Blades","floor":40},{"not_picked":["Unload","Flying Knee","Prepared+1"],"picked":"Singing Bowl","floor":41},{"not_picked":["Predator","Catalyst","Acrobatics+1"],"picked":"Singing Bowl","floor":42},{"not_picked":["Outmaneuver","Tactician"],"picked":"Choke+1","floor":45},{"not_picked":["Catalyst","Caltrops","Tactician+1"],"picked":"Singing Bowl","floor":47},{"not_picked":["Acrobatics","Poisoned Stab"],"picked":"Backflip+1","floor":48}],"player_experience":580401,"relics_obtained":[{"floor":6.0,"key":"Toy Ornithopter"},{"floor":9.0,"key":"Paper Crane"},{"floor":11.0,"key":"Eternal Feather"},{"floor":22.0,"key":"Red Mask"},{"floor":23.0,"key":"hubris:GlazedTorus"},{"floor":26.0,"key":"hubris:MedicalManual"},{"floor":27.0,"key":"Nunchaku"},{"floor":42,"key":"Gremlin Horn"},{"floor":43,"key":"InkBottle"},{"floor":45,"key":"Pantograph"}],"event_choices":[{"damage_healed":0.0,"max_hp_gain":0.0,"max_hp_loss":0.0,"gold_gain":275.0,"event_name":"Golden Shrine","player_choice":"Desecrate","floor":3.0,"gold_loss":0.0,"damage_taken":0.0,"cards_obtained":["Regret"]},{"damage_healed":0.0,"max_hp_gain":0.0,"max_hp_loss":0.0,"gold_gain":0.0,"event_name":"Lab","player_choice":"Got Potions","floor":8.0,"gold_loss":0.0,"damage_taken":0.0},{"damage_healed":0.0,"max_hp_gain":5.0,"max_hp_loss":0.0,"gold_gain":0.0,"event_name":"Big Fish","player_choice":"Donut","floor":13.0,"gold_loss":0.0,"damage_taken":0.0},{"damage_healed":0.0,"max_hp_gain":0.0,"max_hp_loss":0.0,"gold_gain":0.0,"event_name":"betterNote:BetterNote","player_choice":"Ignored","floor":19.0,"gold_loss":0.0,"damage_taken":0.0,"cards_obtained":["SignatureMove"]},{"damage_healed":0.0,"max_hp_gain":0.0,"max_hp_loss":0.0,"gold_gain":0.0,"event_name":"Addict","player_choice":"Obtained Relic","floor":20.0,"gold_loss":85.0,"damage_taken":0.0,"relics_obtained":["Blood Vial"]},{"damage_healed":0.0,"max_hp_gain":0.0,"max_hp_loss":0.0,"gold_gain":0.0,"event_name":"Masked Bandits","player_choice":"Fought Bandits","floor":22.0,"gold_loss":0.0,"damage_taken":0.0},{"damage_healed":19,"gold_gain":0,"player_choice":"Writhe","damage_taken":0,"max_hp_gain":0,"max_hp_loss":0,"event_name":"Winding Halls","floor":38,"gold_loss":0,"cards_obtained":["Writhe"]},{"cards_removed":["A Thousand Cuts"],"damage_healed":42,"gold_gain":0,"player_choice":"Offered Rare","damage_taken":0,"max_hp_gain":10,"max_hp_loss":0,"event_name":"Bonfire Elementals","floor":46,"gold_loss":0}],"is_beta":false,"boss_relics":[{"not_picked":["Astrolabe","Runic Dome"],"picked":"WristBlade"},{"not_picked":["hubris:GrandSneckoEye","Black Star"],"picked":"hubris:Backtick"}],"items_purged_floors":[21],"is_endless":false,"potions_floor_spawned":[6,11,16,23,28,31,33,35,40,41],"ascension_level":14}}