{"host":"n4f6h2mlrt4e12he","time":1612653416,"event":{"mods":["2.2 Compatiblity","AchievementEnabler","BaseMod","Colored Map","Highlight Path","Minty Spire (QoL Compilation)","Shop Mod","StSLib"],"gold_per_floor":[114,13,24,124,135,135,161,161,161,188,207,223,258,277,277,382,382,394,394,405,305,315,315,315],"floor_reached":23,"language":"ENG","playtime":1863,"items_purged":["Regret","Defend_R"],"score":446,"play_id":"f326b565-f088-46d2-b242-6b83791e0d3c","local_time":"20210206181656","is_ascension_mode":true,"campfire_choices":[{"data":"Armaments","floor":6,"key":"SMITH"},{"data":"Body Slam","floor":8,"key":"SMITH"},{"data":"True Grit","floor":15,"key":"SMITH"}],"circlet_count":0,"master_deck":["AscendersBane","Strike_R","Strike_R","Strike_R","Strike_R","Strike_R","Defend_R","Defend_R","Defend_R","Bash","Hemokinesis","Armaments+1","Body Slam+1","Offering","Uppercut","True Grit+1","Brutality","Immolate","Rupture","Shrug It Off+1"],"relics":["Burning Blood","Thread and Needle","Peace Pipe","Shuriken","Strawberry","HornCleat","Snecko Eye"],"acts_visited":["Exordium","TheCity"],"potions_floor_usage":[7,7,12,13,16,20,22],"damage_taken":[{"damage":5,"enemies":"Jaw Worm","floor":1,"turns":4},{"damage":2,"enemies":"Cultist","floor":3,"turns":3},{"damage":2,"enemies":"2 Louse","floor":5,"turns":3},{"damage":20,"enemies":"Lagavulin","floor":7,"turns":4},{"damage":11,"enemies":"3 Sentries","floor":10,"turns":8},{"damage":8,"enemies":"Looter","floor":11,"turns":1},{"damage":2,"enemies":"Blue Slaver","floor":12,"turns":3},{"damage":10,"enemies":"Lagavulin","floor":13,"turns":4},{"damage":14,"enemies":"Large Slime","floor":14,"turns":5},{"damage":21,"enemies":"The Guardian","floor":16,"turns":9},{"damage":7,"enemies":"Spheric Guardian","floor":18,"turns":3},{"damage":7,"enemies":"Shell Parasite","floor":20,"turns":3},{"damage":19,"enemies":"Snake Plant","floor":22,"turns":4},{"damage":64,"enemies":"Slavers","floor":23,"turns":5}],"seed_played":"1071554828309312930","potions_obtained":[{"floor":1,"key":"AttackPotion"},{"floor":3,"key":"AttackPotion"},{"floor":10,"key":"DuplicationPotion"},{"floor":12,"key":"PowerPotion"},{"floor":13,"key":"DistilledChaos"},{"floor":18,"key":"Energy Potion"},{"floor":20,"key":"ColorlessPotion"}],"is_trial":false,"path_per_floor":["M","$","M","?","M","R","E","R","T","E","M","M","E","M","R","B",null,"M","?","M","$","M","E"],"character_chosen":"IRONCLAD","items_purchased":["Armaments"],"campfire_rested":0,"item_purchase_floors":[2],"current_hp_per_floor":[73,73,77,77,80,80,66,66,66,68,66,70,66,58,58,43,76,75,75,74,74,61,0,0],"gold":315,"neow_bonus":"ONE_RARE_RELIC","is_daily":false,"chose_seed":false,"campfire_upgraded":3,"win_rate":0.0,"timestamp":1612653416,"path_taken":["M","$","M","?","M","R","E","R","T","E","M","?","E","M","R","BOSS","M","?","M","$","M","E"],"items_purchased_type":["Card"],"build_version":"2020-12-22","purchased_purges":2,"victory":false,"max_hp_per_floor":[80,80,80,80,80,80,80,80,80,87,87,87,87,87,87,87,87,87,87,87,87,87,87,87],"card_choices":[{"not_picked":["Feel No Pain","Havoc"],"picked":"Hemokinesis","floor":1},{"not_picked":["Dropkick","Armaments"],"picked":"Body Slam","floor":3},{"not_picked":["Perfected Strike","Clash","Shockwave"],"picked":"SKIP","floor":5},{"not_picked":["Havoc","Blood for Blood"],"picked":"Offering","floor":7},{"not_picked":["Heavy Blade","Sentinel"],"picked":"Uppercut","floor":10},{"not_picked":["Wild Strike","Perfected Strike","Clash"],"picked":"SKIP","floor":11},{"not_picked":["Heavy Blade","Hemokinesis"],"picked":"True Grit","floor":12},{"not_picked":["Armaments","Cleave"],"picked":"Brutality","floor":13},{"not_picked":["Clash","Searing Blow","Body Slam"],"picked":"SKIP","floor":14},{"not_picked":["Brutality","Fiend Fire"],"picked":"Immolate","floor":16},{"not_picked":["Body Slam","True Grit","Carnage"],"picked":"SKIP","floor":18},{"not_picked":["Heavy Blade+1","Flex"],"picked":"Shrug It Off+1","floor":20},{"not_picked":["Sentinel","Carnage","Pummel"],"picked":"SKIP","floor":22}],"player_experience":1319337,"relics_obtained":[{"floor":7,"key":"Peace Pipe"},{"floor":9,"key":"Shuriken"},{"floor":10,"key":"Strawberry"},{"floor":13,"key":"HornCleat"}],"event_choices":[{"damage_healed":0,"gold_gain":100,"player_choice":"Pray","damage_taken":0,"max_hp_gain":0,"max_hp_loss":0,"event_name":"Golden Shrine","floor":4,"gold_loss":0},{"damage_healed":0,"gold_gain":0,"player_choice":"Read","damage_taken":0,"max_hp_gain":0,"max_hp_loss":0,"event_name":"The Library","floor":19,"gold_loss":0,"cards_obtained":["Rupture"]}],"is_beta":false,"boss_relics":[{"not_picked":["SacredBark","Empty Cage"],"picked":"Snecko Eye"}],"items_purged_floors":[2,21],"is_endless":false,"potions_floor_spawned":[1,3,10,12,13,18,20],"killed_by":"Slavers","ascension_level":11}}