{"host":"3asmp5aovk69ekg9","time":1612581854,"event":{"mods":["100% Spire Juice","BaseMod","BetterRewards","Colored Map","Colored Powertips","Dark Map","Hermit","Koishi","Magitek Elite","Minty Spire (QoL Compilation)","Permanent Neow","Remove Card Discount Mod","Shade Mod","StSLib","The Alterego","The Cursed","The Death Knight","The Fake Hero","The IronCluck","The Marked","The Senshi","The Wild Card"],"gold_per_floor":[117,132,144,144,144,182,202,241,312,312,325,368,383,407,407,532,532,551,460,473,487,235,235,275,293,293,337,217,235,235,235,235,358,358,382,382,119,452,362,394,394,424,470,503,514,528,528,538,538,538,538,538,449,479,479],"floor_reached":56,"language":"ENG","playtime":6295,"items_purged":["Moonworks:LongDistanceShot","Moonworks:Strike","Moonworks:Defend","Moonworks:Strike","Moonworks:Strike","Moonworks:Strike","Regret","Injury","Moonworks:Ambush","Moonworks:RagingMadness","Moonworks:RagingMadness","Moonworks:Defend","Moonworks:Defend","Moonworks:Defend","Moonworks:CloudOfSeagulls","Moonworks:CloudOfSeagulls","Moonworks:LulusLuckyEgg","Moonworks:LulusLuckyEgg"],"score":1744,"play_id":"d2aa013c-a028-4de6-9cfe-b5daa940f09d","local_time":"20210205192414","is_ascension_mode":true,"campfire_choices":[{"floor":15,"key":"REST"},{"data":"Moonworks:JonathanRush","floor":23,"key":"SMITH"},{"floor":32,"key":"RECALL"},{"data":"Panacea","floor":41,"key":"SMITH"},{"data":"Moonworks:NicePresent","floor":47,"key":"SMITH"},{"data":"Moonworks:JonathanRush","floor":49,"key":"PURGE"},{"data":"Moonworks:LulusLuckyEgg","floor":52,"key":"SMITH"}],"circlet_count":0,"master_deck":["Moonworks:JonathanRush+1","Moonworks:LulusLuckyEgg","Moonworks:NicePresent+1","Moonworks:JonathanRush","Moonworks:HolyNight+1","Moonworks:LulusLuckyEgg+1","Moonworks:JonathanRush+1","Panacea+1","Moonworks:LulusLuckyEgg+1","Finesse+1","Moonworks:LulusLuckyEgg+1","Apotheosis+1","Moonworks:UnluckyCharm+1","Moonworks:NicePresent+1","Moonworks:HolyNight+1","Moonworks:JonathanRush+1","Moonworks:NicePresent+1"],"relics":["Moonworks:BrokenBomb","Moonworks:Homemark","Lee\u0027s Waffle","Strawberry","Frozen Egg 2","Membership Card","Darkstone Periapt","Lantern","Torii","Angel_Ring","Singing Bowl","Mercury Hourglass","Coffee Dripper","Toy Ornithopter","Medical Kit","Anchor","DeathKnight:PutricidesVial","Akabeko","theSenshi:FeatherClipsRelic","Centennial Puzzle","Peace Pipe","Empty Cage","Toxic Egg 2","HandDrill","Shuriken","Mythril_Glove","Gremlin Horn","ClockworkSouvenir","Guard_Bracelet"],"acts_visited":["Exordium","TheCity","TheBeyond","TheEnding"],"potions_floor_usage":[7,12,12,16,24,28,48,55,55,55,55,55],"damage_taken":[{"damage":0.0,"enemies":"Small Slimes","floor":1.0,"turns":4.0},{"damage":0.0,"enemies":"2 Louse","floor":2.0,"turns":5.0},{"damage":9.0,"enemies":"Cultist","floor":3.0,"turns":5.0},{"damage":30.0,"enemies":"Lagavulin","floor":6.0,"turns":6.0},{"damage":3,"enemies":"Lots of Slimes","floor":7,"turns":3},{"damage":37,"enemies":"3 Sentries","floor":8,"turns":9},{"damage":19,"enemies":"2 Fungi Beasts","floor":11,"turns":6},{"damage":37,"enemies":"Gremlin Nob","floor":12,"turns":5},{"damage":9,"enemies":"Exordium Thugs","floor":13,"turns":5},{"damage":3,"enemies":"Blue Slaver","floor":14,"turns":4},{"damage":51,"enemies":"The Guardian","floor":16,"turns":9},{"damage":10,"enemies":"Shell Parasite","floor":18,"turns":5},{"damage":0,"enemies":"3 Byrds","floor":20,"turns":3},{"damage":1,"enemies":"Cultist and Chosen","floor":21,"turns":4},{"damage":9,"enemies":"Slavers","floor":24,"turns":4},{"damage":1,"enemies":"Snake Plant","floor":25,"turns":2},{"damage":0,"enemies":"Gremlin Leader","floor":27,"turns":3},{"damage":0,"enemies":"Snecko","floor":29,"turns":3},{"damage":0,"enemies":"Champ","floor":33,"turns":4},{"damage":0,"enemies":"3 Darklings","floor":35,"turns":2},{"damage":0,"enemies":"Reptomancer","floor":40,"turns":3},{"damage":0,"enemies":"Nemesis","floor":42,"turns":5},{"damage":0,"enemies":"Giant Head","floor":44,"turns":3},{"damage":22,"enemies":"3 Shapes","floor":45,"turns":2},{"damage":0,"enemies":"Maw","floor":46,"turns":3},{"damage":16,"enemies":"4 Shapes","floor":48,"turns":2},{"damage":1,"enemies":"Donu and Deca","floor":50,"turns":3},{"damage":23,"enemies":"Shield and Spear","floor":54,"turns":2},{"damage":37,"enemies":"The Heart","floor":55,"turns":5}],"seed_played":"-6621603771461043966","potions_obtained":[{"floor":2.0,"key":"SkillPotion"},{"floor":6.0,"key":"LiquidBronze"},{"floor":8,"key":"CultistPotion"},{"floor":11,"key":"AttackPotion"},{"floor":14,"key":"DistilledChaos"},{"floor":16,"key":"Ancient Potion"},{"floor":24,"key":"AttackPotion"},{"floor":25,"key":"Block Potion"},{"floor":33,"key":"SkillPotion"},{"floor":35,"key":"DeathKnight:RimePotion"},{"floor":36,"key":"EntropicBrew"},{"floor":36,"key":"FairyPotion"},{"floor":40,"key":"DistilledChaos"},{"floor":54,"key":"DistilledChaos"}],"is_trial":false,"path_per_floor":["M","M","M","?","?","E","M","E","T","?","M","E","M","M","R","B",null,"M","$","M","M","$","R","E","M","T","E","$","M","?","?","R","B",null,"M","?","$","?","$","E","R","E","T","E","M","M","R","M","R","B",null,"R","$","E","B",null],"character_chosen":"THE_STARBREAKER","items_purchased":["Lee\u0027s Waffle","Strawberry","Moonworks:CloudOfSeagulls","Moonworks:LulusLuckyEgg","Moonworks:RagingMadness","Moonworks:CloudOfSeagulls","Moonworks:JonathanRush","Moonworks:RagingMadness","Frozen Egg 2","Membership Card","Darkstone Periapt","Toy Ornithopter","Medical Kit","Anchor","DeathKnight:PutricidesVial","BlessingOfTheForge","Panacea","Fruit Juice","Dexterity Potion","Toxic Egg 2","Finesse+1","Moonworks:LulusLuckyEgg+1","HandDrill","Apotheosis+1","ClockworkSouvenir","Moonworks:NicePresent+1"],"campfire_rested":1,"item_purchase_floors":[0,0,0,0,0,0,0,0,0,0,0,19,22,22,22,22,28,28,28,37,37,37,37,39,53,53],"current_hp_per_floor":[74,74,65,71,77,47,44,7,7,96,77,40,33,32,62,20,100,90,90,92,91,91,91,89,90,90,96,106,113,113,113,113,115,115,115,115,115,115,115,117,117,117,117,117,103,109,109,104,104,109,119,119,119,104,90],"gold":479,"neow_bonus":"","is_daily":false,"chose_seed":false,"campfire_upgraded":4,"win_rate":0.0,"timestamp":1612581854,"path_taken":["M","M","M","?","?","E","M","E","T","?","M","E","?","M","R","BOSS","M","?","M","M","$","R","E","M","T","E","$","M","?","?","R","BOSS","M","?","?","?","$","E","R","E","T","E","M","M","R","M","R","BOSS","R","$","E","BOSS"],"items_purchased_type":["Relic","Relic","Card","Card","Card","Card","Card","Card","Relic","Relic","Relic","Relic","Relic","Relic","Relic","Potion","Card","Potion","Potion","Relic","Card","Card","Relic","Card","Relic","Card"],"build_version":"2020-12-22","purchased_purges":18,"victory":true,"max_hp_per_floor":[74,74,74,80,86,86,86,86,86,96,96,96,98,100,100,100,100,100,100,102,102,102,102,104,106,106,106,111,113,113,113,113,115,115,115,115,115,115,115,117,117,117,117,117,119,119,119,119,119,119,119,119,119,121,121],"card_choices":[{"not_picked":["Moonworks:Assault","Moonworks:BigMagnum"],"picked":"Moonworks:TacticalRetreat","floor":1.0},{"not_picked":["Moonworks:BackdoorTrade","Moonworks:NicePresent"],"picked":"Moonworks:LulusLuckyEgg","floor":2.0},{"not_picked":["Moonworks:AwakeningOfTalent","Moonworks:CloudOfSeagulls","Moonworks:SakisCookie"],"picked":"SKIP","floor":3.0},{"not_picked":["Moonworks:ImOnFire","Moonworks:MixPhenomenon"],"picked":"Moonworks:ShieldCounter","floor":6.0},{"not_picked":["Moonworks:DeployBits","Moonworks:x16BigRocket"],"picked":"Moonworks:LulusLuckyEgg","floor":7},{"not_picked":["Moonworks:WindyEnchantment","Moonworks:IndiscriminateFireSupport"],"picked":"Moonworks:NicePresent","floor":8},{"not_picked":["Moonworks:BindingChains","Moonworks:NicePresent"],"picked":"Moonworks:JonathanRush","floor":11},{"not_picked":["Moonworks:TreasureThief","Moonworks:UnpaidWork"],"picked":"Moonworks:NicePresent","floor":12},{"not_picked":["Moonworks:CloudOfSeagulls","Moonworks:DeployBits","Moonworks:SakisCookie"],"picked":"Singing Bowl","floor":13},{"not_picked":["Moonworks:DeployBits","Moonworks:BindingChains","Moonworks:IndiscriminateFireSupport"],"picked":"Singing Bowl","floor":14},{"not_picked":["Moonworks:SubspaceTunnel","Moonworks:ReflectiveShell+1"],"picked":"Moonworks:HolyNight+1","floor":16},{"not_picked":["Moonworks:SelfDestruct+1","Moonworks:AwakeningOfTalent"],"picked":"Moonworks:LulusLuckyEgg","floor":18},{"not_picked":["Moonworks:EvilSpyWorkPreparation","Moonworks:IndiscriminateFireSupport","Moonworks:CloudOfSeagulls"],"picked":"Singing Bowl","floor":20},{"not_picked":["Moonworks:ImOnFire+1","Moonworks:NicePresent"],"picked":"Moonworks:JonathanRush+1","floor":21},{"not_picked":["Moonworks:SweetBattle","Moonworks:StiffCrystal","Moonworks:ImOnFire"],"picked":"Singing Bowl","floor":24},{"not_picked":["Moonworks:Blazing+1","Moonworks:IndiscriminateFireSupport","Moonworks:BigMagnum"],"picked":"Singing Bowl","floor":25},{"not_picked":["Moonworks:BindingChains","Moonworks:WindyEnchantment+1"],"picked":"Moonworks:JonathanRush","floor":27},{"not_picked":["Moonworks:ForcedRevival+1","Moonworks:TreasureThief","Moonworks:RedAndBlue"],"picked":"Singing Bowl","floor":29},{"not_picked":["Moonworks:FinalBattle+1","Moonworks:Gamble","Moonworks:GoAway"],"picked":"Singing Bowl","floor":33},{"not_picked":["Moonworks:EvilSpyWorkPreparation","Moonworks:DeployBits+1"],"picked":"Moonworks:LulusLuckyEgg+1","floor":35},{"not_picked":["Moonworks:FullSpeedAlicianrone+1","Moonworks:Assault","Moonworks:Dash+1"],"picked":"Singing Bowl","floor":40},{"not_picked":["Moonworks:CloudOfSeagulls","Moonworks:BigMagnum+1"],"picked":"Moonworks:UnluckyCharm+1","floor":42},{"not_picked":["Moonworks:SakisCookie+1","Moonworks:JonathanRush"],"picked":"Moonworks:NicePresent+1","floor":44},{"not_picked":["Moonworks:Heat300Percent+1","Moonworks:BeyondHell+1","Moonworks:DeployBits+1"],"picked":"Singing Bowl","floor":45},{"not_picked":["Moonworks:FinalSurgery+1","Moonworks:IndiscriminateFireSupport+1"],"picked":"Moonworks:HolyNight+1","floor":46},{"not_picked":["Moonworks:NicePresent+1","Moonworks:LulusLuckyEgg+1"],"picked":"Moonworks:JonathanRush+1","floor":48},{"not_picked":["Moonworks:Assault+1","Moonworks:EvilSpyWorkPreparation+1","Moonworks:CompletionReward+1"],"picked":"Singing Bowl","floor":54}],"player_experience":1295303,"relics_obtained":[{"floor":6.0,"key":"Torii"},{"floor":8,"key":"Angel_Ring"},{"floor":9,"key":"Singing Bowl"},{"floor":12,"key":"Mercury Hourglass"},{"floor":24,"key":"Akabeko"},{"floor":26,"key":"theSenshi:FeatherClipsRelic"},{"floor":27,"key":"Centennial Puzzle"},{"floor":40,"key":"Shuriken"},{"floor":42,"key":"Mythril_Glove"},{"floor":44,"key":"Gremlin Horn"},{"floor":54,"key":"Guard_Bracelet"}],"event_choices":[{"damage_healed":0.0,"max_hp_gain":0.0,"max_hp_loss":0.0,"gold_gain":0.0,"event_name":"Golden Idol","player_choice":"Take Wound","floor":4.0,"gold_loss":0.0,"damage_taken":0.0,"relics_obtained":["Golden Idol"],"cards_obtained":["Injury"]},{"damage_healed":0.0,"max_hp_gain":0.0,"max_hp_loss":0.0,"gold_gain":0.0,"event_name":"Big Fish","player_choice":"Box","floor":5.0,"gold_loss":0.0,"damage_taken":0.0,"relics_obtained":["Lantern"],"cards_obtained":["Regret"]},{"cards_removed":["Moonworks:ShieldCounter"],"damage_healed":79,"gold_gain":0,"player_choice":"Offered Rare","damage_taken":0,"max_hp_gain":10,"max_hp_loss":0,"event_name":"Bonfire Elementals","floor":10,"gold_loss":0},{"damage_healed":0,"gold_gain":0,"player_choice":"Ignored","damage_taken":0,"max_hp_gain":0,"max_hp_loss":0,"event_name":"Ghosts","floor":30,"gold_loss":0},{"damage_healed":0,"gold_gain":0,"player_choice":"Gave Potion","damage_taken":0,"relics_obtained":["Peace Pipe"],"max_hp_gain":0,"max_hp_loss":0,"event_name":"WeMeetAgain","floor":31,"gold_loss":0},{"damage_healed":0,"gold_gain":0,"player_choice":"Got Potions","damage_taken":0,"max_hp_gain":0,"max_hp_loss":0,"event_name":"Lab","floor":36,"gold_loss":0},{"damage_healed":0,"gold_gain":333,"player_choice":"Gave Idol","damage_taken":0,"max_hp_gain":0,"max_hp_loss":0,"event_name":"The Moai Head","floor":38,"relics_lost":["Golden Idol"],"gold_loss":0}],"is_beta":false,"boss_relics":[{"not_picked":["Runic Pyramid","Runic Dome"],"picked":"Coffee Dripper"},{"not_picked":["Sozu","Fusion Hammer"],"picked":"Empty Cage"}],"items_purged_floors":[0,0,0,0,0,0,19,19,19,19,19,19,19,19,22,28,28,37],"is_endless":false,"potions_floor_spawned":[2,6,8,11,14,16,24,25,33,35,40,44,45,54],"ascension_level":3}}