{"host":"dn2xyj3kd3d9cfyb","time":1612623835,"event":{"mods":["BaseMod","Colored Powertips","Downfall","Hubris","Marisa£®ÏF”Í°°ƒß¿Ì…≥£©","Minty Spire (QoL Compilation)","Remilia£®¿Ÿ√◊¿Ú—«£©","Replay The Spire","StSLib","The Animator","The Construct","The Cursed","The Mystic","Youmu£®ªÍ∆«—˝√Œ£©","Yuri Mod","Yuyuko"],"gold_per_floor":[394,153,173,198,210,210,266,341,366,446,466,110,110,192,192,297,322,332,343,368,293,320,409,409,495,520,545,563,563,351,452,452,557,582,598,615,690,650,700,776,801,878,979,1060,1077,1100,1100,1120,1120,1120,1120,1120,838,910,995,1020,1020,130,226,321,151,56,198,223,223,223],"floor_reached":65,"language":"ZHS","playtime":4320,"items_purged":["hubris:Disease","Delirium","animator:Strike"],"score":1472,"play_id":"993efb2a-3711-47d9-a1a7-95416d8e3eb8","local_time":"20210206230355","is_ascension_mode":true,"campfire_choices":[{"floor":6.0,"key":"RECALL"},{"data":"animator:DolaSchwi","floor":13.0,"key":"SMITH"},{"data":"animator:Tet","floor":15.0,"key":"SMITH"},{"data":"animator:CowGirl","floor":24.0,"key":"SMITH"},{"data":"animator:Shimakaze","floor":29.0,"key":"SMITH"},{"data":"animator:Shimakaze","floor":32.0,"key":"SMITH"},{"data":"animator:MumenRider","floor":49.0,"key":"SMITH"},{"data":"animator:Saitama","floor":49.0,"key":"SMITH"},{"data":"animator:DolaStephanie","floor":52.0,"key":"SMITH"},{"data":"animator:PinaCoLada","floor":52.0,"key":"SMITH"}],"circlet_count":0,"master_deck":["animator:Gilgamesh+14","animator:Strike_Kancolle+1","animator:Defend_Kancolle+1","animator:Defend+1","animator:Defend+1","animator:Defend+1","animator:Shimakaze+1","animator:Tet+1","animator:YunYun","animator:EmiyaShirou+1","animator:Darkness+1","animator:DolaSchwi+1","animator:YuiTsuruno+1","animator:LeleiLaLalena+1","animator:CowGirl+1","animator:Demiurge+1","animator:Chris+1","animator:Tet+1","animator:Shimakaze+1","animator:OrikoMikuni+1","animator:PinaCoLada+1","animator:AcuraAkari+1","MagicAbsorber+1","animator:Demiurge+1","LuminesStrike+1","animator:Guy+1","animator:Saitama+1","animator:MumenRider+1","animator:DolaStephanie+1","animator:YaoHaDucy+1","animator:Guy+1","animator:Zero+1","animator:SuzuneAmano+1","animator:Shimakaze+1","animator:Pride+1"],"relics":["animator:TheWolleyCore","animator:AncientMedallion"],"acts_visited":["Exordium","TheCity","TheBeyond","TheEnding","EYB:TheUnnamedReign"],"potions_floor_usage":[63,63],"damage_taken":[{"damage":0.0,"enemies":"Small Slimes","floor":1.0,"turns":2.0},{"damage":0.0,"enemies":"Jaw Worm","floor":3.0,"turns":1.0},{"damage":0.0,"enemies":"2 Louse","floor":5.0,"turns":1.0},{"damage":0.0,"enemies":"Replay:BlueRogue","floor":7.0,"turns":1.0},{"damage":7.0,"enemies":"2 Fungi Beasts","floor":11.0,"turns":4.0},{"damage":7.0,"enemies":"3 Sentries","floor":14.0,"turns":4.0},{"damage":0.0,"enemies":"Slime Boss","floor":16.0,"turns":2.0},{"damage":0.0,"enemies":"Spheric Guardian","floor":18.0,"turns":2.0},{"damage":0.0,"enemies":"Shell Parasite","floor":19.0,"turns":1.0},{"damage":41.0,"enemies":"Slavers","floor":23.0,"turns":4.0},{"damage":0.0,"enemies":"Replay:Snechameleon","floor":25.0,"turns":2.0},{"damage":0.0,"enemies":"Shelled Parasite and Fungi","floor":28.0,"turns":2.0},{"damage":0.0,"enemies":"Gremlin Leader","floor":31.0,"turns":2.0},{"damage":0.0,"enemies":"Champ","floor":33.0,"turns":1.0},{"damage":0.0,"enemies":"3 Shapes","floor":35.0,"turns":2.0},{"damage":0.0,"enemies":"3 Darklings","floor":36.0,"turns":2.0},{"damage":0.0,"enemies":"Mind Bloom Boss Battle","floor":37.0,"turns":1.0},{"damage":0.0,"enemies":"Reptomancer","floor":40.0,"turns":1.0},{"damage":0.0,"enemies":"Writhing Mass","floor":41.0,"turns":2.0},{"damage":0.0,"enemies":"Nemesis","floor":42.0,"turns":1.0},{"damage":0.0,"enemies":"Giant Head","floor":44.0,"turns":1.0},{"damage":0.0,"enemies":"Jaw Worm Horde","floor":45.0,"turns":2.0},{"damage":0.0,"enemies":"Sphere and 2 Shapes","floor":46.0,"turns":3.0},{"damage":0.0,"enemies":"Writhing Mass","floor":48.0,"turns":1.0},{"damage":0.0,"enemies":"Donu and Deca","floor":50.0,"turns":2.0},{"damage":44.0,"enemies":"animator:TRIPLE_SHAPES_WEAK","floor":54.0,"turns":7.0},{"damage":18.0,"enemies":"animator:UNNAMED_CULTIST_1","floor":55.0,"turns":8.0},{"damage":21.0,"enemies":"animator:UNNAMED_CULTIST_2","floor":59.0,"turns":8.0},{"damage":1.0,"enemies":"animator:TRIPLE_LAGAVULIN","floor":60.0,"turns":7.0},{"damage":88,"enemies":"animator:ULTIMATE_WISP","floor":63,"turns":10}],"seed_played":"-4333730345107037777","potions_obtained":[{"floor":5.0,"key":"Weak Potion"},{"floor":11.0,"key":"Languid Potion"},{"floor":14.0,"key":"Weak Potion"},{"floor":23.0,"key":"Energy Potion"},{"floor":35.0,"key":"FearPotion"},{"floor":36.0,"key":"SteroidPotion"},{"floor":38.0,"key":"FairyPotion"},{"floor":54.0,"key":"animator:FalseLifePotion"},{"floor":55.0,"key":"animator:FalseLifePotion"},{"floor":59.0,"key":"animator:FalseLifePotion"},{"floor":60.0,"key":"animator:FalseLifePotion"},{"floor":63,"key":"animator:FalseLifePotion"}],"is_trial":false,"path_per_floor":["M","$","M","?","M","R","E","?","T","?","M","$","R","E","R","B",null,"M","M","?","?","T","E","R","E","T","?","M","R","$","E","R","B",null,"M","M","?","?","T","E","M","E","T","E","M","M","?","M","R","B",null,"R","??","M","M","T","?","$","M","M","?","$","E","T","?"],"character_chosen":"THE_ANIMATOR","items_purchased":["ReplayTheSpireMod:CursedCoin","animator:Tet","animator:YunYun","hubris:TenFootPole","DollysMirror","animator:YuiTsuruno","animator:LeleiLaLalena+1","animator:Shimakaze","animator:Guy","animator:Zero","animator:AncientMedallion","animator:AncientMedallion","animator:AncientMedallion","animator:Shimakaze"],"campfire_rested":0,"item_purchase_floors":[2,2,2,2,12,12,12,30,58,58,58,58,58,62],"current_hp_per_floor":[66,66,66,61,61,61,61,56,56,56,49,49,49,42,42,42,66,66,66,64,64,64,23,23,23,23,23,35,35,35,35,35,35,66,66,66,66,66,66,66,66,66,76,76,76,76,76,76,76,76,76,76,98,54,40,40,40,40,51,71,71,71,7,7,0,0],"gold":223,"neow_bonus":"HUNDRED_GOLD","is_daily":false,"chose_seed":false,"campfire_upgraded":9,"win_rate":0.0,"timestamp":1612623835,"path_taken":["M","$","M","?","M","R","E","?","T","?","M","$","R","E","R","BOSS","M","M","?","?","?","E","R","E","T","?","M","R","$","E","R","BOSS","M","M","?","?","?","E","M","E","T","E","M","M","?","?","R","BOSS","R","??","M","M","T","?","$","M","M","?","$","E","T","?"],"items_purchased_type":["Relic","Card","Card","Relic","Relic","Card","Card","Card","Card","Card","Relic","Relic","Relic","Card"],"build_version":"2020-12-22","purchased_purges":3,"victory":false,"max_hp_per_floor":[66,66,66,66,66,66,66,66,66,66,66,66,66,66,66,66,66,66,66,66,66,66,66,66,66,66,66,66,66,66,66,66,66,66,66,66,66,66,66,66,66,66,76,76,76,76,76,76,76,76,76,76,98,98,98,98,98,98,98,99,99,99,99,99,99,99],"card_choices":[{"not_picked":["animator:Azekura","animator:Darkness","animator:Sonic"],"picked":"SKIP","floor":1.0},{"not_picked":["animator:SuzuneAmano","animator:CrowleyEusford"],"picked":"animator:EmiyaShirou","floor":3.0},{"not_picked":["animator:CrowleyEusford","animator:Raven","animator:Elsword"],"picked":"SKIP","floor":5.0},{"not_picked":["animator:Vanir","animator:Verdia"],"picked":"animator:Darkness","floor":7.0},{"not_picked":["animator:Ciel","animator:Tyuule"],"picked":"animator:DolaSchwi","floor":11.0},{"not_picked":["animator:Shuna","animator:GoblinSlayer"],"picked":"animator:CowGirl","floor":14.0},{"not_picked":["animator:Emonzaemon","animator:Genos"],"picked":"animator:Demiurge","floor":18.0},{"not_picked":["animator:Darkness","animator:YunYun"],"picked":"animator:Chris","floor":19.0},{"not_picked":["animator:NarberalGamma","animator:Evileye"],"picked":"animator:Tet","floor":23.0},{"not_picked":["animator:GuildGirl","animator:AcuraTooru"],"picked":"animator:Gilgamesh","floor":25.0},{"not_picked":["animator:Yuuichirou","animator:Mitsurugi","animator:Darkness","EnergyRecoil"],"picked":"SKIP","floor":28.0},{"not_picked":["animator:MamiTomoe","animator:YuiTsuruno"],"picked":"animator:OrikoMikuni","floor":31.0},{"not_picked":["animator:Eris","animator:Kyubey","MillisecondPulsars"],"picked":"animator:PinaCoLada","floor":33.0},{"not_picked":["animator:Kuribayashi","animator:Kaijin+1","MilkyWay"],"picked":"animator:AcuraAkari","floor":35.0},{"not_picked":["animator:Berserker","animator:Mikaela","animator:Tatsumaki"],"picked":"MagicAbsorber","floor":36.0},{"not_picked":["animator:Caster","animator:DolaCouronne","MagicAbsorber"],"picked":"animator:Demiurge+1","floor":37.0},{"not_picked":["animator:Illya","animator:Pride+1","animator:ChaikaBohdan+1"],"picked":"LuminesStrike","floor":40.0},{"not_picked":["animator:ChaikaBohdan","animator:AcuraTooru"],"picked":"animator:Guy","floor":41.0},{"not_picked":["animator:Fredrika","animator:CowGirl+1","WitchOfGreed"],"picked":"animator:Saitama","floor":42.0},{"not_picked":["animator:Tyuule","animator:Guy","animator:Kaijin","CollectingQuirk"],"picked":"SKIP","floor":44.0},{"not_picked":["animator:Cocytus+1","animator:Caster","GravityBeat"],"picked":"animator:MumenRider","floor":45.0},{"not_picked":["animator:DolaRiku","animator:IzunaHatsuse"],"picked":"animator:DolaStephanie","floor":46.0},{"not_picked":["animator:Vanir","animator:DwarfShaman","WitchLeyline"],"picked":"animator:YaoHaDucy","floor":48.0},{"not_picked":["animator:GuildGirl","animator:Hakurou+1","animator:Arpeggio"],"picked":"SKIP","floor":54.0},{"not_picked":["animator:Vanir","animator:Millim+1","animator:Gillette"],"picked":"SKIP","floor":55.0},{"not_picked":["animator:DwarfShaman","animator:Ciel","animator:Gillette+1"],"picked":"SKIP","floor":59.0},{"not_picked":["animator:GuildGirl+1","animator:Cocytus"],"picked":"animator:SuzuneAmano+1","floor":60.0},{"not_picked":["animator:Sonic","animator:Spearman"],"picked":"animator:Pride+1","floor":63}],"player_experience":647192,"relics_obtained":[{"floor":7.0,"key":"Lizard Tail"},{"floor":9.0,"key":"Tiny Chest"},{"floor":14.0,"key":"Replay:WaspNest"},{"floor":23.0,"key":"Garlic"},{"floor":23.0,"key":"Replay:Rubber Ducky"},{"floor":25.0,"key":"Pondfish Scales"},{"floor":25.0,"key":"hubris:DisguiseKit"},{"floor":26.0,"key":"Meat on the Bone"},{"floor":31.0,"key":"Potion Belt"},{"floor":31.0,"key":"Bag of Preparation"},{"floor":37.0,"key":"Replay:Arrowhead"},{"floor":39.0,"key":"Centennial Puzzle"},{"floor":40.0,"key":"hubris:GlazedTorus"},{"floor":40.0,"key":"Du-Vu Doll"},{"floor":42.0,"key":"Paper Crane"},{"floor":42.0,"key":"Gremlin Food"},{"floor":43.0,"key":"Pear"},{"floor":44.0,"key":"Torii"},{"floor":44.0,"key":"ReplayTheSpireMod:TigerMarble"},{"floor":53.0,"key":"animator:TheWolleyCore"},{"floor":53.0,"key":"animator:AncientMedallion"},{"floor":56.0,"key":"animator:AncientMedallion"},{"floor":61.0,"key":"animator:AncientMedallion"},{"floor":63,"key":"animator:AncientMedallion"},{"floor":64,"key":"animator:AncientMedallion"}],"event_choices":[{"damage_healed":0.0,"max_hp_gain":0.0,"max_hp_loss":0.0,"gold_gain":0.0,"event_name":"Scrap Ooze","player_choice":"Success","floor":4.0,"gold_loss":0.0,"damage_taken":12.0,"relics_obtained":["Orichalcum"]},{"damage_healed":0.0,"max_hp_gain":0.0,"max_hp_loss":0.0,"gold_gain":75.0,"event_name":"World of Goop","player_choice":"Gather Gold","floor":8.0,"gold_loss":0.0,"damage_taken":11.0},{"cards_removed":["animator:Strike"],"damage_healed":0.0,"max_hp_gain":0.0,"max_hp_loss":0.0,"gold_gain":0.0,"event_name":"Beggar","player_choice":"Gave Gold","floor":21.0,"gold_loss":75.0,"damage_taken":0.0},{"damage_healed":0.0,"max_hp_gain":0.0,"max_hp_loss":0.0,"gold_gain":0.0,"event_name":"MindBloom","player_choice":"Fight","floor":37.0,"gold_loss":0.0,"damage_taken":0.0},{"damage_healed":0.0,"max_hp_gain":0.0,"max_hp_loss":0.0,"gold_gain":0.0,"event_name":"The Woman in Blue","player_choice":"Bought 3 Potions","floor":38.0,"gold_loss":0.0,"damage_taken":0.0},{"cards_removed":["animator:Strike"],"damage_healed":0.0,"max_hp_gain":0.0,"max_hp_loss":0.0,"gold_gain":0.0,"event_name":"Purifier","player_choice":"Purged","floor":47.0,"gold_loss":0.0,"damage_taken":0.0}],"is_beta":false,"boss_relics":[{"not_picked":["Painkiller Herb","Astrolabe"],"picked":"Black Star"},{"not_picked":["Replay:Drink Me","hubris:VirtuousBlindfold"],"picked":"hubris:ScarierMask"}],"items_purged_floors":[2,12,30],"is_endless":false,"potions_floor_spawned":[5,11,14,23,25,28,35,36,37,42,59,60],"ascension_level":1}}