{"host":"rf8f5793azs0jd9i","time":1612570691,"event":{"mods":["AchievementEnabler","Aspiration","BaseMod","Colored Powertips","Hubris","Infinite Spire","Minty Spire (QoL Compilation)","Replay The Spire","StSLib"],"gold_per_floor":[116,4266,4266,4266,4286,4319,3554,3593,3593,3593,3629,3629,3673,3000,3000,3103,3103,3128,2493,2517,2032,2057,2095,2095,2095,2095,2123,2148,2175,2259,2259,2259,2404,2404,2434,1737,1768,1818,1833,1867,1941,1982,1982,1982,2021,2021,2041,2041,2041,2144,2144,2151,2151,1415,1415,1415,1428,1428,1428,1428,1438,1438,1454,1465,1465,1556,1656,1670,1670,1686,857,884,884,884,884,623,669,669,685,707,707,795,795,803,803,803,821,821,852,904,932,947,947,947,1043,1093,1110,1129,973,973,1073,1102,1102,1177,1177,1210,1210,1245,1245,1277,1277,1420,1420,1436,1436,1436,1457,1457,1485,1485,1499,1499,1529,1529,1622,1622,1639,1639,1235,1265,1280,1280,1280,1388,1421,1423,1423,1518,1518,1533,1533,1533],"floor_reached":156,"language":"ENG","playtime":4894,"items_purged":["Dualcast","Strike_B","Defend_B","Defend_B","Strike_B","Defend_B","Defend_B","Strike_B","Double Energy"],"score":3194,"play_id":"3b87db72-0091-4fa1-9fd7-de75e2d69d26","local_time":"20210205181811","is_ascension_mode":true,"campfire_choices":[{"floor":10,"key":"RECALL"},{"data":"Limit Break","floor":12,"key":"SMITH"},{"data":"Defragment","floor":15,"key":"SMITH"},{"data":"infinitespire:FutureSight","floor":24,"key":"SMITH"},{"data":"Fusion","floor":32,"key":"SMITH"},{"data":"Heavy Blade","floor":46,"key":"SMITH"},{"data":"infinitespire:UltimateForm","floor":49,"key":"SMITH"},{"data":"Echo Form","floor":57,"key":"SMITH"},{"data":"Demon Form","floor":59,"key":"SMITH"},{"floor":61,"key":"DIG"},{"data":"Defragment","floor":63,"key":"SMITH"},{"data":"Biased Cognition","floor":66,"key":"SMITH"},{"data":"infinitespire:Punishment","floor":75,"key":"SMITH"},{"data":"Skim","floor":80,"key":"SMITH"},{"floor":83,"key":"REST"},{"floor":92,"key":"DIG"},{"data":"Heatsinks","floor":100,"key":"SMITH"},{"data":"1","floor":115,"key":"LIFT"},{"data":"2","floor":117,"key":"LIFT"},{"data":"3","floor":126,"key":"LIFT"},{"data":"Crescendo","floor":131,"key":"SMITH"},{"data":"Limit Break","floor":134,"key":"SMITH"},{"data":"Sweeping Beam","floor":146,"key":"SMITH"},{"data":"Double Tap","floor":151,"key":"SMITH"}],"circlet_count":0,"master_deck":["Sweeping Beam+1","Loop+1","Compile Driver","Defragment+1","Conserve Battery+1","Skim+1","Limit Break+1","Fusion+1","Defragment+1","Coolheaded+1","infinitespire:FutureSight+1","Heatsinks+1","Echo Form+1","Heavy Blade+1","Self Repair","Headbutt+1","infinitespire:UltimateForm+1","Shrug It Off","Turbo+1","Biased Cognition+1","hubris:ReadiedAction+1","Demon Form+1","infinitespire:Punishment+1","Double Tap+1","Pommel Strike+1","Creative AI+1","Crescendo+1","Limit Break+1","Pommel Strike+1"],"relics":["NeowsBlessing","Medical Kit","Eternal Feather","Oddly Smooth Stone","Iron Core","Lee\u0027s Waffle","Onion Ring","Replay:Bandana","Odd Mushroom","Pen Nib","Strawberry","aspiration:SeaSaltIceCream","aspiration:Nostalgia","infinitespire:DarkRift","Magic Flower","Black Star","ReplayTheSpireMod:Lightbulb","hubris:CrystalStatue","Replay:Multitool","Omamori","aspiration:ChemicalBlood","Replay:Kaleidoscope","hubris:MobiusCoin","hubris:VirtuousBlindfold","Pear","Replay:Grab Bag","infinitespire:Cupcake","Sozu","aspiration:IroncladSkillbook","Replay:Antivirus Software","Vajra","HandDrill","hubris:CuriousFeather","hubris:Teleporter","infinitespire:Lucky Rock","infinitespire:Joker Card","hubris:Zylophone","Bottled Flame","hubris:CrackedHourglass","infinitespire:Broken Mirror","hubris:Spice","ReplayTheSpireMod:Shallot","Blue Doll","Mercury Hourglass","Prayer Wheel","Bag of Preparation","aspiration:HummingbirdHeart","Matryoshka","hubris:Metronome","hubris:Icosahedron","Blood Vial","Unceasing Top","Replay:Mystery Machine","Replay:Rubber Ducky","Boot","Meat on the Bone","BranchBurnRelic","Runic Dome","Frozen Eye","Bottled Lightning","Potion Belt","hubris:SphereOfDissonance","hubris:TinFlute","Girya","Lantern","Nuclear Battery","MutagenicStrength","Iron Hammer","Bird Faced Urn","Prayer Wheel","hubris:SlimyHat","OrangePellets","aspiration:FaultyCoupler","Lizard Tail","hubris:Potato","hubris:RunicObelisk"],"acts_visited":["Exordium","TheCity","TheBeyond","Exordium","TheCity","TheBeyond","Exordium","TheCity","TheBeyond","Exordium"],"potions_floor_usage":[16,16,28,30,45,45],"damage_taken":[{"damage":0,"enemies":"Small Slimes","floor":1,"turns":1},{"damage":0,"enemies":"2 Louse","floor":5,"turns":2},{"damage":0,"enemies":"Replay:BlueRogue","floor":6,"turns":1},{"damage":4,"enemies":"The Mushroom Lair","floor":8,"turns":3},{"damage":10,"enemies":"Lagavulin","floor":11,"turns":5},{"damage":10,"enemies":"3 Sentries","floor":13,"turns":6},{"damage":32,"enemies":"The Guardian","floor":16,"turns":5},{"damage":29,"enemies":"3 Byrds","floor":18,"turns":5},{"damage":10,"enemies":"Spheric Guardian","floor":20,"turns":3},{"damage":3,"enemies":"Centurion and Healer","floor":22,"turns":4},{"damage":38,"enemies":"Gremlin Leader","floor":23,"turns":4},{"damage":2,"enemies":"Chosen and Byrds","floor":27,"turns":4},{"damage":0,"enemies":"Sentry and Sphere","floor":28,"turns":3},{"damage":2,"enemies":"Cultist and Chosen","floor":29,"turns":4},{"damage":10,"enemies":"Nightmare","floor":30,"turns":3},{"damage":0,"enemies":"Automaton","floor":33,"turns":1},{"damage":12,"enemies":"Orb Walker","floor":35,"turns":3},{"damage":0,"enemies":"3 Shapes","floor":37,"turns":3},{"damage":16,"enemies":"Spire Growth","floor":39,"turns":2},{"damage":56,"enemies":"Nemesis","floor":40,"turns":5},{"damage":4,"enemies":"Transient","floor":41,"turns":5},{"damage":19,"enemies":"R_Hoarder","floor":42,"turns":5},{"damage":18,"enemies":"4 Shapes","floor":45,"turns":2},{"damage":0,"enemies":"Sphere and 2 Shapes","floor":47,"turns":3},{"damage":28,"enemies":"Replay:Hell Engine","floor":50,"turns":4},{"damage":1,"enemies":"2 Louse","floor":52,"turns":2},{"damage":0,"enemies":"Cultist","floor":58,"turns":2},{"damage":0,"enemies":"Jaw Worm","floor":62,"turns":1},{"damage":0,"enemies":"3 Sentries","floor":64,"turns":3},{"damage":6,"enemies":"Exordium Wildlife","floor":65,"turns":2},{"damage":3,"enemies":"The Guardian","floor":67,"turns":3},{"damage":0,"enemies":"3 Byrds","floor":69,"turns":2},{"damage":0,"enemies":"2 Thieves","floor":71,"turns":2},{"damage":54,"enemies":"Nightmare","floor":74,"turns":3},{"damage":0,"enemies":"Book of Stabbing","floor":81,"turns":2},{"damage":0,"enemies":"3 Cultists","floor":82,"turns":1},{"damage":5,"enemies":"hubris:MusketHawk","floor":84,"turns":2},{"damage":0,"enemies":"3 Shapes","floor":86,"turns":2},{"damage":5,"enemies":"Nightmare","floor":91,"turns":3},{"damage":0,"enemies":"Nemesis","floor":93,"turns":1},{"damage":0,"enemies":"R_Hoarder","floor":95,"turns":2},{"damage":0,"enemies":"Orb Walker","floor":97,"turns":1},{"damage":14,"enemies":"Replay:Hell Engine","floor":101,"turns":2},{"damage":0,"enemies":"2 Louse","floor":103,"turns":1},{"damage":0,"enemies":"Small Slimes","floor":104,"turns":1},{"damage":0,"enemies":"Gremlin Nob","floor":108,"turns":1},{"damage":0,"enemies":"Lagavulin","floor":112,"turns":1},{"damage":0,"enemies":"Gremlin Nob","floor":114,"turns":1},{"damage":0,"enemies":"3 Sentries","floor":116,"turns":2},{"damage":0,"enemies":"Slime Boss","floor":118,"turns":1},{"damage":0,"enemies":"2 Thieves","floor":120,"turns":1},{"damage":0,"enemies":"Book of Stabbing","floor":125,"turns":1},{"damage":0,"enemies":"Slavers","floor":127,"turns":2},{"damage":0,"enemies":"3 Byrds","floor":130,"turns":2},{"damage":0,"enemies":"Book of Stabbing","floor":132,"turns":1},{"damage":0,"enemies":"Collector","floor":135,"turns":1},{"damage":0,"enemies":"3 Shapes","floor":137,"turns":1},{"damage":0,"enemies":"Giant Head","floor":142,"turns":1},{"damage":0,"enemies":"Orb Walker","floor":144,"turns":1},{"damage":0,"enemies":"4 Shapes","floor":147,"turns":3},{"damage":0,"enemies":"R_Hoarder","floor":148,"turns":1},{"damage":0,"enemies":"Transient","floor":149,"turns":2},{"damage":0,"enemies":"infinitespire:MassOfShapes","floor":152,"turns":2},{"damage":0,"enemies":"Small Slimes","floor":154,"turns":1}],"seed_played":"207169258412094384","potions_obtained":[{"floor":5,"key":"Doom Potion"},{"floor":27,"key":"Explosive Potion"},{"floor":30,"key":"AttackPotion"},{"floor":33,"key":"SkillPotion"}],"is_trial":false,"path_per_floor":["M","$","?","?","M","E","$","?","T","R","E","R","E","$","R","B",null,"M","$","M","?","M","E","R","?","T","M","M","M","NM","AVR","R","B",null,"M","$","M","AVR","M","E","M","E","T","?","M","R","M","?","R","B",null,"M","?","$","?","R","M","R","T","R","M","R","E","M","R","B",null,"M","?","M","$","NM","R","?","T","$","?","R","E","M","R","B",null,"M","?","?","NM","R","E","T","E","M","?","R","B",null,"M","M","$","?","?","E","R","?","T","E","AVR","E","R","E","R","B",null,"M","?","?","E","R","E","T","M","R","E","R","B",null,"M","?","$","E","M","T","R","M","E","M","R","B",null,"M","$"],"character_chosen":"DEFECT","items_purchased":["Medical Kit","Eternal Feather","Oddly Smooth Stone","Loop","Dexterity Potion","Swift Potion","Lee\u0027s Waffle","Onion Ring","Replay:Bandana","Conserve Battery","Double Energy","aspiration:SeaSaltIceCream","Magic Flower","ReplayTheSpireMod:Lightbulb","hubris:CrystalStatue","Defragment","Replay:Antivirus Software","Vajra","HandDrill","Self Repair","infinitespire:Broken Mirror","hubris:Spice","hubris:Spice","hubris:Spice","aspiration:HummingbirdHeart","Frozen Eye","OrangePellets","aspiration:FaultyCoupler"],"campfire_rested":1,"item_purchase_floors":[2,2,2,2,2,2,7,7,7,7,7,14,14,19,19,19,36,36,36,36,54,54,73,73,78,105,140,140],"current_hp_per_floor":[75,75,75,75,75,75,82,78,78,82,72,81,78,78,87,55,89,60,60,50,50,47,9,18,47,47,45,45,43,33,43,55,55,99,93,93,99,99,89,50,63,61,61,61,49,64,81,81,94,72,94,94,94,102,102,102,102,102,102,102,102,102,110,110,110,110,102,102,102,102,86,38,53,53,53,53,53,68,62,62,62,62,54,54,54,54,38,38,38,38,38,38,38,38,30,38,38,38,38,30,30,38,38,27,27,36,36,38,38,38,38,38,38,38,38,38,38,38,38,30,30,30,30,30,30,30,30,30,30,30,30,22,22,22,6,6,6,6,6,6,6,6],"gold":1533,"neow_bonus":"THREE_ENEMY_KILL","is_daily":false,"chose_seed":false,"campfire_upgraded":17,"win_rate":0.0,"timestamp":1612570691,"path_taken":["M","$","?","?","M","E","$","?","T","R","E","R","E","?","R","BOSS","M","$","M","?","M","E","R","?","T","M","?","M","NM","AVR","R","BOSS","M","$","M","AVR","M","E","M","E","T","?","M","R","M","?","R","BOSS","M","?","$","?","R","M","R","T","R","M","R","E","M","R","BOSS","M","?","?","$","NM","R","?","T","$","?","R","E","M","R","BOSS","M","?","?","NM","R","E","T","E","M","?","R","BOSS","M","?","$","?","?","E","R","?","T","E","AVR","E","R","E","R","BOSS","M","?","?","E","R","E","T","?","R","E","R","BOSS","M","?","$","E","M","T","R","?","E","M","R","BOSS","M","$"],"items_purchased_type":["Relic","Relic","Relic","Card","Potion","Potion","Relic","Relic","Relic","Card","Card","Relic","Relic","Relic","Relic","Card","Relic","Relic","Relic","Card","Relic","Relic","Relic","Relic","Relic","Relic","Relic","Relic"],"build_version":"2020-12-22","purchased_purges":9,"victory":false,"max_hp_per_floor":[75,75,75,75,75,75,82,82,82,82,82,82,89,89,89,89,89,89,89,89,89,89,89,89,89,89,89,89,89,89,99,99,99,99,99,99,99,99,99,99,99,99,99,94,94,94,94,94,94,94,94,94,94,102,102,102,102,102,102,102,102,102,110,110,110,110,102,102,102,102,86,78,78,78,70,70,70,70,62,62,62,62,54,54,54,54,38,38,38,38,38,38,38,38,38,38,38,38,38,38,38,38,38,38,38,38,38,38,38,38,38,38,38,38,38,38,38,38,38,30,30,30,30,30,30,30,30,30,30,30,30,22,22,22,6,6,6,6,6,6,6,6],"card_choices":[{"not_picked":["Beam Cell","Storm"],"picked":"Sweeping Beam","floor":1},{"not_picked":["Hologram","WeaponsOverheat"],"picked":"Compile Driver","floor":5},{"not_picked":["ReplayReversal","Barrage"],"picked":"Defragment","floor":6},{"not_picked":["Iron Wave","ReplaySolidLightProjector"],"picked":"Skim","floor":8},{"not_picked":["ReplaySort","ReplayTheSpireMod:GoodbyeWorld"],"picked":"Limit Break","floor":11},{"not_picked":["Turbo","Rebound"],"picked":"Conserve Battery","floor":13},{"not_picked":["Darkness+1","Turbo"],"picked":"Fusion","floor":18},{"not_picked":["Leap+1","Scrape"],"picked":"Coolheaded+1","floor":20},{"not_picked":["infinitespire:FinalStrike","infinitespire:Menacing"],"picked":"infinitespire:FutureSight","floor":21},{"not_picked":["Leap","Beam Cell","Consume"],"picked":"SKIP","floor":22},{"not_picked":["Ball Lightning","Chill","Go for the Eyes"],"picked":"SKIP","floor":23},{"not_picked":["FTL","ReplayRNGCard","Skim"],"picked":"SKIP","floor":27},{"not_picked":["Gash+1","Barrage","White Noise"],"picked":"SKIP","floor":28},{"not_picked":["Conserve Battery","Hologram","Steam"],"picked":"SKIP","floor":29},{"not_picked":["hubris:Ukulele+1","Rebound"],"picked":"Heatsinks","floor":30},{"not_picked":["Amplify","Reboot"],"picked":"Echo Form","floor":33},{"not_picked":["Blizzard+1","Second Wind","Clothesline+1"],"picked":"Heavy Blade","floor":35},{"not_picked":["Sweeping Beam","Genetic Algorithm","Barrage+1"],"picked":"Headbutt+1","floor":37},{"not_picked":["Anger","Flex+1","Coolheaded+1"],"picked":"Shrug It Off","floor":39},{"not_picked":["Gash","Cold Snap","Flame Barrier","ReplayTheSpireMod:Strike From Hell"],"picked":"SKIP","floor":40},{"not_picked":["Twin Strike+1","Eclipse","Barrage"],"picked":"Turbo+1","floor":41},{"not_picked":["Steam+1","Thunder Strike","Rebound","Cold Snap"],"picked":"SKIP","floor":42},{"not_picked":["Blizzard+1","Sword Boomerang","ReplayTheSpireMod:Muscle Training"],"picked":"Biased Cognition","floor":45},{"not_picked":["Gash+1","Run Through+1","Sweeping Beam"],"picked":"hubris:ReadiedAction+1","floor":47},{"not_picked":["Bludgeon","Feed","Replay:Many Hands"],"picked":"Demon Form","floor":50},{"not_picked":["Gash","Ghostly Armor","Cold Snap","Sweeping Beam"],"picked":"SKIP","floor":52},{"not_picked":["ReplayTheSpireMod:Limb From Limb","Steam","Flex","ReplayRNGCard"],"picked":"SKIP","floor":58},{"not_picked":["Run Through","Thunderclap","Anger","hubris:CleavingFinish"],"picked":"SKIP","floor":62},{"not_picked":["Anger","Shrug It Off","Undo","ReplayTheSpireMod:Reroute Power"],"picked":"SKIP","floor":64},{"not_picked":["Dropkick","Cold Snap","Armaments","Replay:Undeath\u0027s Touch"],"picked":"SKIP","floor":65},{"not_picked":["All For One","Fiend Fire","Amplify"],"picked":"ReplayTheSpireMod:Fabricate Wheel","floor":67},{"not_picked":["infinitespire:Fortify","infinitespire:Execution"],"picked":"infinitespire:Punishment","floor":68},{"not_picked":["Crystallizer+1","Hologram","hubris:SpiceAddiction","Streamline"],"picked":"SKIP","floor":69},{"not_picked":["Thunderclap+1","Redo+1","ReplayTheSpireMod:Muscle Training","Wild Strike+1"],"picked":"SKIP","floor":69},{"not_picked":["Havoc","Wild Strike","Coolheaded"],"picked":"hubris:SpiceAddiction","floor":71},{"not_picked":["ReplayTheSpireMod:Reroute Power","hubris:SpiceAddiction","Havoc"],"picked":"Pommel Strike+1","floor":71},{"not_picked":["Armaments","Body Slam","Flex","Blood for Blood+1"],"picked":"SKIP","floor":74},{"not_picked":["hubris:SpiceAddiction","Clothesline","BasicCrystalCard+1","hubris:StunningStrike"],"picked":"SKIP","floor":81},{"not_picked":["ReplayTheSpireMod:Strike From Hell+1","hubris:SpiceAddiction","hubris:ReadiedAction","Sunder+1"],"picked":"SKIP","floor":82},{"not_picked":["Redo","Hyperbeam","Doom and Gloom+1","Clothesline"],"picked":"SKIP","floor":82},{"not_picked":["ReplayTheSpireMod:Strike From Hell","hubris:ReadiedAction+1","hubris:SpiceAddiction","Iron Wave+1"],"picked":"SKIP","floor":86},{"not_picked":["Body Slam","hubris:SpiceAddiction","Cold Snap+1","Rebound+1"],"picked":"SKIP","floor":86},{"not_picked":["Inflame","Flex","hubris:SpiceAddiction","Turbo+1"],"picked":"SKIP","floor":91},{"not_picked":["hubris:SpecializedCircuitry","Thunderclap","hubris:SharpeningStone","Perfected Strike+1"],"picked":"SKIP","floor":93},{"not_picked":["Beam Cell+1","True Grit","Disarm+1","Corruption"],"picked":"SKIP","floor":95},{"not_picked":["Aggregate+1","Cleave+1","Anger+1","Streamline"],"picked":"SKIP","floor":97},{"not_picked":["Thunderclap+1","Perfected Strike+1","hubris:PowerSurge","Wild Strike+1"],"picked":"SKIP","floor":97},{"not_picked":["hubris:SpiceAddiction","Impervious","Corruption"],"picked":"Creative AI","floor":101},{"not_picked":["ReplayTheSpireMod:System Scan","Reprogram","Clothesline","Coolheaded"],"picked":"SKIP","floor":103},{"not_picked":["hubris:SpiceAddiction","Fire Breathing","Rebound","Clothesline"],"picked":"SKIP","floor":103},{"not_picked":["hubris:SpiceAddiction","hubris:SpiceAddiction","Disarm","Streamline"],"picked":"SKIP","floor":104},{"not_picked":["hubris:SpiceAddiction","Static Discharge","hubris:SpiceAddiction","Go for the Eyes"],"picked":"SKIP","floor":104},{"not_picked":["hubris:SpiceAddiction","Cold Snap","Perfected Strike","Flame Barrier"],"picked":"SKIP","floor":108},{"not_picked":["Clash","Beam Cell","Streamline","hubris:Prefetch"],"picked":"SKIP","floor":112},{"not_picked":["Reckless Charge","Warcry","ReplayTheSpireMod:Stacked","Recycle"],"picked":"SKIP","floor":114},{"not_picked":["Compile Driver","Aggregate","hubris:SpiceAddiction","Flex"],"picked":"SKIP","floor":116},{"not_picked":["Multi-Cast","Buffer","Berserk"],"picked":"ReplayTheSpireMod:Fabricate Wheel","floor":118},{"not_picked":["Warcry+1","ReplayTheSpireMod:Muscle Training","ReplaySort+1","Replay:Undeath\u0027s Touch"],"picked":"SKIP","floor":120},{"not_picked":["Conserve Battery","hubris:SpiceAddiction","Cleave","Power Through"],"picked":"SKIP","floor":120},{"not_picked":["Blizzard","Demonic Infusion","Fusion","Power Through"],"picked":"SKIP","floor":125},{"not_picked":["Pommel Strike","Crystallizer","Armaments","Auto Shields"],"picked":"SKIP","floor":127},{"not_picked":["hubris:SpiceAddiction","Run Through","Armaments","Thunderclap"],"picked":"SKIP","floor":130},{"not_picked":["hubris:SpiceAddiction","Auto Shields","Compile Driver","Abandon+1"],"picked":"SKIP","floor":130},{"not_picked":["ReplayTheSpireMod:GoodbyeWorld","Perfected Strike","ReplayReversal","Streamline"],"picked":"SKIP","floor":130},{"not_picked":["True Grit","Electrodynamics","Conserve Battery"],"picked":"Limit Break","floor":132},{"not_picked":["Dual Wield","Beam Cell+1","Sweeping Beam+1"],"picked":"Pommel Strike+1","floor":137},{"not_picked":["Reckless Charge+1","Body Slam","Wild Strike","Reinforced Body"],"picked":"SKIP","floor":137},{"not_picked":["Clothesline+1","Dual Wield","hubris:Ukulele","Hologram+1"],"picked":"SKIP","floor":137},{"not_picked":["ReplayTheSpireMod:System Scan","Cleave","Blizzard+1","Go for the Eyes"],"picked":"SKIP","floor":142},{"not_picked":["Ball Lightning+1","Rebound","Rampage+1","hubris:SpiceAddiction"],"picked":"SKIP","floor":144},{"not_picked":["hubris:SpiceAddiction","Brutality","hubris:SpiceAddiction","Shockwave+1"],"picked":"SKIP","floor":144},{"not_picked":["ReplayTheSpireMod:Strike From Hell+1","Carnage","hubris:SharpeningStone+1","Sweeping Beam"],"picked":"SKIP","floor":144},{"not_picked":["Headbutt","Wild Strike","Perfected Strike","hubris:SpiceAddiction"],"picked":"SKIP","floor":147},{"not_picked":["Pummel","hubris:SpiceAddiction","Conserve Battery","Ball Lightning"],"picked":"SKIP","floor":147},{"not_picked":["hubris:SpiceAddiction","Heatsinks+1","hubris:SpiceAddiction","Sword Boomerang+1"],"picked":"SKIP","floor":147},{"not_picked":["Feel No Pain","hubris:SpiceAddiction","hubris:SpiceAddiction","hubris:SpiceAddiction"],"picked":"SKIP","floor":148},{"not_picked":["Stack+1","All For One","Cold Snap+1","Shrug It Off"],"picked":"SKIP","floor":149},{"not_picked":["hubris:SpiceAddiction","hubris:SpiceAddiction","Shrug It Off+1","ReplayTheSpireMod:Muscle Training+1"],"picked":"SKIP","floor":149},{"not_picked":["ReplaySolidLightProjector","Blood for Blood+1","Go for the Eyes+1","Clash+1"],"picked":"SKIP","floor":149},{"not_picked":["hubris:SpiceAddiction","Intimidate","Clothesline","Anger"],"picked":"SKIP","floor":154},{"not_picked":["True Grit","Cleave","Power Through","Twin Strike"],"picked":"SKIP","floor":154},{"not_picked":["Flex","Iron Wave","BasicCrystalCard","Compile Driver"],"picked":"SKIP","floor":154}],"player_experience":50311,"relics_obtained":[{"floor":8,"key":"Odd Mushroom"},{"floor":11,"key":"Pen Nib"},{"floor":13,"key":"Strawberry"},{"floor":23,"key":"Replay:Multitool"},{"floor":23,"key":"Omamori"},{"floor":26,"key":"aspiration:ChemicalBlood"},{"floor":30,"key":"Replay:Kaleidoscope"},{"floor":30,"key":"hubris:MobiusCoin"},{"floor":40,"key":"hubris:Teleporter"},{"floor":40,"key":"infinitespire:Lucky Rock"},{"floor":42,"key":"infinitespire:Joker Card"},{"floor":42,"key":"hubris:Zylophone"},{"floor":43,"key":"Bottled Flame"},{"floor":60,"key":"ReplayTheSpireMod:Shallot"},{"floor":61,"key":"Blue Doll"},{"floor":64,"key":"hubris:Spice"},{"floor":64,"key":"Mercury Hourglass"},{"floor":74,"key":"Bag of Preparation"},{"floor":74,"key":"hubris:Spice"},{"floor":77,"key":"hubris:Spice"},{"floor":79,"key":"Matryoshka"},{"floor":81,"key":"hubris:Metronome"},{"floor":81,"key":"hubris:Spice"},{"floor":91,"key":"hubris:Spice"},{"floor":91,"key":"hubris:Spice"},{"floor":92,"key":"Blood Vial"},{"floor":93,"key":"Unceasing Top"},{"floor":93,"key":"Replay:Mystery Machine"},{"floor":94,"key":"Replay:Rubber Ducky"},{"floor":94,"key":"Boot"},{"floor":95,"key":"Dead Branch"},{"floor":95,"key":"Meat on the Bone"},{"floor":108,"key":"Bottled Lightning"},{"floor":111,"key":"Potion Belt"},{"floor":111,"key":"hubris:SphereOfDissonance"},{"floor":112,"key":"hubris:TinFlute"},{"floor":116,"key":"Lantern"},{"floor":125,"key":"Iron Hammer"},{"floor":127,"key":"Bird Faced Urn"},{"floor":128,"key":"hubris:Spice"},{"floor":132,"key":"hubris:SlimyHat"},{"floor":142,"key":"Lizard Tail"},{"floor":142,"key":"hubris:Potato"},{"floor":145,"key":"hubris:Spice"},{"floor":148,"key":"hubris:Spice"},{"floor":148,"key":"hubris:Spice"}],"event_choices":[{"damage_healed":0,"gold_gain":0,"player_choice":"Fought Mushrooms","damage_taken":0,"max_hp_gain":0,"max_hp_loss":0,"event_name":"Mushrooms","floor":8,"gold_loss":0},{"damage_healed":29,"gold_gain":0,"player_choice":"Heal","damage_taken":0,"max_hp_gain":0,"max_hp_loss":0,"event_name":"The Library","floor":25,"gold_loss":0},{"damage_healed":0,"gold_gain":0,"player_choice":"Max HP","damage_taken":0,"max_hp_gain":0,"max_hp_loss":5,"event_name":"Winding Halls","floor":44,"gold_loss":0},{"damage_healed":0,"gold_gain":0,"player_choice":"Ignored","damage_taken":0,"max_hp_gain":0,"max_hp_loss":0,"event_name":"Liars Game","floor":53,"gold_loss":0},{"damage_healed":0,"gold_gain":0,"cards_transformed":["Zap"],"player_choice":"Transformed","damage_taken":0,"max_hp_gain":0,"max_hp_loss":0,"event_name":"Transmorgrifier","floor":70,"gold_loss":0,"cards_obtained":["Double Tap"]},{"damage_healed":0,"gold_gain":0,"player_choice":"Bought 0 Potions","damage_taken":0,"max_hp_gain":0,"max_hp_loss":0,"event_name":"The Woman in Blue","floor":98,"gold_loss":0},{"damage_healed":0,"gold_gain":0,"player_choice":"Entered Light","damage_taken":8,"max_hp_gain":0,"max_hp_loss":0,"event_name":"Shining Light","floor":106,"gold_loss":0,"cards_upgraded":["Conserve Battery","Creative AI"]},{"damage_healed":0,"gold_gain":100,"player_choice":"Gold","damage_taken":0,"max_hp_gain":0,"max_hp_loss":0,"event_name":"Wheel of Change","floor":107,"gold_loss":0},{"damage_healed":0,"gold_gain":75,"player_choice":"Gather Gold","damage_taken":11,"max_hp_gain":0,"max_hp_loss":0,"event_name":"World of Goop","floor":110,"gold_loss":0},{"damage_healed":0,"gold_gain":0,"player_choice":"Inject Mutagens","damage_taken":0,"relics_obtained":["MutagenicStrength"],"max_hp_gain":0,"max_hp_loss":0,"event_name":"Drug Dealer","floor":122,"gold_loss":0},{"damage_healed":0,"gold_gain":0,"player_choice":"Read","damage_taken":0,"max_hp_gain":0,"max_hp_loss":0,"event_name":"The Library","floor":123,"gold_loss":0,"cards_obtained":["Crescendo"]},{"cards_removed":["Conserve Battery"],"damage_healed":0,"gold_gain":0,"player_choice":"Card Removal","damage_taken":0,"max_hp_gain":0,"max_hp_loss":0,"event_name":"Wheel of Change","floor":138,"gold_loss":0}],"is_beta":false,"boss_relics":[{"not_picked":["Ring of Chaos","Pandora\u0027s Box"],"picked":"Black Star"},{"not_picked":["Calling Bell","Replay:Ancient Bell"],"picked":"Replay:Grab Bag"},{"not_picked":["ReplayTheSpireMod:Onyx Gauntlets","Fusion Hammer"],"picked":"infinitespire:Cupcake"},{"not_picked":["Runic Dome","hubris:GrandSneckoEye"],"picked":"Sozu"},{"not_picked":["Astrolabe","SacredBark"],"picked":"aspiration:IroncladSkillbook"},{"not_picked":["aspiration:RunicSpoon","hubris:Stopwatch"],"picked":"hubris:CrackedHourglass"},{"not_picked":["hubris:Spice","Tiny House"],"picked":"hubris:Spice"},{"not_picked":["hubris:Spice","hubris:Spice"],"picked":"hubris:Spice"},{"not_picked":["hubris:Spice","hubris:Spice"],"picked":"Runic Dome"},{"not_picked":["hubris:Spice","Snecko Eye"],"picked":"Nuclear Battery"},{"not_picked":["hubris:Spice","hubris:Spice","hubris:Spice"]},{"not_picked":["SacredBark","Pandora\u0027s Box"],"picked":"hubris:RunicObelisk"}],"items_purged_floors":[2,7,14,19,31,36,38,54,73],"is_endless":true,"potions_floor_spawned":[5,6,8,27,30,33,37,39,42,47,50,64,71,82,84,93,97,103,108,112,114,125,132,135,137,148,152,154],"ascension_level":1}}