{"host":"y3h3n3f7seyagppx","time":1612649221,"event":{"mods":["AlwaysNeverKeys","BaseMod","Better Vampires","Colored Powertips","DeckTracker","Emptier Cage","Minty Spire (QoL Compilation)","Permanent Neow","Quick Restart","Rare Cards Sparkle","Relic Sorter","Relic Stats","StSLib","Transform Curses"],"gold_per_floor":[118,137,95,95,39,70,70,99,99,129,142,152,152,183,183,257,257,270,270,298,20,20,52,52,85,167,201,201,215,240,155,155,232,232,250,150,150,150,162,162,190,190,190,190,208,242,254,288,288,288,288,288,288,18,48,48],"floor_reached":57,"language":"ENG","playtime":6301,"items_purged":["Writhe","Doubt"],"score":3134,"play_id":"1feeb09e-1d00-45ef-a216-d13bf6d6a744","local_time":"20210206170701","is_ascension_mode":true,"campfire_choices":[{"data":"Fiend Fire","floor":7,"key":"SMITH"},{"data":"Immolate","floor":15,"key":"SMITH"},{"data":"Uppercut","floor":24,"key":"SMITH"},{"data":"Fire Breathing","floor":28,"key":"SMITH"},{"data":"Power Through","floor":32,"key":"SMITH"},{"data":"Power Through","floor":40,"key":"SMITH"},{"data":"Power Through","floor":42,"key":"SMITH"},{"floor":44,"key":"REST"},{"floor":49,"key":"DIG"},{"floor":53,"key":"DIG"}],"circlet_count":0,"master_deck":["AscendersBane","Defend_R+1","Defend_R","Defend_R","Defend_R","Bash+1","Flame Barrier","Battle Trance","Fire Breathing+1","Fiend Fire+1","Uppercut+1","Evolve","Immolate+1","Shrug It Off","Power Through+1","Power Through+1","Bite","Bite","Bite","Bite","Shockwave+1","Hemokinesis+1","Battle Trance+1","Power Through+1","Mayhem","Finesse","Disarm","Feel No Pain","Whirlwind+1","Demon Form"],"relics":["Mark of Pain","Pantograph","Kunai","Matryoshka","Oddly Smooth Stone","Vajra","Singing Bowl","Whetstone","Happy Flower","Cursed Key","MawBank","DollysMirror","Paper Frog","Bag of Preparation","Bronze Scales","Self Forming Clay","Mango","Art of War","Darkstone Periapt","Black Star","Lantern","War Paint","Shovel","Toy Ornithopter","Eternal Feather","Bag of Marbles","Shuriken","Pear","Bird Faced Urn"],"acts_visited":["Exordium","TheCity","TheBeyond","TheEnding"],"potions_floor_usage":[8,18,21,25,27,41,55,56],"damage_taken":[{"damage":2,"enemies":"Cultist","floor":1,"turns":4},{"damage":7,"enemies":"Small Slimes","floor":2,"turns":3},{"damage":15,"enemies":"Lagavulin","floor":6,"turns":7},{"damage":5,"enemies":"3 Sentries","floor":8,"turns":5},{"damage":0,"enemies":"Gremlin Nob","floor":10,"turns":2},{"damage":0,"enemies":"2 Louse","floor":11,"turns":3},{"damage":5,"enemies":"Exordium Thugs","floor":12,"turns":3},{"damage":10,"enemies":"3 Sentries","floor":14,"turns":3},{"damage":0,"enemies":"Slime Boss","floor":16,"turns":5},{"damage":0,"enemies":"2 Thieves","floor":18,"turns":3},{"damage":27,"enemies":"Shell Parasite","floor":20,"turns":3},{"damage":35,"enemies":"Slavers","floor":23,"turns":6},{"damage":10,"enemies":"Gremlin Leader","floor":25,"turns":5},{"damage":25,"enemies":"Slavers","floor":27,"turns":5},{"damage":18,"enemies":"Snake Plant","floor":29,"turns":2},{"damage":3,"enemies":"Gremlin Leader","floor":30,"turns":5},{"damage":55,"enemies":"Champ","floor":33,"turns":10},{"damage":0,"enemies":"Orb Walker","floor":35,"turns":2},{"damage":12,"enemies":"3 Darklings","floor":39,"turns":6},{"damage":34,"enemies":"Nemesis","floor":41,"turns":7},{"damage":7,"enemies":"4 Shapes","floor":45,"turns":2},{"damage":2,"enemies":"Reptomancer","floor":46,"turns":6},{"damage":16,"enemies":"Writhing Mass","floor":47,"turns":6},{"damage":4,"enemies":"Giant Head","floor":48,"turns":6},{"damage":22,"enemies":"Donu and Deca","floor":50,"turns":7},{"damage":74,"enemies":"Awakened One","floor":51,"turns":14},{"damage":53,"enemies":"Shield and Spear","floor":55,"turns":5},{"damage":52,"enemies":"The Heart","floor":56,"turns":8}],"seed_played":"-7989756573487535273","potions_obtained":[{"floor":1,"key":"Explosive Potion"},{"floor":14,"key":"Weak Potion"},{"floor":16,"key":"DistilledChaos"},{"floor":20,"key":"BloodPotion"},{"floor":25,"key":"Regen Potion"},{"floor":29,"key":"Weak Potion"},{"floor":30,"key":"Block Potion"},{"floor":45,"key":"FearPotion"},{"floor":55,"key":"Swift Potion"}],"is_trial":false,"path_per_floor":["M","M","$","?","$","E","R","E","T","E","M","M","?","E","R","B",null,"M","?","M","$","?","E","R","E","T","E","R","M","E","?","R","B",null,"M","$","?","?","M","R","E","R","T","R","M","E","M","E","R","B","B",null,"R","$","E","B",null],"character_chosen":"IRONCLAD","items_purchased":["Fire Breathing","BloodPotion","DollysMirror","Energy Potion","Shuriken"],"campfire_rested":1,"item_purchase_floors":[3,5,21,21,54],"current_hp_per_floor":[66,59,59,59,59,44,44,39,39,39,41,36,61,53,53,55,75,77,77,50,66,58,35,35,53,53,68,68,54,61,61,61,28,66,70,70,62,62,64,64,42,42,42,66,63,71,65,75,86,72,30,72,86,86,56,60],"gold":48,"neow_bonus":"BOSS_RELIC","is_daily":false,"chose_seed":false,"campfire_upgraded":7,"win_rate":0.0,"timestamp":1612649221,"path_taken":["M","M","?","?","$","E","R","E","T","E","?","M","?","E","R","BOSS","M","?","M","$","?","E","R","E","T","E","R","M","E","?","R","BOSS","M","$","?","?","M","R","E","R","T","R","?","E","M","E","R","BOSS","BOSS","R","$","E","BOSS"],"items_purchased_type":["Card","Potion","Relic","Potion","Relic"],"build_version":"2020-12-22","purchased_purges":2,"victory":true,"max_hp_per_floor":[75,75,75,75,75,75,75,75,75,75,77,77,77,79,79,81,81,83,83,83,83,58,60,60,60,60,76,76,76,76,76,76,78,78,78,78,80,80,82,82,82,82,82,82,82,82,84,86,86,86,86,86,86,86,96,96],"relic_stats":{"Darkstone Periapt":0,"Singing Bowl":22,"Happy Flower":[37],"counters":[28,143],"Self Forming Clay":[204],"Eternal Feather":25,"Bag of Preparation":[30],"Whetstone":["Strike_R","Bash"],"War Paint":["Defend_R","Battle Trance"],"Cursed Key":1,"MawBank":24,"Shovel":2,"Shuriken":[4],"Pantograph":39,"Bronze Scales":[371],"Bird Faced Urn":[10],"Art of War":[10],"Black Star":4,"Kunai":[4],"obtain_stats":[{"Darkstone Periapt":31,"Lantern":41,"Singing Bowl":9,"Vajra":9,"Mango":27,"Bag of Preparation":25,"Whetstone":10,"Cursed Key":17,"Burning Blood":0,"Matryoshka":6,"Shovel":46,"DollysMirror":21,"Pantograph":49,"Kunai":53,"Paper Frog":23,"Pear":55,"Happy Flower":14,"Self Forming Clay":26,"Oddly Smooth Stone":8,"Eternal Feather":48,"War Paint":41,"MawBank":19,"Shuriken":54,"Bronze Scales":26,"Bird Faced Urn":55,"Mark of Pain":0,"Art of War":30,"Black Star":34,"Bag of Marbles":48,"Toy Ornithopter":46},{"Darkstone Periapt":16,"Lantern":20,"Singing Bowl":4,"Vajra":4,"Mango":14,"Bag of Preparation":13,"Whetstone":5,"Cursed Key":9,"Burning Blood":0,"Matryoshka":3,"Shovel":22,"DollysMirror":11,"Pantograph":24,"Kunai":26,"Paper Frog":12,"Pear":27,"Happy Flower":8,"Self Forming Clay":13,"Oddly Smooth Stone":4,"Eternal Feather":24,"War Paint":20,"MawBank":10,"Shuriken":26,"Bronze Scales":13,"Bird Faced Urn":27,"Mark of Pain":0,"Art of War":16,"Black Star":17,"Bag of Marbles":24,"Toy Ornithopter":22},{"Darkstone Periapt":64,"Lantern":89,"Singing Bowl":19,"Vajra":19,"Mango":57,"Bag of Preparation":52,"Whetstone":21,"Cursed Key":35,"Burning Blood":0,"Matryoshka":14,"Shovel":97,"DollysMirror":41,"Pantograph":109,"Kunai":130,"Paper Frog":47,"Pear":135,"Happy Flower":30,"Self Forming Clay":52,"Oddly Smooth Stone":19,"Eternal Feather":109,"War Paint":89,"MawBank":38,"Shuriken":130,"Bronze Scales":52,"Bird Faced Urn":135,"Mark of Pain":0,"Art of War":64,"Black Star":74,"Bag of Marbles":109,"Toy Ornithopter":97}],"Toy Ornithopter":10},"card_choices":[{"not_picked":["Sentinel","Havoc"],"picked":"Flame Barrier","floor":1},{"not_picked":["Blood for Blood","Heavy Blade"],"picked":"Battle Trance","floor":2},{"not_picked":["Clash","Shockwave"],"picked":"Uppercut","floor":6},{"not_picked":["Battle Trance","Cleave"],"picked":"Evolve","floor":8},{"not_picked":["Inflame","Rage"],"picked":"Immolate","floor":10},{"not_picked":["Havoc","Rampage","Intimidate"],"picked":"Singing Bowl","floor":11},{"not_picked":["Thunderclap","True Grit"],"picked":"Shrug It Off","floor":12},{"not_picked":["Clothesline","Berserk","Reckless Charge"],"picked":"Singing Bowl","floor":14},{"not_picked":["Immolate","Juggernaut","Demon Form"],"picked":"Singing Bowl","floor":16},{"not_picked":["Pommel Strike","Uppercut","Havoc"],"picked":"Singing Bowl","floor":18},{"not_picked":["Iron Wave","Blood for Blood"],"picked":"Power Through","floor":20},{"not_picked":["Bludgeon","Headbutt","Whirlwind"],"picked":"Singing Bowl","floor":23},{"not_picked":["Iron Wave","Power Through"],"picked":"Shockwave+1","floor":25},{"not_picked":["Entrench","Clothesline","Heavy Blade"],"picked":"Singing Bowl","floor":27},{"not_picked":["Flame Barrier","Sword Boomerang"],"picked":"Hemokinesis+1","floor":29},{"not_picked":["Cleave","Carnage"],"picked":"Battle Trance","floor":30},{"not_picked":["Juggernaut","Limit Break","Berserk"],"picked":"Singing Bowl","floor":33},{"not_picked":["Anger","Havoc+1"],"picked":"Power Through","floor":35},{"not_picked":["Jack Of All Trades","Purity"],"picked":"Mayhem","floor":37},{"not_picked":["Trip","Mind Blast","Discovery"],"picked":"Singing Bowl","floor":37},{"not_picked":["PanicButton","Madness"],"picked":"Finesse","floor":37},{"not_picked":["Reckless Charge","Intimidate","Wild Strike"],"picked":"Singing Bowl","floor":39},{"not_picked":["Heavy Blade","Anger"],"picked":"Disarm","floor":41},{"not_picked":["Seeing Red","Flex"],"picked":"Feel No Pain","floor":45},{"not_picked":["Infernal Blade","Dark Embrace+1"],"picked":"Whirlwind+1","floor":46},{"not_picked":["Reckless Charge+1","Entrench+1","Evolve+1"],"picked":"Singing Bowl","floor":47},{"not_picked":["Infernal Blade","Headbutt","Armaments"],"picked":"Singing Bowl","floor":48},{"not_picked":["Sword Boomerang+1","Inflame+1"],"picked":"Demon Form","floor":55}],"player_experience":21915761,"relics_obtained":[{"floor":6,"key":"Matryoshka"},{"floor":8,"key":"Oddly Smooth Stone"},{"floor":9,"key":"Vajra"},{"floor":9,"key":"Singing Bowl"},{"floor":10,"key":"Whetstone"},{"floor":14,"key":"Happy Flower"},{"floor":23,"key":"Paper Frog"},{"floor":25,"key":"Bag of Preparation"},{"floor":26,"key":"Bronze Scales"},{"floor":26,"key":"Self Forming Clay"},{"floor":27,"key":"Mango"},{"floor":30,"key":"Art of War"},{"floor":41,"key":"Lantern"},{"floor":41,"key":"War Paint"},{"floor":46,"key":"Shovel"},{"floor":46,"key":"Toy Ornithopter"},{"floor":48,"key":"Eternal Feather"},{"floor":48,"key":"Bag of Marbles"},{"floor":49,"key":"Pantograph"},{"floor":53,"key":"Kunai"},{"floor":55,"key":"Pear"},{"floor":55,"key":"Bird Faced Urn"}],"event_choices":[{"damage_healed":0,"gold_gain":0,"player_choice":"1 cards matched","damage_taken":0,"max_hp_gain":0,"max_hp_loss":0,"event_name":"Match and Keep!","floor":4,"gold_loss":0,"cards_obtained":["Fiend Fire"]},{"damage_healed":25,"gold_gain":0,"player_choice":"Banana","damage_taken":0,"max_hp_gain":0,"max_hp_loss":0,"event_name":"Big Fish","floor":13,"gold_loss":0},{"damage_healed":0,"gold_gain":0,"player_choice":"Opened","damage_taken":0,"relics_obtained":["MawBank"],"max_hp_gain":0,"max_hp_loss":0,"event_name":"The Mausoleum","floor":19,"gold_loss":0,"cards_obtained":["Writhe"]},{"damage_healed":0,"gold_gain":0,"player_choice":"Became a vampire","damage_taken":0,"max_hp_gain":0,"max_hp_loss":25,"event_name":"Vampires","floor":22,"gold_loss":0,"cards_obtained":["Bite","Bite","Bite","Bite","Bite"]},{"damage_healed":0,"gold_gain":0,"player_choice":"Obtained Relic","damage_taken":0,"relics_obtained":["Darkstone Periapt"],"max_hp_gain":0,"max_hp_loss":0,"event_name":"Addict","floor":31,"gold_loss":85},{"damage_healed":0,"gold_gain":0,"player_choice":"Memory 3","damage_taken":10,"max_hp_gain":0,"max_hp_loss":0,"event_name":"SensoryStone","floor":37,"gold_loss":0},{"cards_removed":["Bite"],"damage_healed":0,"gold_gain":0,"player_choice":"Purged","damage_taken":0,"max_hp_gain":0,"max_hp_loss":0,"event_name":"Purifier","floor":38,"gold_loss":0}],"is_beta":false,"boss_relics":[{"not_picked":["Ectoplasm","Runic Pyramid"],"picked":"Cursed Key"},{"not_picked":["Velvet Choker","Runic Dome"],"picked":"Black Star"}],"items_purged_floors":[21,36],"is_endless":false,"potions_floor_spawned":[1,14,16,20,25,29,30,35,39,45,48,55],"ascension_level":20}}