{"host":"fhyqvp7txwl2j5aw","time":1612618027,"event":{"mods":["AchievementEnabler","BaseMod","Better Altar","Better Match","Better Note","Better Sensory Stone","Better Skull","Better Third Choice","Card Forge","Colored Map","Colored Powertips","Highlight Path","Minty Spire (QoL Compilation)","Rare Cards Sparkle","Relic Filter Mod","StSLib","Transform Curses"],"gold_per_floor":[110,130,405,420,420,420,420,456,524,555,555,247,265,298,298,417,417,433,456,470,266,284,322,322,342,365,400,400,400,400,424,424,543,543,567,567,567,1116,1141,1179,1200,1200,1200,1334,1378,1410,1485,1511,1523,1535],"floor_reached":51,"language":"JPN","playtime":3807,"items_purged":[],"score":1518,"play_id":"5f4a2284-48f6-4e6f-8a9b-c10faca15f69","local_time":"20210206222707","is_ascension_mode":true,"campfire_choices":[{"floor":6,"key":"REST"},{"floor":11,"key":"REST"},{"floor":15,"key":"REST"},{"floor":24,"key":"REST"},{"floor":30,"key":"REST"},{"floor":32,"key":"REST"},{"floor":49,"key":"REST"}],"circlet_count":0,"master_deck":["Bloodletting+1","Seeing Red+1","Offering+1","Pommel Strike+1","Ghostly+1","Offering+1","Whirlwind+1","Seeing Red+1","Feed+1","Power Through+1","Burning Pact+1","Insight+1","Burning Pact+1","Insight+1","Pommel Strike+1","Flex+1","Secret Technique+1","Exhume+1","Exhume+1","Limit Break+1","Purity+1"],"relics":["Burning Blood","Hammer of Thor","Seething Fire","Anvil of the Gods","Anchor","TungstenRod","Golden Idol","MealTicket","Darkstone Periapt","Vajra","Bag of Preparation","Membership Card","Question Card","Runic Cube","Pear","Centennial Puzzle","Nunchaku","Lantern","Omamori","Black Star","Toy Ornithopter","War Paint","Matryoshka","Boot","Whetstone","Shuriken","Red Skull","Mercury Hourglass","Happy Flower","MawBank","Peace Pipe"],"acts_visited":["Exordium","TheCity","TheBeyond"],"potions_floor_usage":[],"damage_taken":[{"damage":3,"enemies":"Jaw Worm","floor":1,"turns":5},{"damage":2,"enemies":"Cultist","floor":2,"turns":1},{"damage":2,"enemies":"2 Louse","floor":4,"turns":1},{"damage":0,"enemies":"Gremlin Nob","floor":8,"turns":1},{"damage":0,"enemies":"Lagavulin","floor":10,"turns":1},{"damage":0,"enemies":"2 Fungi Beasts","floor":13,"turns":1},{"damage":0,"enemies":"3 Sentries","floor":14,"turns":1},{"damage":0,"enemies":"The Guardian","floor":16,"turns":1},{"damage":0,"enemies":"Shell Parasite","floor":18,"turns":1},{"damage":0,"enemies":"Chosen","floor":19,"turns":1},{"damage":2,"enemies":"Snake Plant","floor":20,"turns":1},{"damage":0,"enemies":"Centurion and Healer","floor":22,"turns":1},{"damage":0,"enemies":"Book of Stabbing","floor":23,"turns":1},{"damage":0,"enemies":"Chosen and Byrds","floor":25,"turns":1},{"damage":0,"enemies":"Gremlin Leader","floor":27,"turns":1},{"damage":0,"enemies":"Snake Plant","floor":31,"turns":1},{"damage":5,"enemies":"Automaton","floor":33,"turns":1},{"damage":0,"enemies":"Orb Walker","floor":35,"turns":1},{"damage":0,"enemies":"3 Darklings","floor":39,"turns":1},{"damage":0,"enemies":"Reptomancer","floor":40,"turns":2},{"damage":0,"enemies":"Transient","floor":41,"turns":1},{"damage":0,"enemies":"Nemesis","floor":45,"turns":1},{"damage":2,"enemies":"Writhing Mass","floor":46,"turns":1},{"damage":2,"enemies":"Mind Bloom Boss Battle","floor":47,"turns":1},{"damage":0,"enemies":"Maw","floor":48,"turns":2},{"damage":0,"enemies":"Donu and Deca","floor":50,"turns":1}],"seed_played":"4493545903712126489","potions_obtained":[{"floor":1,"key":"GamblersBrew"},{"floor":4,"key":"CultistPotion"},{"floor":10,"key":"Swift Potion"},{"floor":14,"key":"DistilledChaos"},{"floor":44,"key":"FairyPotion"}],"is_trial":false,"path_per_floor":["M","M","?","M","?","R","?","E","T","E","R","$","M","E","R","B",null,"M","M","M","$","M","E","R","M","T","E","?","?","R","M","R","B",null,"M","?","?","?","M","E","M","?","T","?","E","M","?","M","R","B",null],"character_chosen":"IRONCLAD","items_purchased":["Bag of Preparation","Membership Card","Pear","Centennial Puzzle"],"campfire_rested":7,"item_purchase_floors":[12,12,21,21],"current_hp_per_floor":[88,92,92,100,83,100,100,104,104,108,108,108,116,128,128,132,132,136,140,144,154,162,166,166,174,174,178,178,178,178,182,182,186,186,190,190,190,17,23,33,43,93,93,93,103,111,119,125,188,198],"gold":1547,"neow_bonus":"TEN_PERCENT_HP_BONUS","is_daily":false,"chose_seed":false,"campfire_upgraded":0,"win_rate":0.0,"timestamp":1612618027,"path_taken":["M","M","?","?","?","R","?","E","T","E","R","?","?","E","R","BOSS","M","?","M","?","M","E","R","M","T","E","?","?","R","M","R","BOSS","M","?","?","?","?","E","M","?","T","?","E","?","?","M","R","BOSS"],"items_purchased_type":["Relic","Relic","Relic","Relic"],"build_version":"2020-12-22","purchased_purges":0,"victory":true,"max_hp_per_floor":[88,92,92,100,100,100,100,104,104,108,108,108,116,128,128,132,132,136,140,144,154,162,166,166,174,174,178,178,178,178,182,182,186,186,190,190,190,190,190,194,198,198,198,198,202,206,210,210,210,214],"card_choices":[{"not_picked":["Disarm","Rage","Warcry"],"picked":"SKIP","floor":1},{"not_picked":["Twin Strike","Evolve"],"picked":"Flex","floor":2},{"not_picked":["Sword Boomerang","Reckless Charge","Pommel Strike"],"picked":"SKIP","floor":4},{"not_picked":["Rupture","Clothesline","Fire Breathing"],"picked":"SKIP","floor":8},{"not_picked":["Thunderclap","Perfected Strike","Combust"],"picked":"SKIP","floor":10},{"not_picked":["Clothesline","Uppercut","Sword Boomerang"],"picked":"SKIP","floor":13},{"not_picked":["Wild Strike","Body Slam","Combust"],"picked":"SKIP","floor":14},{"not_picked":["Clash","Seeing Red","Feel No Pain","Headbutt"],"picked":"SKIP","floor":18},{"not_picked":["Headbutt+1","Armaments+1","Clothesline","Entrench"],"picked":"SKIP","floor":19},{"not_picked":["Twin Strike","Searing Blow+1","Ghostly Armor","Clash"],"picked":"SKIP","floor":20},{"not_picked":["True Grit","Sword Boomerang+1","Second Wind","Headbutt+1"],"picked":"SKIP","floor":22},{"not_picked":["Pommel Strike","Evolve+1","Bludgeon","Shrug It Off"],"picked":"SKIP","floor":23},{"not_picked":["Hemokinesis","Infernal Blade","Rupture","Perfected Strike"],"picked":"SKIP","floor":25},{"not_picked":["Pummel","Shrug It Off","Fiend Fire","Wild Strike+1"],"picked":"SKIP","floor":27},{"not_picked":["Entrench+1","Heavy Blade","Rampage","Anger+1"],"picked":"SKIP","floor":31},{"not_picked":["Shockwave+1","True Grit","Thunderclap+1","Twin Strike"],"picked":"SKIP","floor":35},{"not_picked":["Bandage Up","Flash of Steel","Deep Breath"],"picked":"Purity","floor":37},{"not_picked":["True Grit","Uppercut+1","Seeing Red","Wild Strike"],"picked":"SKIP","floor":39},{"not_picked":["Wild Strike","Combust+1","Hemokinesis","Body Slam+1"],"picked":"SKIP","floor":40},{"not_picked":["Sever Soul+1","Clash","Blood for Blood","Barricade"],"picked":"SKIP","floor":41},{"not_picked":["Swift Strike","Flash of Steel","Bandage Up","Magnetism"],"picked":"SKIP","floor":44},{"not_picked":["Thunderclap+1","Pommel Strike","Disarm","Wild Strike+1"],"picked":"SKIP","floor":45},{"not_picked":["Feel No Pain","Sword Boomerang","Heavy Blade","Headbutt"],"picked":"SKIP","floor":46},{"not_picked":["Spot Weakness","Pommel Strike+1","Carnage+1","Rage"],"picked":"SKIP","floor":48}],"player_experience":13865,"relics_obtained":[{"floor":8,"key":"MealTicket"},{"floor":9,"key":"Darkstone Periapt"},{"floor":10,"key":"Vajra"},{"floor":14,"key":"Question Card"},{"floor":23,"key":"Nunchaku"},{"floor":26,"key":"Lantern"},{"floor":27,"key":"Omamori"},{"floor":40,"key":"Matryoshka"},{"floor":40,"key":"Boot"},{"floor":43,"key":"Whetstone"},{"floor":43,"key":"Shuriken"},{"floor":44,"key":"Red Skull"},{"floor":44,"key":"Mercury Hourglass"},{"floor":45,"key":"Happy Flower"},{"floor":45,"key":"MawBank"},{"floor":47,"key":"Peace Pipe"}],"event_choices":[{"damage_healed":0,"gold_gain":275,"player_choice":"Desecrate","damage_taken":0,"max_hp_gain":0,"max_hp_loss":0,"event_name":"Golden Shrine","floor":3,"gold_loss":0,"cards_obtained":["Regret"]},{"damage_healed":0,"gold_gain":1,"player_choice":"Relic Relic ","damage_taken":17,"max_hp_gain":0,"max_hp_loss":0,"event_name":"betterThird:BetterScrap","floor":5,"gold_loss":0,"cards_obtained":["Meditate"]},{"damage_healed":0,"gold_gain":0,"player_choice":"Take Wound","damage_taken":0,"relics_obtained":["Golden Idol"],"max_hp_gain":0,"max_hp_loss":0,"event_name":"Golden Idol","floor":7,"gold_loss":0,"cards_obtained":["Injury"]},{"cards_removed":["Ghostly"],"damage_healed":0,"gold_gain":0,"player_choice":"Card Removal","damage_taken":0,"max_hp_gain":0,"max_hp_loss":0,"event_name":"Wheel of Change","floor":28,"gold_loss":0},{"cards_removed":["Insight"],"damage_healed":0,"gold_gain":0,"player_choice":"Give","damage_taken":0,"max_hp_gain":0,"max_hp_loss":0,"event_name":"betterNote:BetterNote","floor":29,"gold_loss":0,"cards_obtained":["None"]},{"damage_healed":0,"gold_gain":0,"player_choice":"Ignored","damage_taken":0,"max_hp_gain":0,"max_hp_loss":0,"event_name":"The Moai Head","floor":36,"gold_loss":0},{"damage_healed":0,"gold_gain":3,"player_choice":"1","damage_taken":0,"max_hp_gain":0,"max_hp_loss":0,"event_name":"betterStone:BetterStone","floor":37,"gold_loss":0},{"damage_healed":0,"gold_gain":549,"player_choice":"GO GO GO GO GO RE RE ","damage_taken":190,"relics_obtained":["Toy Ornithopter","War Paint"],"max_hp_gain":0,"max_hp_loss":0,"event_name":"betterSkull:BetterSkull","floor":38,"gold_loss":0,"cards_upgraded":[]},{"damage_healed":50,"gold_gain":0,"player_choice":"Writhe","damage_taken":0,"max_hp_gain":0,"max_hp_loss":0,"event_name":"Winding Halls","floor":42,"gold_loss":0,"cards_obtained":["Writhe"]},{"damage_healed":0,"gold_gain":0,"player_choice":"Random: Red","damage_taken":0,"max_hp_gain":0,"max_hp_loss":0,"event_name":"betterThird:BetterPortal","floor":44,"gold_loss":0},{"damage_healed":0,"gold_gain":0,"player_choice":"Fight","damage_taken":0,"max_hp_gain":0,"max_hp_loss":0,"event_name":"MindBloom","floor":47,"gold_loss":0}],"is_beta":false,"boss_relics":[{"not_picked":["Busted Crown","Black Blood"],"picked":"Runic Cube"},{"not_picked":["SacredBark","Sozu"],"picked":"Black Star"}],"items_purged_floors":[],"is_endless":false,"potions_floor_spawned":[1,4,10,14,16,18,25,33,41,45,47,48],"ascension_level":4}}