{"host":"ivscj6css7zfh8wh","time":1612581937,"event":{"mods":["2.2 Compatiblity","AchievementEnabler","BaseMod","Colored Map","DeckTracker","Highlight Path","Keyboard Shortcuts","Minty Spire (QoL Compilation)","Permanent Neow","Quick Restart","Random Character Button","StSLib","SuperFastMode"],"gold_per_floor":[113,129,129,129,54,54,89,89,89,105,119,137,153,192,192,323,323,348,363,363,363,49,49,68,68,92,142,85,125,125,125,125,244,244,260,274,287,310,369,369,369],"floor_reached":40,"language":"KOR","playtime":1476,"items_purged":["Defend_P"],"score":505,"play_id":"eaa509a6-5c5d-4d32-9f2e-56d3e8ca5fc4","local_time":"20210206122537","is_ascension_mode":true,"campfire_choices":[{"floor":6.0,"key":"REST"},{"data":"TalkToTheHand","floor":15.0,"key":"SMITH"},{"data":"Devotion","floor":23.0,"key":"SMITH"},{"data":"FlurryOfBlows","floor":25.0,"key":"SMITH"},{"data":"Adaptation","floor":30.0,"key":"SMITH"},{"floor":32.0,"key":"REST"}],"circlet_count":0,"master_deck":["Strike_P","Strike_P","Defend_P+1","Defend_P","Eruption+1","Vigilance+1","EmptyFist+1","TalkToTheHand+1","EmptyBody+1","Indignation","Devotion+1","FlurryOfBlows+1","Adaptation+1","FearNoEvil","FlurryOfBlows","EmptyBody+1"],"relics":["HolyWater","Golden Idol","Meat on the Bone","InkBottle","Toy Ornithopter","Bottled Tornado","MawBank","Singing Bowl","War Paint","Busted Crown","Calipers"],"acts_visited":["Exordium","TheCity","TheBeyond"],"potions_floor_usage":[33,38],"damage_taken":[{"damage":0.0,"enemies":"2 Louse","floor":1.0,"turns":2.0},{"damage":7.0,"enemies":"Jaw Worm","floor":2.0,"turns":3.0},{"damage":28.0,"enemies":"Gremlin Nob","floor":7.0,"turns":6.0},{"damage":0.0,"enemies":"Small Slimes","floor":10.0,"turns":3.0},{"damage":1.0,"enemies":"Blue Slaver","floor":11.0,"turns":4.0},{"damage":13.0,"enemies":"3 Louse","floor":12.0,"turns":3.0},{"damage":0.0,"enemies":"2 Fungi Beasts","floor":13.0,"turns":3.0},{"damage":9.0,"enemies":"Lagavulin","floor":14.0,"turns":7.0},{"damage":9.0,"enemies":"Hexaghost","floor":16.0,"turns":8.0},{"damage":13.0,"enemies":"Chosen","floor":18.0,"turns":6.0},{"damage":37.0,"enemies":"Shell Parasite","floor":19.0,"turns":5.0},{"damage":0.0,"enemies":"Snake Plant","floor":24.0,"turns":3.0},{"damage":3.0,"enemies":"Book of Stabbing","floor":27.0,"turns":5.0},{"damage":41.0,"enemies":"Slavers","floor":29.0,"turns":6.0},{"damage":28,"enemies":"Automaton","floor":33,"turns":8},{"damage":34,"enemies":"3 Shapes","floor":35,"turns":5},{"damage":24,"enemies":"3 Darklings","floor":36,"turns":3},{"damage":6,"enemies":"Jaw Worm Horde","floor":37,"turns":3},{"damage":0,"enemies":"Transient","floor":38,"turns":5},{"damage":50,"enemies":"2 Orb Walkers","floor":39,"turns":5},{"damage":49,"enemies":"Nemesis","floor":40,"turns":5}],"seed_played":"-3852753318180973774","potions_obtained":[{"floor":1.0,"key":"DuplicationPotion"},{"floor":7.0,"key":"Explosive Potion"},{"floor":13.0,"key":"EssenceOfSteel"},{"floor":16.0,"key":"DuplicationPotion"},{"floor":18.0,"key":"Fruit Juice"},{"floor":29.0,"key":"AttackPotion"},{"floor":36,"key":"SneckoOil"}],"is_trial":false,"path_per_floor":["M","M","?","?","$","R","E","?","T","M","M","M","M","E","R","B",null,"M","M","?","?","$","R","M","R","T","E","$","E","R","?","R","B",null,"M","M","M","M","?","E"],"character_chosen":"WATCHER","items_purchased":["TalkToTheHand","Bottled Tornado","Adaptation"],"campfire_rested":2,"item_purchase_floors":[5,22,28],"current_hp_per_floor":[51,44,26,12,12,33,5,5,5,17,28,27,39,42,42,38,72,69,44,30,30,30,30,47,47,47,46,46,22,22,22,47,38,86,54,44,50,57,19,0,0],"gold":369,"neow_bonus":"REMOVE_TWO","is_daily":false,"chose_seed":false,"campfire_upgraded":4,"win_rate":0.0,"timestamp":1612581937,"path_taken":["M","M","?","?","$","R","E","?","T","M","M","M","M","E","R","BOSS","M","M","?","?","?","R","M","R","T","E","$","E","R","?","R","BOSS","M","M","M","M","?","E"],"items_purchased_type":["Card","Relic","Card"],"build_version":"2020-12-22","purchased_purges":1,"victory":false,"max_hp_per_floor":[72,72,72,72,72,72,72,72,72,72,72,72,72,72,72,72,72,77,77,82,82,82,82,82,82,82,84,84,84,84,84,84,86,86,88,90,90,92,92,92,92],"card_choices":[{"not_picked":["LikeWater","Protect"],"picked":"EmptyFist","floor":1.0},{"not_picked":["Evaluate","CarveReality","Perseverance"],"picked":"SKIP","floor":2.0},{"not_picked":["CarveReality","FollowUp"],"picked":"EmptyBody","floor":7.0},{"not_picked":["Pray","WreathOfFlame"],"picked":"Indignation","floor":10.0},{"not_picked":["CutThroughFate","FlyingSleeves","Establishment"],"picked":"SKIP","floor":11.0},{"not_picked":["JustLucky","EmptyFist","FollowUp"],"picked":"SKIP","floor":12.0},{"not_picked":["ThirdEye","EmptyMind","Evaluate"],"picked":"SKIP","floor":13.0},{"not_picked":["Vengeance","Wireheading","WheelKick"],"picked":"SKIP","floor":14.0},{"not_picked":["DeusExMachina","Blasphemy"],"picked":"Devotion","floor":16.0},{"not_picked":["FollowUp+1","Consecrate"],"picked":"FlurryOfBlows","floor":18.0},{"not_picked":["Perseverance","EmptyBody","Crescendo"],"picked":"SKIP","floor":19.0},{"not_picked":["Consecrate","FlyingSleeves","PathToVictory"],"picked":"SKIP","floor":24.0},{"not_picked":["WaveOfTheHand+1","PathToVictory","FollowUp"],"picked":"Singing Bowl","floor":27.0},{"not_picked":["EmptyFist","Scrawl"],"picked":"FearNoEvil","floor":29.0},{"not_picked":["MasterReality","Alpha","Vault"],"picked":"Singing Bowl","floor":33},{"not_picked":["ClearTheMind+1"],"picked":"Singing Bowl","floor":35},{"not_picked":["FearNoEvil+1"],"picked":"Singing Bowl","floor":36},{"not_picked":[],"picked":"FlurryOfBlows","floor":37},{"not_picked":["Wireheading"],"picked":"Singing Bowl","floor":38},{"not_picked":[],"picked":"EmptyBody+1","floor":39}],"player_experience":741976,"relics_obtained":[{"floor":7.0,"key":"Meat on the Bone"},{"floor":9.0,"key":"InkBottle"},{"floor":14.0,"key":"Toy Ornithopter"},{"floor":26.0,"key":"MawBank"},{"floor":27.0,"key":"Singing Bowl"},{"floor":29.0,"key":"War Paint"},{"floor":39,"key":"Calipers"}],"event_choices":[{"damage_healed":0.0,"max_hp_gain":0.0,"max_hp_loss":0.0,"gold_gain":0.0,"event_name":"Golden Idol","player_choice":"Take Damage","floor":3.0,"gold_loss":0.0,"damage_taken":18.0,"relics_obtained":["Golden Idol"]},{"damage_healed":0.0,"max_hp_gain":0.0,"max_hp_loss":0.0,"gold_gain":0.0,"event_name":"Shining Light","player_choice":"Entered Light","floor":4.0,"gold_loss":0.0,"damage_taken":14.0,"cards_upgraded":["EmptyFist","Vigilance"]},{"damage_healed":0.0,"max_hp_gain":0.0,"max_hp_loss":0.0,"gold_gain":0.0,"event_name":"Living Wall","player_choice":"Grow","floor":8.0,"gold_loss":0.0,"damage_taken":0.0,"cards_upgraded":["Eruption"]},{"damage_healed":0.0,"max_hp_gain":5.0,"max_hp_loss":0.0,"gold_gain":0.0,"event_name":"Forgotten Altar","player_choice":"Shed Blood","floor":20.0,"gold_loss":0.0,"damage_taken":19.0},{"cards_removed":["Strike_P"],"damage_healed":0.0,"max_hp_gain":0.0,"max_hp_loss":0.0,"gold_gain":0.0,"event_name":"Back to Basics","player_choice":"Elegance","floor":21.0,"gold_loss":0.0,"damage_taken":0.0},{"damage_healed":0.0,"max_hp_gain":0.0,"max_hp_loss":0.0,"gold_gain":0.0,"event_name":"Cursed Tome","player_choice":"Ignored","floor":31.0,"gold_loss":0.0,"damage_taken":0.0},{"damage_healed":0,"gold_gain":0,"player_choice":"Fight","damage_taken":0,"max_hp_gain":0,"max_hp_loss":0,"event_name":"Mysterious Sphere","floor":39,"gold_loss":0}],"is_beta":false,"boss_relics":[{"not_picked":["Pandora\u0027s Box","Velvet Choker"],"picked":"HolyWater"},{"not_picked":["Tiny House","Empty Cage"],"picked":"Busted Crown"}],"items_purged_floors":[22],"is_endless":false,"potions_floor_spawned":[1,7,13,16,18,29,36],"killed_by":"Nemesis","ascension_level":2}}