{"host":"izaayrkpa5ecuvkh","time":1612584418,"event":{"mods":["AchievementEnabler","BaseMod","Card Forge","Colored Powertips","Highlight Path","Minty Spire (QoL Compilation)","Quick Restart","Relic Stats","StSLib","Transform Curses"],"gold_per_floor":[115,115,127,154,169,195,214,249,249,96,116,126,126,137,137,237,237,256,256,275,286,299,333,333,367,428,458,490,535,561,605,617,728,740,764,776,840,872,899,939,951,993,1005,1048,1060,1084,1122,1356,1368,1380,1392,1404,31,59,59],"floor_reached":56,"language":"ENG","playtime":3364,"items_purged":[],"score":2270,"play_id":"2bafd653-7e40-494b-8f60-e59f6f5cde44","local_time":"20210205230658","is_ascension_mode":true,"campfire_choices":[{"floor":15,"key":"RECALL"},{"floor":24,"key":"REST"},{"floor":32,"key":"REST"},{"floor":41,"key":"REST"},{"floor":49,"key":"REST"},{"floor":52,"key":"REST"}],"circlet_count":0,"master_deck":["Worship+1","Bludgeon+1","Barricade+1","Entrench+1","Impervious+1","Adrenaline+1","Backflip+1","Adrenaline+1","Backflip+1","Adrenaline+1","Double Energy+1","Adrenaline+1","Double Energy+1","Adrenaline+1","Deep Breath+1","Tactician+1","Acrobatics+1","Adrenaline+1","Double Tap+1","Doppelganger","Skewer"],"relics":["Burning Blood","Hammer of Thor","Seething Fire","Anvil of the Gods","FossilizedHelix","Toy Ornithopter","Bottled Flame","InkBottle","Shuriken","HandDrill","Fusion Hammer","Paper Frog","MawBank","Omamori","The Courier","Red Mask","Philosopher\u0027s Stone","Unceasing Top","Calipers","HornCleat","Strawberry","Juzu Bracelet","Pen Nib","Red Skull","Chemical X","Ice Cream","Bottled Lightning","Lizard Tail","Vajra","Nunchaku","Bag of Marbles","Whetstone","White Beast Statue"],"acts_visited":["Exordium","TheCity","TheBeyond","TheEnding"],"potions_floor_usage":[],"damage_taken":[{"damage":0,"enemies":"Small Slimes","floor":1,"turns":3},{"damage":0,"enemies":"Jaw Worm","floor":3,"turns":1},{"damage":0,"enemies":"Cultist","floor":5,"turns":1},{"damage":0,"enemies":"3 Sentries","floor":6,"turns":1},{"damage":0,"enemies":"2 Fungi Beasts","floor":7,"turns":1},{"damage":0,"enemies":"Gremlin Nob","floor":8,"turns":1},{"damage":0,"enemies":"Looter","floor":11,"turns":1},{"damage":0,"enemies":"Red Slaver","floor":12,"turns":1},{"damage":0,"enemies":"Blue Slaver","floor":14,"turns":1},{"damage":0,"enemies":"Hexaghost","floor":16,"turns":1},{"damage":0,"enemies":"3 Byrds","floor":18,"turns":1},{"damage":0,"enemies":"2 Thieves","floor":20,"turns":1},{"damage":0,"enemies":"Shelled Parasite and Fungi","floor":21,"turns":1},{"damage":0,"enemies":"3 Cultists","floor":22,"turns":1},{"damage":0,"enemies":"Book of Stabbing","floor":23,"turns":1},{"damage":0,"enemies":"Slavers","floor":25,"turns":1},{"damage":0,"enemies":"Snecko","floor":27,"turns":1},{"damage":0,"enemies":"Centurion and Healer","floor":28,"turns":1},{"damage":0,"enemies":"Gremlin Leader","floor":29,"turns":1},{"damage":0,"enemies":"Cultist and Chosen","floor":30,"turns":1},{"damage":0,"enemies":"Masked Bandits","floor":31,"turns":1},{"damage":0,"enemies":"Automaton","floor":33,"turns":1},{"damage":0,"enemies":"3 Darklings","floor":35,"turns":1},{"damage":0,"enemies":"2 Orb Walkers","floor":37,"turns":1},{"damage":0,"enemies":"3 Shapes","floor":38,"turns":1},{"damage":0,"enemies":"Transient","floor":39,"turns":1},{"damage":0,"enemies":"Giant Head","floor":40,"turns":1},{"damage":0,"enemies":"Nemesis","floor":42,"turns":1},{"damage":0,"enemies":"Reptomancer","floor":44,"turns":1},{"damage":0,"enemies":"Sphere and 2 Shapes","floor":46,"turns":1},{"damage":0,"enemies":"Nemesis","floor":47,"turns":1},{"damage":0,"enemies":"Donu and Deca","floor":50,"turns":1},{"damage":0,"enemies":"Shield and Spear","floor":54,"turns":1},{"damage":3,"enemies":"The Heart","floor":55,"turns":4}],"seed_played":"3327792769587393430","potions_obtained":[{"floor":1,"key":"Dexterity Potion"},{"floor":5,"key":"DuplicationPotion"},{"floor":11,"key":"Weak Potion"},{"floor":16,"key":"SkillPotion"},{"floor":21,"key":"Swift Potion"},{"floor":31,"key":"FairyPotion"}],"is_trial":false,"path_per_floor":["M","?","M","T","M","E","M","E","T","$","M","M","?","M","R","B",null,"M","?","M","M","M","E","R","E","T","M","M","E","M","?","R","B",null,"M","?","?","M","M","E","R","E","T","E","$","M","E","?","R","B",null,"R","$","E","B",null],"character_chosen":"IRONCLAD","items_purchased":["HandDrill","Red Skull","Chemical X","Ice Cream","Bottled Lightning","Lizard Tail","Vajra","Nunchaku","Bag of Marbles","Whetstone"],"campfire_rested":5,"item_purchase_floors":[10,53,53,53,53,53,53,53,53,53],"current_hp_per_floor":[80,80,80,80,80,80,80,80,80,80,80,80,80,80,80,80,80,80,80,80,80,80,80,80,80,80,80,80,80,80,80,80,80,80,80,80,80,80,80,80,80,80,87,87,87,87,87,87,87,87,87,87,87,87,87],"gold":59,"neow_bonus":"ONE_RARE_RELIC","is_daily":false,"chose_seed":false,"campfire_upgraded":0,"win_rate":0.0,"timestamp":1612584418,"path_taken":["M","?","M","?","M","E","M","E","T","?","M","?","?","M","R","BOSS","M","?","M","?","M","E","R","E","T","M","M","E","M","?","R","BOSS","M","?","?","M","M","E","R","E","T","E","$","M","E","?","R","BOSS","R","$","E","BOSS"],"items_purchased_type":["Relic","Relic","Relic","Relic","Relic","Relic","Relic","Relic","Relic","Relic"],"build_version":"2020-12-22","purchased_purges":0,"victory":true,"max_hp_per_floor":[80,80,80,80,80,80,80,80,80,80,80,80,80,80,80,80,80,80,80,80,80,80,80,80,80,80,80,80,80,80,80,80,80,80,80,80,80,80,80,80,80,80,87,87,87,87,87,87,87,87,87,87,87,87,87],"relic_stats":{"counters":[34,39],"Pen Nib":[2],"Juzu Bracelet":0,"Whetstone":[],"MawBank":336,"Burning Blood":3,"Lizard Tail":0,"Nunchaku":[1],"Shuriken":[18],"HandDrill":[4],"Chemical X":[6],"obtain_stats":[{"Ice Cream":53,"Calipers":40,"Vajra":53,"Hammer of Thor":0,"Juzu Bracelet":44,"Whetstone":53,"Burning Blood":0,"Lizard Tail":53,"Nunchaku":53,"HornCleat":42,"Strawberry":43,"Philosopher\u0027s Stone":34,"Fusion Hammer":17,"HandDrill":10,"Red Mask":31,"Chemical X":53,"InkBottle":8,"Red Skull":53,"Paper Frog":23,"The Courier":29,"Pen Nib":47,"Omamori":26,"Seething Fire":0,"MawBank":25,"White Beast Statue":54,"Bottled Flame":6,"Anvil of the Gods":0,"Shuriken":9,"Bag of Marbles":53,"Bottled Lightning":53,"FossilizedHelix":0,"Toy Ornithopter":2,"Unceasing Top":37},{"Ice Cream":32,"Calipers":27,"Vajra":32,"Hammer of Thor":0,"Juzu Bracelet":29,"Whetstone":32,"Burning Blood":0,"Lizard Tail":32,"Nunchaku":32,"HornCleat":28,"Strawberry":28,"Philosopher\u0027s Stone":22,"Fusion Hammer":10,"HandDrill":6,"Red Mask":21,"Chemical X":32,"InkBottle":6,"Red Skull":32,"Paper Frog":15,"The Courier":19,"Pen Nib":31,"Omamori":16,"Seething Fire":0,"MawBank":16,"White Beast Statue":33,"Bottled Flame":4,"Anvil of the Gods":0,"Shuriken":6,"Bag of Marbles":32,"Bottled Lightning":32,"FossilizedHelix":0,"Toy Ornithopter":1,"Unceasing Top":24},{"Ice Cream":34,"Calipers":29,"Vajra":34,"Hammer of Thor":0,"Juzu Bracelet":31,"Whetstone":34,"Burning Blood":0,"Lizard Tail":34,"Nunchaku":34,"HornCleat":30,"Strawberry":30,"Philosopher\u0027s Stone":24,"Fusion Hammer":12,"HandDrill":8,"Red Mask":23,"Chemical X":34,"InkBottle":8,"Red Skull":34,"Paper Frog":17,"The Courier":21,"Pen Nib":33,"Omamori":18,"Seething Fire":0,"MawBank":18,"White Beast Statue":35,"Bottled Flame":6,"Anvil of the Gods":0,"Shuriken":8,"Bag of Marbles":34,"Bottled Lightning":34,"FossilizedHelix":0,"Toy Ornithopter":3,"Unceasing Top":26}],"Toy Ornithopter":0,"InkBottle":[47],"Unceasing Top":[0]},"card_choices":[{"not_picked":["True Grit","Iron Wave","Blood for Blood"],"picked":"SKIP","floor":1},{"not_picked":["Heavy Blade","Cleave","Searing Blow"],"picked":"SKIP","floor":3},{"not_picked":["Battle Trance","Feel No Pain","Carnage"],"picked":"SKIP","floor":5},{"not_picked":["True Grit","Thunderclap","Rupture"],"picked":"SKIP","floor":6},{"not_picked":["Havoc","Power Through","Heavy Blade"],"picked":"SKIP","floor":7},{"not_picked":["Combust","Clothesline","Clash"],"picked":"SKIP","floor":8},{"not_picked":["Combust","Clothesline","Clash"],"picked":"SKIP","floor":8},{"not_picked":["Pummel","Intimidate","Twin Strike"],"picked":"SKIP","floor":11},{"not_picked":["Evolve","Berserk","Clothesline"],"picked":"SKIP","floor":12},{"not_picked":["Perfected Strike","Havoc","Flex"],"picked":"SKIP","floor":14},{"not_picked":["Reaper","Immolate"],"picked":"Double Tap","floor":16},{"not_picked":["Inflame+1","Flex+1","Sword Boomerang"],"picked":"SKIP","floor":18},{"not_picked":["Headbutt+1","Blood for Blood+1","Burning Pact"],"picked":"SKIP","floor":20},{"not_picked":["Dark Embrace","Hemokinesis","Spot Weakness+1"],"picked":"SKIP","floor":21},{"not_picked":["Pommel Strike","Fire Breathing+1","Battle Trance+1"],"picked":"SKIP","floor":22},{"not_picked":["Havoc+1","Thunderclap","Burning Pact"],"picked":"SKIP","floor":23},{"not_picked":["Body Slam","Disarm","Blood for Blood+1"],"picked":"SKIP","floor":25},{"not_picked":["Disarm","Armaments","Perfected Strike"],"picked":"SKIP","floor":27},{"not_picked":["Infernal Blade","Dark Embrace+1","Power Through"],"picked":"SKIP","floor":28},{"not_picked":["Dual Wield+1","Sentinel+1","Inflame+1"],"picked":"SKIP","floor":29},{"not_picked":["Exhume","Searing Blow","Wild Strike"],"picked":"SKIP","floor":30},{"not_picked":["Havoc+1","Power Through+1","Metallicize"],"picked":"SKIP","floor":35},{"not_picked":["Havoc","Flex","Searing Blow+1"],"picked":"SKIP","floor":38},{"not_picked":["Body Slam","Thunderclap+1","Rampage"],"picked":"SKIP","floor":39},{"not_picked":["Bloodletting","Anger+1","Clothesline+1"],"picked":"SKIP","floor":40},{"not_picked":["Clothesline+1","Wild Strike+1","Barricade"],"picked":"SKIP","floor":42},{"not_picked":["Rage","Fiend Fire","Uppercut"],"picked":"SKIP","floor":44},{"not_picked":["Body Slam+1","Flex","Sever Soul+1"],"picked":"SKIP","floor":46},{"not_picked":["Dual Wield+1","Feel No Pain","Sword Boomerang"],"picked":"SKIP","floor":47},{"not_picked":["Whirlwind+1","Body Slam","Twin Strike"],"picked":"SKIP","floor":54}],"player_experience":220165,"relics_obtained":[{"floor":6,"key":"Bottled Flame"},{"floor":8,"key":"InkBottle"},{"floor":9,"key":"Shuriken"},{"floor":23,"key":"Paper Frog"},{"floor":25,"key":"MawBank"},{"floor":26,"key":"Omamori"},{"floor":29,"key":"The Courier"},{"floor":31,"key":"Red Mask"},{"floor":37,"key":"Unceasing Top"},{"floor":40,"key":"Calipers"},{"floor":42,"key":"HornCleat"},{"floor":43,"key":"Strawberry"},{"floor":44,"key":"Juzu Bracelet"},{"floor":47,"key":"Pen Nib"},{"floor":54,"key":"White Beast Statue"}],"event_choices":[{"damage_healed":0,"gold_gain":0,"player_choice":"Box","damage_taken":0,"relics_obtained":["Toy Ornithopter"],"max_hp_gain":0,"max_hp_loss":0,"event_name":"Big Fish","floor":2,"gold_loss":0,"cards_obtained":["Regret"]},{"damage_healed":0,"gold_gain":0,"player_choice":"Leave","damage_taken":0,"max_hp_gain":0,"max_hp_loss":0,"event_name":"The Cleric","floor":13,"gold_loss":0},{"damage_healed":0,"gold_gain":0,"player_choice":"Ignored","damage_taken":0,"max_hp_gain":0,"max_hp_loss":0,"event_name":"Transmorgrifier","floor":19,"gold_loss":0},{"damage_healed":0,"gold_gain":0,"player_choice":"Fought Bandits","damage_taken":0,"max_hp_gain":0,"max_hp_loss":0,"event_name":"Masked Bandits","floor":31,"gold_loss":0},{"damage_healed":20,"gold_gain":0,"player_choice":"Writhe","damage_taken":0,"max_hp_gain":0,"max_hp_loss":0,"event_name":"Winding Halls","floor":36,"gold_loss":0,"cards_obtained":["Writhe"]},{"damage_healed":0,"gold_gain":0,"player_choice":"Fight","damage_taken":0,"max_hp_gain":0,"max_hp_loss":0,"event_name":"Mysterious Sphere","floor":37,"gold_loss":0},{"damage_healed":0,"gold_gain":222,"player_choice":"Wore Mask","damage_taken":0,"max_hp_gain":0,"max_hp_loss":0,"event_name":"Tomb of Lord Red Mask","floor":48,"gold_loss":0}],"is_beta":false,"boss_relics":[{"not_picked":["Mark of Pain","Runic Pyramid"],"picked":"Fusion Hammer"},{"not_picked":["SlaversCollar","Sozu"],"picked":"Philosopher\u0027s Stone"}],"items_purged_floors":[],"is_endless":false,"potions_floor_spawned":[1,5,11,16,21,23,25,28,30,31,35,37,40,42,46,54],"ascension_level":5}}