{"host":"vymnruocrvjmw2yt","time":1612650238,"event":{"mods":["AchievementEnabler","Aspiration","BaseMod","Block Reminder","Downfall","Googly Eyes","Halation","Hermit","Hubris","Infinite Spire","Minty Spire (QoL Compilation)","Relic Filter","Robot Space Explorer","StSLib","The Runesmith"],"gold_per_floor":[109,184,195,38,56,56,7,33,33,33,47,61,61,78,78,182,182,195,165,0,0,0,0,11,11,11],"floor_reached":25,"language":"ENG","playtime":1049,"items_purged":["Runesmith:Strike_RS"],"score":203,"play_id":"a2679f82-2e8f-4194-a123-3df363cdabcf","local_time":"20210206172358","is_ascension_mode":false,"campfire_choices":[{"data":"Runesmith:Permafrost","floor":6,"key":"SMITH"},{"floor":13,"key":"REST"},{"data":"Runesmith:BackupBattery","floor":15,"key":"SMITH"},{"data":"Runesmith:BackupBattery+1","floor":23,"key":"SMITH"}],"circlet_count":0,"master_deck":["Runesmith:Strike_RS","Runesmith:Strike_RS","Runesmith:Strike_RS","Runesmith:Defend_RS","Runesmith:Defend_RS","Runesmith:Defend_RS","Runesmith:Defend_RS","Runesmith:CraftFirestone","Runesmith:Fortify","Runesmith:RuneHurl","Runesmith:CraftMagma","Runesmith:Permafrost+1","Runesmith:CraftVitae","Runesmith:CraftMagma","Runesmith:CraftIncendium","Runesmith:CraftSpiculum","Runesmith:CreatorForm","Runesmith:BackupBattery+2","Runesmith:CraftIndustria","Runesmith:EnergizedChisel","Runesmith:CraftProtectio","Shame","Runesmith:ChiselStab"],"relics":["Runesmith:BrokenRuby","NeowsBlessing","halation:Toothbrush","infinitespire:CheckeredPen","aspiration:MobileForge","aspiration:FetidBarrel"],"acts_visited":["Exordium","TheCity"],"potions_floor_usage":[8,16],"damage_taken":[{"damage":0,"enemies":"Small Slimes","floor":1,"turns":1},{"damage":0,"enemies":"infinitespire:Voidling","floor":3,"turns":1},{"damage":0,"enemies":"Cultist","floor":5,"turns":1},{"damage":20,"enemies":"Gremlin Nob","floor":8,"turns":5},{"damage":7,"enemies":"Blue Slaver","floor":11,"turns":3},{"damage":1,"enemies":"Red Slaver","floor":12,"turns":4},{"damage":4,"enemies":"Looter","floor":14,"turns":4},{"damage":20,"enemies":"Slime Boss","floor":16,"turns":8},{"damage":10,"enemies":"Shell Parasite","floor":18,"turns":6},{"damage":25,"enemies":"2 Thieves","floor":19,"turns":5},{"damage":23,"enemies":"Shelled Parasite and Fungi","floor":24,"turns":7},{"damage":12,"enemies":"Centurion and Healer","floor":25,"turns":1}],"seed_played":"5530263053883221152","potions_obtained":[{"floor":1,"key":"ColorlessPotion"},{"floor":3,"key":"SteroidPotion"},{"floor":8,"key":"Strength Potion"},{"floor":11,"key":"DistilledChaos"},{"floor":14,"key":"Regen Potion"}],"is_trial":false,"path_per_floor":["M","?","M","$","M","R","$","E","T","?","M","M","R","M","R","B",null,"M","M","?","?","$","R","M","M"],"character_chosen":"RUNESMITH_CLASS","items_purchased":["Runesmith:Permafrost","Runesmith:CraftMagma"],"campfire_rested":1,"item_purchase_floors":[4,7],"current_hp_per_floor":[70,63,63,63,63,63,63,43,43,43,36,35,56,52,52,47,70,60,35,35,35,35,35,12,0,0],"gold":11,"neow_bonus":"THREE_ENEMY_KILL","is_daily":false,"chose_seed":false,"campfire_upgraded":3,"win_rate":0.0,"timestamp":1612650238,"path_taken":["M","?","?","?","?","R","$","E","T","?","M","M","R","M","R","BOSS","M","M","?","?","$","R","M","?"],"items_purchased_type":["Card","Card"],"build_version":"2020-12-22","purchased_purges":1,"victory":false,"max_hp_per_floor":[70,70,70,70,70,70,70,70,70,70,70,70,70,70,70,70,70,70,70,70,70,70,70,70,70,70],"card_choices":[{"not_picked":["Runesmith:ChiselStab","Runesmith:Refine"],"picked":"Runesmith:RuneHurl","floor":1},{"not_picked":["Runesmith:MakeshiftArmor","Runesmith:ChiselStab"],"picked":"Runesmith:CraftMagma","floor":3},{"not_picked":["Runesmith:Reinforce","Runesmith:ChiselStab"],"picked":"Runesmith:CraftVitae","floor":5},{"not_picked":["Runesmith:CraftVitae","Runesmith:NanitesCloud"],"picked":"Runesmith:CraftIncendium","floor":8},{"not_picked":["Runesmith:StaticCage","Runesmith:MakeshiftArmor"],"picked":"Runesmith:CraftSpiculum","floor":11},{"not_picked":["Runesmith:StaticCage","Runesmith:EnergizedChisel"],"picked":"Runesmith:CreatorForm","floor":12},{"not_picked":["Runesmith:StaticCage","Runesmith:RuneHurl"],"picked":"Runesmith:BackupBattery","floor":14},{"not_picked":["Runesmith:FissionHammer","Runesmith:CreatorForm"],"picked":"Runesmith:CraftIndustria","floor":16},{"not_picked":["Runesmith:UnstableHammer","Runesmith:Grindstone+1"],"picked":"Runesmith:EnergizedChisel","floor":18},{"not_picked":["Runesmith:Repurpose","Runesmith:HammerThrow"],"picked":"Runesmith:CraftProtectio","floor":19},{"not_picked":["Runesmith:Augment","Runesmith:Refine"],"picked":"Runesmith:ChiselStab","floor":24}],"player_experience":769501,"relics_obtained":[{"floor":8,"key":"halation:Toothbrush"},{"floor":9,"key":"infinitespire:CheckeredPen"}],"event_choices":[{"damage_healed":0,"gold_gain":75,"player_choice":"Touch","damage_taken":7,"max_hp_gain":0,"max_hp_loss":0,"event_name":"FaceTrader","floor":2,"gold_loss":0},{"damage_healed":0,"gold_gain":0,"player_choice":"Ignored","damage_taken":0,"max_hp_gain":0,"max_hp_loss":0,"event_name":"NoteForYourself","floor":10,"gold_loss":0},{"damage_healed":0,"gold_gain":0,"player_choice":"Paid Fearfully","damage_taken":0,"max_hp_gain":0,"max_hp_loss":0,"event_name":"Masked Bandits","floor":20,"gold_loss":165},{"damage_healed":0,"gold_gain":0,"player_choice":"Stole Relic","damage_taken":0,"relics_obtained":["aspiration:FetidBarrel"],"max_hp_gain":0,"max_hp_loss":0,"event_name":"Addict","floor":21,"gold_loss":0,"cards_obtained":["Shame"]}],"is_beta":false,"boss_relics":[{"not_picked":["Dead Branch","Runic Pyramid"],"picked":"aspiration:MobileForge"}],"items_purged_floors":[4],"is_endless":false,"potions_floor_spawned":[1,3,8,11,14],"killed_by":"Centurion and Healer","ascension_level":0}}