{"host":"tj6tjcyqgbd0xj5u","time":1612580444,"event":{"mods":["Aspiration","BaseMod","Better Match","BetterRewards","Challenge The Spire","Conspire","Defuse TimeMaze Blight","Downfall","Energized Spire","Evolution","GifTheSpireLib","Halation","Hubris","Infinite Spire","Minty Spire (QoL Compilation)","Replay The Spire","Reworked Bosses","Spikes Relics","StS++","StSLib","Stuff the Spire"],"gold_per_floor":[115,115,132,132,132,132,148,4,4,24,72,103,115,135,135,239,239,259,259,259,276,276,304,304,335,335,335,346,379,379,412,412,517,517,534,534,534,534,534,534,561,572,623,643,643,179,191,216,216,216,216,216,141,176,176,176],"floor_reached":55,"language":"ENG","playtime":2201,"items_purged":["StSpp:TheBiggerTheyAre","Shame","StSpp:TheBiggerTheyAre"],"score":1139,"play_id":"ff302cc3-6663-48a7-8823-28c45ec311ee","local_time":"20210205230044","is_ascension_mode":true,"campfire_choices":[{"floor":6,"key":"REST"},{"data":"1","floor":15,"key":"LIFT"},{"data":"2","floor":27,"key":"LIFT"},{"data":"3","floor":30,"key":"LIFT"},{"floor":40,"key":"RECALL"},{"floor":45,"key":"REST"},{"data":"StuffTheSpire:Harmony","floor":49,"key":"SMITH"},{"data":"ReplayTheSpireMod:Book of Names","floor":52,"key":"SMITH"}],"circlet_count":0,"master_deck":["StSpp:TheBiggerTheyAre","StSpp:TheBiggerTheyAre","StSpp:TheBiggerTheyAre","Armaments","Defend_R","Defend_R","Defend_R","Bash","True Grit","infinitespire:SevenWalls+1","hubris:CleavingFinish","Infernal Blade","Demon Form","Spot Weakness","ReplayTheSpireMod:Book of Names+1","Body Slam+1","Cleave","StuffTheSpire:Harmony+1","Pommel Strike+1","Warcry","Bandage Up","Chrysalis","Disarm+1"],"relics":["Burning Blood","EVO:Axolotl","aspiration:Nostalgia","Guardian:ModeShifter","WarpedTongs","Girya","hubris:KleinBottle","StuffTheSpire:Mouthbags","aspiration:ChemicalBlood","Blue Candle","Pen Nib","Meat on the Bone","bronze:MakeshiftBattery","Champion Belt","Pet Ghost","hubris:BottledRain","Replay:Towering Pillar of Hats","Potion Belt","Anchor","energizedSpire:OgreHead","infinitespire:Beetle Shell","SpikesRelics:SneckoPlush","StSpp:SailorCap","StSpp:BrokenTotem","SpikesRelics:DaevaFist","Lantern"],"acts_visited":["Exordium","TheCity","TheBeyond","TheEnding"],"potions_floor_usage":[14,16,16,21,21,25,31,31,33,33,41,50,50,50,50,50,50,54,55,55,55,55,55,55],"damage_taken":[{"damage":14,"enemies":"Jaw Worm","floor":1,"turns":3},{"damage":2,"enemies":"Cultist","floor":3,"turns":3},{"damage":2,"enemies":"2 Louse","floor":7,"turns":2},{"damage":0,"enemies":"Exordium Wildlife","floor":10,"turns":3},{"damage":10,"enemies":"Lagavulin","floor":12,"turns":6},{"damage":0,"enemies":"Large Slime","floor":13,"turns":4},{"damage":7,"enemies":"Lots of Slimes","floor":14,"turns":4},{"damage":12,"enemies":"Hexaghost","floor":16,"turns":6},{"damage":12,"enemies":"Shell Parasite","floor":18,"turns":4},{"damage":4,"enemies":"2 Thieves","floor":21,"turns":3},{"damage":1,"enemies":"Gremlin Leader","floor":23,"turns":7},{"damage":7,"enemies":"Book of Stabbing","floor":25,"turns":5},{"damage":12,"enemies":"Snake Plant","floor":28,"turns":3},{"damage":17,"enemies":"Gremlin Leader","floor":29,"turns":5},{"damage":0,"enemies":"Book of Stabbing","floor":31,"turns":3},{"damage":1,"enemies":"bossMod:newCollector","floor":33,"turns":4},{"damage":25,"enemies":"3 Darklings","floor":35,"turns":4},{"damage":4,"enemies":"Reptomancer","floor":41,"turns":5},{"damage":19,"enemies":"3 Shapes","floor":42,"turns":3},{"damage":39,"enemies":"Sphere and 2 Shapes","floor":44,"turns":4},{"damage":3,"enemies":"Transient","floor":47,"turns":5},{"damage":2,"enemies":"R_Hoarder","floor":48,"turns":5},{"damage":35,"enemies":"Time Eater","floor":50,"turns":7},{"damage":102,"enemies":"Shield and Spear","floor":54,"turns":6},{"damage":73,"enemies":"The Heart","floor":55,"turns":3}],"seed_played":"-8976286329001685027","potions_obtained":[{"floor":10,"key":"ColorlessPotion"},{"floor":13,"key":"bronze:BurnAndBuffPotion"},{"floor":16,"key":"SpeedPotion"},{"floor":18,"key":"ColorlessPotion"},{"floor":28,"key":"Regen Potion"},{"floor":32,"key":"AttackPotion"},{"floor":32,"key":"LiquidMemories"},{"floor":33,"key":"Elixir"},{"floor":35,"key":"Block Potion"},{"floor":41,"key":"Elixir"},{"floor":44,"key":"Energy Potion"},{"floor":44,"key":"Block Potion"},{"floor":54,"key":"SpeedPotion"}],"is_trial":false,"path_per_floor":["M","?","M","?","$","R","M","$","T","M","T","E","M","M","R","B",null,"M","?","AVR","M","?","E","?","E","T","R","M","E","R","E","R","B",null,"M","T","?","?","AVR","R","E","M","T","M","R","$","M","E","R","B",null,"R","$","E","B"],"character_chosen":"IRONCLAD","items_purchased":["Girya","hubris:KleinBottle","StuffTheSpire:Mouthbags","aspiration:ChemicalBlood","StSpp:BrokenTotem","Warcry","Bandage Up","Chrysalis"],"campfire_rested":2,"item_purchase_floors":[5,5,5,8,46,46,46,46],"current_hp_per_floor":[72,72,76,76,27,51,55,55,55,61,61,57,63,62,62,56,74,68,68,68,70,70,75,75,74,74,74,68,57,57,77,77,82,84,65,65,65,65,65,65,68,56,56,36,61,61,71,82,82,60,79,79,79,58,0,0],"gold":176,"neow_bonus":"NOSTALGIA","is_daily":false,"chose_seed":false,"campfire_upgraded":2,"win_rate":0.0,"timestamp":1612580444,"path_taken":["M","?","?","?","?","R","?","?","T","M","?","E","M","M","R","BOSS","M","?","AVR","?","?","E","?","E","T","R","?","E","R","E","R","BOSS","M","?","?","?","AVR","R","E","M","T","?","R","?","M","E","R","BOSS","R","$","E","BOSS"],"items_purchased_type":["Relic","Relic","Relic","Relic","Relic","Card","Card","Card"],"build_version":"2020-12-22","purchased_purges":3,"victory":false,"max_hp_per_floor":[80,80,80,80,80,80,80,80,80,80,80,80,80,80,80,80,80,80,80,80,80,80,80,80,80,80,80,80,80,80,85,85,85,85,85,85,85,85,85,85,85,85,85,85,85,85,85,85,85,85,85,85,85,85,85,85],"card_choices":[{"not_picked":["Clash","Flame Barrier"],"picked":"True Grit","floor":1},{"not_picked":["Hemokinesis","Rupture","Second Wind"],"picked":"SKIP","floor":3},{"not_picked":["ReplayTheSpireMod:Echoes of Time","infinitespire:Menacing"],"picked":"infinitespire:SevenWalls","floor":5},{"not_picked":["Iron Wave","Seeing Red","hubris:ReadiedAction"],"picked":"SKIP","floor":7},{"not_picked":["Anger","ReplayTheSpireMod:Stacked"],"picked":"hubris:CleavingFinish","floor":10},{"not_picked":["Perfected Strike","Anger","Twin Strike"],"picked":"SKIP","floor":12},{"not_picked":["StuffTheSpire:Incineration","Headbutt","Hemokinesis"],"picked":"SKIP","floor":13},{"not_picked":["Shrug It Off","True Grit"],"picked":"Infernal Blade","floor":14},{"not_picked":["Reaper","Fiend Fire"],"picked":"Demon Form","floor":16},{"not_picked":["Clash+1","ReplayTheSpireMod:Limb From Limb"],"picked":"Spot Weakness","floor":18},{"not_picked":["Intimidate","Wild Strike+1"],"picked":"Body Slam+1","floor":21},{"not_picked":["StuffTheSpire:Incineration","Burning Pact","Twin Strike+1"],"picked":"SKIP","floor":23},{"not_picked":["Reckless Charge","Dropkick+1","StuffTheSpire:Incineration+1"],"picked":"SKIP","floor":25},{"not_picked":["Uppercut","Replay:Undeath\u0027s Touch+1","Bloodletting"],"picked":"SKIP","floor":28},{"not_picked":["ReplayTheSpireMod:Strike From Hell+1","Clash","Run Through"],"picked":"SKIP","floor":29},{"not_picked":["Body Slam","ReplayTheSpireMod:LeadingStrike","Intimidate"],"picked":"SKIP","floor":31},{"not_picked":["Sentinel+1","Warcry+1"],"picked":"Cleave","floor":35},{"not_picked":["StuffTheSpire:Rapture","StuffTheSpire:Brawn"],"picked":"StuffTheSpire:Harmony","floor":37},{"not_picked":["Impervious","Iron Wave","StuffTheSpire:Resist+1"],"picked":"SKIP","floor":41},{"not_picked":["StSpp:Sprint","Replay:Undeath\u0027s Touch"],"picked":"Pommel Strike+1","floor":42},{"not_picked":["Body Slam","ReplayTheSpireMod:LeadingStrike","Anger+1"],"picked":"SKIP","floor":44},{"not_picked":["Anger+1","Shockwave+1","Clothesline+1"],"picked":"SKIP","floor":47},{"not_picked":["StSpp:TheBiggerTheyAre+1","infinitespire:OneForAll+1","Impervious"],"picked":"SKIP","floor":48},{"not_picked":["Thunderclap","StuffTheSpire:Pyroclast+1"],"picked":"Disarm+1","floor":54}],"player_experience":117709,"relics_obtained":[{"floor":9,"key":"Blue Candle"},{"floor":11,"key":"Pen Nib"},{"floor":12,"key":"Meat on the Bone"},{"floor":23,"key":"hubris:BottledRain"},{"floor":25,"key":"Replay:Towering Pillar of Hats"},{"floor":26,"key":"Potion Belt"},{"floor":29,"key":"Anchor"},{"floor":31,"key":"infinitespire:PuzzleCube"},{"floor":36,"key":"infinitespire:Beetle Shell"},{"floor":41,"key":"StSpp:SailorCap"},{"floor":48,"key":"SpikesRelics:DaevaFist"},{"floor":54,"key":"Lantern"}],"event_choices":[{"damage_healed":0,"gold_gain":0,"player_choice":"Rummage","damage_taken":0,"relics_obtained":["WarpedTongs"],"max_hp_gain":0,"max_hp_loss":0,"event_name":"Accursed Blacksmith","floor":2,"gold_loss":0,"cards_obtained":["Pain"]},{"cards_removed":["Pain"],"damage_healed":0,"gold_gain":0,"player_choice":"Removed Curses","damage_taken":0,"max_hp_gain":0,"max_hp_loss":0,"event_name":"Fountain of Cleansing","floor":4,"gold_loss":0},{"damage_healed":0,"gold_gain":0,"player_choice":"Upgraded","damage_taken":0,"max_hp_gain":0,"max_hp_loss":0,"event_name":"Upgrade Shrine","floor":19,"gold_loss":0,"cards_upgraded":["infinitespire:SevenWalls"]},{"damage_healed":0,"gold_gain":0,"player_choice":"Stole Relic","damage_taken":0,"relics_obtained":["Pet Ghost"],"max_hp_gain":0,"max_hp_loss":0,"event_name":"Addict","floor":22,"gold_loss":0,"cards_obtained":["Shame"]},{"damage_healed":0,"gold_gain":0,"player_choice":"Ignored","damage_taken":0,"max_hp_gain":0,"max_hp_loss":0,"event_name":"Tomb of Lord Red Mask","floor":38,"gold_loss":0}],"is_beta":false,"boss_relics":[{"not_picked":["energizedSpire:SpiderWeb","StSpp:PileOfSugar"],"picked":"bronze:MakeshiftBattery"},{"not_picked":["hubris:BlackHole","halation:HeavySnake"],"picked":"energizedSpire:OgreHead"}],"items_purged_floors":[20,39,53],"is_endless":false,"potions_floor_spawned":[10,13,16,18,28,33,35,41,47,54],"killed_by":"The Heart","ascension_level":5}}