{"host":"fhwr1fuluf6086fh","time":1612638860,"event":{"mods":["2.2 Compatiblity","Act Like it!","BaseMod","Colored Map","Elementarium","Hermit","Minty Spire (QoL Compilation)","StSLib","The Caster","The Dragon Tamer","The Elementalist","The Hierophant","TheSurvivalist"],"gold_per_floor":[160,175,195,270,284,284,284,284,363,376,392,404,404,417,417,516,516,526,441,441,441,22,22,33,33,33,8,8,8],"floor_reached":28,"language":"ENG","playtime":3751,"items_purged":["elementalist:Defend_Elemblue"],"score":256,"play_id":"43ab2c13-42d4-4ced-8fb2-19adf7b7150f","local_time":"20210206141420","is_ascension_mode":true,"campfire_choices":[{"floor":6,"key":"REST"},{"floor":8,"key":"REST"},{"floor":13,"key":"REST"},{"data":"elementalist:Wards","floor":15,"key":"SMITH"},{"data":"elementalist:Widdershins_Conversion","floor":23,"key":"SMITH"},{"floor":25,"key":"REST"}],"circlet_count":0,"master_deck":["elementalist:Water_Emblem","elementalist:Strike+Elemblue","elementalist:Defend_Elemblue","elementalist:Defend_Elemblue+1","elementalist:Defend_Elemblue","elementalist:Defend_Elemblue","elementalist:Firestrike","elementalist:Earthstrike","elementalist:Waterstrike","elementalist:Airstrike","elementalist:Crystal_Chalk","elementalist:Solar_Form","elementalist:Wards+1","elementalist:Widdershins_Conversion+1","elementalist:Sidereal_Form","elementalist:Cauterize","elementalist:Mist","elementalist:Sidereal_Form","elementalist:Magma_Shot","elementalist:Fission_Lance","elementalist:Solar_Form","elementalist:Inferno","elementalist:Concentricity","elementalist:Confluence","Panache","elementalist:Sidereal_Form+1","elementalist:Blaze+1","Clumsy","elementalist:Momentum"],"relics":["elementalistmod:GreenCirclet","Tiny House","Kunai","Cursed Key","Smiling Mask","elementalistmod:RedRibbon","Toolbox","Pear"],"acts_visited":["Exordium","TheCity"],"potions_floor_usage":[3,7,16,16,16,28],"damage_taken":[{"damage":5,"enemies":"Small Slimes","floor":1,"turns":6},{"damage":2,"enemies":"Jaw Worm","floor":2,"turns":7},{"damage":17,"enemies":"Cultist","floor":3,"turns":8},{"damage":23,"enemies":"Large Slime","floor":5,"turns":11},{"damage":11,"enemies":"Lagavulin","floor":7,"turns":9},{"damage":4,"enemies":"Blue Slaver","floor":10,"turns":5},{"damage":11,"enemies":"Gremlin Gang","floor":11,"turns":6},{"damage":6,"enemies":"3 Louse","floor":12,"turns":6},{"damage":1,"enemies":"Exordium Wildlife","floor":14,"turns":6},{"damage":7,"enemies":"Hexaghost","floor":16,"turns":12},{"damage":29,"enemies":"Spheric Guardian","floor":18,"turns":5},{"damage":19,"enemies":"Chosen","floor":24,"turns":7},{"damage":70,"enemies":"Slavers","floor":28,"turns":4}],"seed_played":"-2176273168945676137","potions_obtained":[{"floor":0,"key":"SmokeBomb"},{"floor":1,"key":"SpeedPotion"},{"floor":3,"key":"DuplicationPotion"},{"floor":5,"key":"GamblersBrew"},{"floor":14,"key":"EssenceOfSteel"},{"floor":24,"key":"LiquidMemories"}],"is_trial":false,"path_per_floor":["M","M","M","?","M","R","E","R","T","M","M","M","R","M","R","B",null,"M","?","?","?","$","R","M","R","T","$","E"],"character_chosen":"THE_ELEMENTALIST","items_purchased":["elementalist:Confluence","Toolbox","Panache","elementalist:Momentum"],"campfire_rested":4,"item_purchase_floors":[22,22,22,27],"current_hp_per_floor":[70,68,51,40,17,39,28,50,50,46,35,29,51,50,50,43,75,46,46,51,51,51,51,32,54,64,64,0,0],"gold":8,"neow_bonus":"BOSS_RELIC","is_daily":false,"chose_seed":false,"campfire_upgraded":2,"win_rate":0.0,"timestamp":1612638860,"path_taken":["M","M","M","?","M","R","E","R","T","M","M","M","R","M","R","BOSS","M","?","?","?","$","R","M","R","T","$","E"],"items_purchased_type":["Card","Relic","Card","Card"],"build_version":"2020-12-22","purchased_purges":1,"victory":false,"max_hp_per_floor":[75,75,75,75,75,75,75,75,75,75,75,75,75,75,75,75,75,75,75,75,75,75,75,75,75,85,85,85,85],"card_choices":[{"not_picked":["elementalist:Blaze","elementalist:Mage_Hand"],"picked":"elementalist:Solar_Form","floor":0},{"not_picked":["elementalist:Overheat","elementalist:Etherstrike"],"picked":"elementalist:Stone_to_Mud","floor":1},{"not_picked":["elementalist:Aegis","elementalist:Spout"],"picked":"elementalist:Wards","floor":2},{"not_picked":["elementalist:Prepared_Sand","elementalist:Emberveil"],"picked":"elementalist:Widdershins_Conversion","floor":3},{"not_picked":["elementalist:Blaze","elementalist:Impact"],"picked":"elementalist:Sidereal_Form","floor":5},{"not_picked":["elementalist:Widdershins_Conversion","elementalist:Overheat"],"picked":"elementalist:Mist","floor":10},{"not_picked":["elementalist:Stone_to_Mud","elementalist:Undertow"],"picked":"elementalist:Sidereal_Form","floor":11},{"not_picked":["elementalist:Momentum","elementalist:Caution"],"picked":"elementalist:Magma_Shot","floor":12},{"not_picked":["elementalist:Breeze","elementalist:Monument"],"picked":"elementalist:Solar_Form","floor":14},{"not_picked":["elementalist:Burning_Soul","elementalist:Absolute_Zero"],"picked":"elementalist:Inferno","floor":16},{"not_picked":["elementalist:Mist","elementalist:Etherstrike"],"picked":"elementalist:Concentricity","floor":18},{"not_picked":["elementalist:Mist","elementalist:Prepared_Sand"],"picked":"elementalist:Blaze+1","floor":24}],"player_experience":1139161,"relics_obtained":[{"floor":9,"key":"Kunai"},{"floor":26,"key":"Pear"}],"event_choices":[{"damage_healed":0,"gold_gain":75,"player_choice":"Gather Gold","damage_taken":11,"max_hp_gain":0,"max_hp_loss":0,"event_name":"World of Goop","floor":4,"gold_loss":0},{"damage_healed":0,"gold_gain":0,"player_choice":"Obtained Relic","damage_taken":0,"relics_obtained":["Smiling Mask"],"max_hp_gain":0,"max_hp_loss":0,"event_name":"Addict","floor":19,"gold_loss":85},{"cards_removed":["elementalist:Stone_to_Mud"],"damage_healed":5,"gold_gain":0,"player_choice":"Offered Common","damage_taken":0,"max_hp_gain":0,"max_hp_loss":0,"event_name":"Bonfire Elementals","floor":20,"gold_loss":0},{"cards_removed":["elementalist:Stone_to_Mud"],"damage_healed":5,"gold_gain":0,"player_choice":"Offered Special","damage_taken":0,"max_hp_gain":0,"max_hp_loss":0,"event_name":"Bonfire Elementals","floor":20,"gold_loss":0}],"is_beta":false,"boss_relics":[{"not_picked":["Astrolabe","Empty Cage"],"picked":"Cursed Key"}],"items_purged_floors":[22],"is_endless":false,"potions_floor_spawned":[1,3,5,14,24],"killed_by":"Slavers","ascension_level":1}}