{"host":"yrtk68ixj64vhhh3","time":1612615848,"event":{"mods":["AchievementEnabler","Aspiration","BaseMod","Better Altar","Better Match","Better Silent Start","Colored Map","Colored Powertips","Conspire","Dio Mod","Downfall","Energized Spire","Hubris","Infinite Spire","Minty Spire (QoL Compilation)","Prisma Mod","RNG Fix","StSLib","Steal the Spire","Td1madao Mod","The Animator","The Poker Player","The Wild Card","TheBandit","TheHero"],"gold_per_floor":[119,139,155,155,155,187,207,207,207,235,311,311,328,2,2,107,107,125,136,147,147,147,147,161,176,246,246,246,246,246,265,265,369,369,379,379,393,108,156,156,188,22,99,99,24,37,47,67,67,67,67,67,3,37,37,37,37],"floor_reached":55,"language":"ENG","playtime":4876,"items_purged":[],"score":814,"play_id":"f76a461d-2e1a-4d9e-a94a-543c82308e5d","local_time":"20210207015048","is_ascension_mode":true,"metric_token":1618,"campfire_choices":[{"floor":8,"key":"REST"},{"floor":12,"key":"REST"},{"floor":15,"key":"REST"},{"floor":23,"key":"RECALL"},{"floor":27,"key":"REST"},{"data":"PokerPlayerMod:Mulligan","floor":30,"key":"SMITH"},{"data":"hubris:Fate","floor":32,"key":"SMITH"},{"data":"dioMod:FlyAway","floor":40,"key":"SMITH"},{"floor":44,"key":"REST"},{"data":"PokerPlayerMod:TrumpStrike","floor":49,"key":"SMITH"},{"floor":52,"key":"REST"}],"circlet_count":0,"master_deck":["PokerPlayerMod:Diamond1","PokerPlayerMod:Diamond2","PokerPlayerMod:Diamond3","PokerPlayerMod:Diamond4","PokerPlayerMod:Diamond5","PokerPlayerMod:Spade1","PokerPlayerMod:Spade2","PokerPlayerMod:Spade3","PokerPlayerMod:Spade4","PokerPlayerMod:Club1","PokerPlayerMod:Club2","PokerPlayerMod:Heart2","PokerPlayerMod:TrumpStrike+1","PokerPlayerMod:BadJoker","PokerPlayerMod:Mulligan+1","PokerPlayerMod:Raise+1","PokerPlayerMod:Diamond3","PokerPlayerMod:HiddenCard+1","CurseOfTheBell","CurseOfTheBell","PokerPlayerMod:Duplicate","PokerPlayerMod:Diamond7","PokerPlayerMod:DartThrow","PokerPlayerMod:Diamond6","PokerPlayerMod:CloakAndDiamond","Flash of Steel","PokerPlayerMod:CardPrinter","PokerPlayerMod:WasteCollection","PokerPlayerMod:MagicTrick","PokerPlayerMod:Spade5","PokerPlayerMod:Diamond4","PokerPlayerMod:HeartStrike+1","PokerPlayerMod:Club4","hubris:Fate+1","Good Instincts","PokerPlayerMod:Heart4","PokerPlayerMod:Club8","PokerPlayerMod:Club3","infinitespire:Oblivion","Guardian:Orbwalk+1","PokerPlayerMod:Sharpen","PokerPlayerMod:CloakAndDiamond","PokerPlayerMod:DiamondStrike","PokerPlayerMod:Club10+","PokerPlayerMod:Diamond3","dioMod:FlyAway+1","Slimebound:Nibble+1","PokerPlayerMod:Manipulation","PokerPlayerMod:FakeSymbols+1","PokerPlayerMod:Spade3","PokerPlayerMod:Club3","PokerPlayerMod:Diamond5","PokerPlayerMod:Harden","PokerPlayerMod:CloakAndDiamond","PokerPlayerMod:Spade3"],"relics":["PokerPlayerMod:DeckCase","aspiration:Nostalgia","animeID:HeroCostume","downfall:ExtraCursedBell","War Paint","White Beast Statue","infinitespire:Joker Card","infinitespire:PuzzleCube","Bronze Scales","Odd Mushroom","Pear","Regal Pillow","conspire:RunicOctahedron","PokerPlayerMod:Splitter","hubris:MysteriousPyramids","PrismaticShard","energizedSpire:MagnifyingGlass","PokerPlayerMod:StuffedPocket","hubris:TenFootPole","Membership Card","PokerPlayerMod:FairLicense"],"acts_visited":["Exordium","TheCity","TheBeyond","TheEnding"],"potions_floor_usage":[16,16,16,24,33,33,33,33,47,47,50,50,55],"damage_taken":[{"damage":2,"enemies":"Cultist","floor":1,"turns":3},{"damage":0,"enemies":"Jaw Worm","floor":2,"turns":2},{"damage":4,"enemies":"2 Louse","floor":3,"turns":2},{"damage":45,"enemies":"3 Sentries","floor":6,"turns":6},{"damage":2,"enemies":"Large Slime","floor":7,"turns":4},{"damage":10,"enemies":"The Mushroom Lair","floor":10,"turns":3},{"damage":12,"enemies":"Gremlin Gang","floor":13,"turns":3},{"damage":13,"enemies":"Hexaghost","floor":16,"turns":7},{"damage":19,"enemies":"2 Thieves","floor":18,"turns":3},{"damage":6,"enemies":"Spheric Guardian","floor":19,"turns":3},{"damage":13,"enemies":"Cultist and Chosen","floor":20,"turns":4},{"damage":17,"enemies":"Centurion and Healer","floor":24,"turns":6},{"damage":12,"enemies":"Snecko","floor":25,"turns":4},{"damage":4,"enemies":"Snake Plant","floor":31,"turns":2},{"damage":20,"enemies":"Automaton","floor":33,"turns":3},{"damage":16,"enemies":"3 Darklings","floor":35,"turns":4},{"damage":8,"enemies":"3 Shapes","floor":37,"turns":3},{"damage":21,"enemies":"2 Orb Walkers","floor":39,"turns":4},{"damage":30,"enemies":"Giant Head","floor":41,"turns":7},{"damage":0,"enemies":"Sphere and 2 Shapes","floor":46,"turns":1},{"damage":4,"enemies":"4 Shapes","floor":47,"turns":1},{"damage":0,"enemies":"3 Darklings","floor":48,"turns":3},{"damage":40,"enemies":"Donu and Deca","floor":50,"turns":6},{"damage":36,"enemies":"Shield and Spear","floor":54,"turns":4},{"damage":110,"enemies":"The Heart","floor":55,"turns":6}],"seed_played":"-2211467034965264634","potions_obtained":[{"floor":2,"key":"Ancient Potion"},{"floor":6,"key":"FearPotion"},{"floor":7,"key":"Explosive Potion"},{"floor":10,"key":"LiquidBronze"},{"floor":13,"key":"CultistPotion"},{"floor":16,"key":"Energy Potion"},{"floor":18,"key":"Fire Potion"},{"floor":19,"key":"BlessingOfTheForge"},{"floor":20,"key":"LiquidMemories"},{"floor":24,"key":"SmokeBomb"},{"floor":25,"key":"EssenceOfSteel"},{"floor":31,"key":"infinitespire:BlackPotion"},{"floor":33,"key":"Fruit Juice"},{"floor":35,"key":"BlessingOfTheForge"},{"floor":37,"key":"ColorlessPotion"},{"floor":39,"key":"champ:CounterPotion"},{"floor":41,"key":"BlessingOfTheForge"},{"floor":46,"key":"FairyPotion"},{"floor":47,"key":"Explosive Potion"},{"floor":48,"key":"bronze:BurnAndBuffPotion"},{"floor":54,"key":"Fire Potion"}],"is_trial":false,"path_per_floor":["M","M","M","?","?","E","M","R","T","?","T","R","M","$","R","B",null,"M","M","M","?","?","R","M","M","T","R","AVR","?","R","M","R","B",null,"M","?","M","$","?","R","E","$","T","R","?","M","M","M","R","B",null,"R","$","E","B"],"character_chosen":"THE_POKER_PLAYER","items_purchased":["Regal Pillow","Flash of Steel","PokerPlayerMod:CardPrinter","PokerPlayerMod:Sharpen","PokerPlayerMod:CloakAndDiamond","PokerPlayerMod:DiamondStrike","PokerPlayerMod:Club10+","PokerPlayerMod:Diamond3","Membership Card","PokerPlayerMod:Manipulation","PokerPlayerMod:Harden","PokerPlayerMod:CloakAndDiamond"],"campfire_rested":6,"item_purchase_floors":[14,14,14,38,38,38,38,38,42,42,53,53],"current_hp_per_floor":[50,52,51,51,44,5,7,22,22,16,26,44,36,36,62,53,62,51,47,36,36,56,56,43,33,33,62,62,50,50,56,56,45,67,53,37,31,31,44,44,39,39,39,67,67,67,63,67,67,35,67,67,67,47,0,0,0],"gold":37,"neow_bonus":"NOSTALGIA","is_daily":false,"chose_seed":false,"campfire_upgraded":4,"win_rate":0.0,"timestamp":1612615848,"path_taken":["M","M","?","?","?","E","M","R","T","?","?","R","M","$","R","BOSS","M","M","M","?","?","R","?","M","T","R","AVR","?","R","M","R","BOSS","M","?","M","$","?","R","E","$","T","R","?","M","M","M","R","BOSS","R","$","E","BOSS"],"items_purchased_type":["Relic","Card","Card","Card","Card","Card","Undefined","Card","Relic","Card","Card","Card"],"build_version":"2020-12-22","purchased_purges":0,"victory":false,"max_hp_per_floor":[52,52,52,52,52,52,52,52,52,52,62,62,62,62,62,62,62,62,62,62,62,62,62,62,62,62,62,62,62,62,62,62,67,67,67,67,67,67,67,67,67,67,67,67,67,67,67,67,67,67,67,67,67,67,67,67,67],"card_choices":[{"not_picked":["PokerPlayerMod:DartThrow","PokerPlayerMod:Manipulation"],"picked":"PokerPlayerMod:Raise","floor":1},{"not_picked":["PokerPlayerMod:Diamond2","PokerPlayerMod:Diamond1"],"picked":"PokerPlayerMod:Diamond3","floor":2},{"not_picked":["PokerPlayerMod:Club1","PokerPlayerMod:Spade4"],"picked":"PokerPlayerMod:HiddenCard","floor":3},{"not_picked":["PokerPlayerMod:Spade3","PokerPlayerMod:Club3"],"picked":"PokerPlayerMod:Diamond7","floor":6},{"not_picked":["PokerPlayerMod:Raise","PokerPlayerMod:HiddenCard"],"picked":"PokerPlayerMod:DartThrow","floor":7},{"not_picked":["PokerPlayerMod:Trickery","PokerPlayerMod:Spade3"],"picked":"PokerPlayerMod:Diamond6","floor":10},{"not_picked":["PokerPlayerMod:Raise","PokerPlayerMod:Diamond2"],"picked":"PokerPlayerMod:CloakAndDiamond","floor":13},{"not_picked":["PokerPlayerMod:RoyalStrike","PokerPlayerMod:Spade10+"],"picked":"PokerPlayerMod:WasteCollection","floor":16},{"not_picked":["PokerPlayerMod:Spade10+","PokerPlayerMod:Raise+1"],"picked":"PokerPlayerMod:MagicTrick","floor":18},{"not_picked":["PokerPlayerMod:DartThrow","PokerPlayerMod:Configure"],"picked":"PokerPlayerMod:Spade5","floor":19},{"not_picked":["PokerPlayerMod:Configure","PokerPlayerMod:Diamond1"],"picked":"PokerPlayerMod:Diamond4","floor":20},{"not_picked":["PokerPlayerMod:HiddenCard+1","PokerPlayerMod:Diamond1"],"picked":"PokerPlayerMod:HeartStrike+1","floor":24},{"not_picked":["PokerPlayerMod:Spade4","PokerPlayerMod:Heart5"],"picked":"PokerPlayerMod:Club4","floor":25},{"not_picked":["PokerPlayerMod:Spade5","dioMod:Despair"],"picked":"PokerPlayerMod:Heart4","floor":31},{"not_picked":["PokerPlayerMod:Club10+","Feed"],"picked":"PokerPlayerMod:Club8","floor":33},{"not_picked":["PokerPlayerMod:Club1","PokerPlayerMod:Spade1"],"picked":"PokerPlayerMod:Club3","floor":35},{"not_picked":["infinitespire:FutureSight","infinitespire:Menacing"],"picked":"infinitespire:Oblivion","floor":36},{"not_picked":["PokerPlayerMod:Club3","PokerPlayerMod:Club2"],"picked":"Guardian:Orbwalk+1","floor":37},{"not_picked":["Hologram+1","PokerPlayerMod:Spade2"],"picked":"dioMod:FlyAway","floor":39},{"not_picked":["PokerPlayerMod:Heart8","PokerPlayerMod:Spade7"],"picked":"Slimebound:Nibble+1","floor":41},{"not_picked":["PokerPlayerMod:TheDieIsCast+1","PokerPlayerMod:Duplicate+1"],"picked":"PokerPlayerMod:FakeSymbols+1","floor":45},{"not_picked":["PokerPlayerMod:Club2","champ:EnGarde+1"],"picked":"PokerPlayerMod:Spade3","floor":46},{"not_picked":["PokerPlayerMod:Diamond1","sneckomod:UnknownClassDEFAULT_GRAY_COLOR"],"picked":"PokerPlayerMod:Club3","floor":47},{"not_picked":["PokerPlayerMod:Diamond4","PokerPlayerMod:Diamond3"],"picked":"PokerPlayerMod:Diamond5","floor":48},{"not_picked":["PokerPlayerMod:Diamond3","Slimebound:Prepare"],"picked":"PokerPlayerMod:Spade3","floor":54}],"player_experience":718266,"relics_obtained":[{"floor":4,"key":"War Paint"},{"floor":4,"key":"White Beast Statue"},{"floor":4,"key":"infinitespire:Joker Card"},{"floor":6,"key":"infinitespire:PuzzleCube"},{"floor":9,"key":"Bronze Scales"},{"floor":10,"key":"Odd Mushroom"},{"floor":11,"key":"Pear"},{"floor":26,"key":"hubris:MysteriousPyramids"},{"floor":39,"key":"PokerPlayerMod:StuffedPocket"},{"floor":41,"key":"hubris:TenFootPole"},{"floor":54,"key":"PokerPlayerMod:FairLicense"}],"event_choices":[{"cards_removed":["hubris:Greed"],"damage_healed":0,"gold_gain":0,"player_choice":"Card Removal","damage_taken":7,"max_hp_gain":0,"max_hp_loss":0,"event_name":"Golden Wing","floor":5,"gold_loss":0},{"damage_healed":0,"gold_gain":0,"player_choice":"Fought Mushrooms","damage_taken":0,"max_hp_gain":0,"max_hp_loss":0,"event_name":"Mushrooms","floor":10,"gold_loss":0},{"damage_healed":0,"gold_gain":0,"player_choice":"Opened","damage_taken":0,"relics_obtained":["PokerPlayerMod:Splitter"],"max_hp_gain":0,"max_hp_loss":0,"event_name":"The Mausoleum","floor":21,"gold_loss":0},{"damage_healed":20,"gold_gain":0,"player_choice":"Heal","damage_taken":0,"max_hp_gain":0,"max_hp_loss":0,"event_name":"The Library","floor":22,"gold_loss":0},{"damage_healed":0,"gold_gain":0,"player_choice":"CARD ","damage_taken":12,"max_hp_gain":0,"max_hp_loss":0,"event_name":"Knowing Skull","floor":29,"potions_obtained":[],"gold_loss":0,"cards_obtained":["Good Instincts"]},{"damage_healed":0,"gold_gain":0,"player_choice":"Fight","damage_taken":0,"max_hp_gain":0,"max_hp_loss":0,"event_name":"Mysterious Sphere","floor":39,"gold_loss":0},{"damage_healed":0,"gold_gain":0,"player_choice":"2","damage_taken":0,"max_hp_gain":0,"max_hp_loss":0,"event_name":"betterMatch:BetterMatch","floor":45,"gold_loss":0,"cards_obtained":["betterMatch:RareCard"]}],"is_beta":false,"boss_relics":[{"not_picked":["Coffee Dripper","energizedSpire:CursedPentagram"],"picked":"conspire:RunicOctahedron"},{"not_picked":["Cursed Key","conspire:SpecialSausage"],"picked":"energizedSpire:MagnifyingGlass"}],"items_purged_floors":[],"is_endless":false,"potions_floor_spawned":[2,6,7,10,13,16,18,19,20,24,25,31,33,35,37,39,41,46,47,48,54],"killed_by":"The Heart","ascension_level":2}}