{"host":"c2p2isezsqpgoqg6","time":1612618876,"event":{"mods":["BaseMod","BetterRewards","Colored Map","DeckTracker","Minty Spire (QoL Compilation)","Quick Restart","StSLib","SuperFastMode"],"gold_per_floor":[15,33,51,67,77,77,94,94,170,170,85,85,99,124,124,134,134,230,230,247,247,265,28,28,28],"floor_reached":24,"language":"ENG","playtime":936,"items_purged":[],"score":225,"play_id":"0a8aa389-eef4-478e-a928-619ee8abe6da","local_time":"20210206144116","is_ascension_mode":false,"campfire_choices":[{"data":"Buffer","floor":6,"key":"SMITH"},{"data":"Sunder","floor":8,"key":"SMITH"},{"data":"Hello World","floor":12,"key":"SMITH"},{"data":"Gash","floor":17,"key":"SMITH"}],"circlet_count":0,"master_deck":["Strike_B","Strike_B","Strike_B","Defend_B","Defend_B","Defend_B","Defend_B","Zap","Dualcast","Core Surge","Coolheaded","Coolheaded","Conserve Battery","Sunder+1","Buffer+1","Consume","Hello World+1","Beam Cell","Gash","Gash+1","Beam Cell","Echo Form","Ball Lightning","Purity","Machine Learning","Gash","Barrage"],"relics":["Cracked Core","White Beast Statue","Darkstone Periapt","Singing Bowl","Inserter","PreservedInsect"],"acts_visited":["Exordium","TheCity"],"potions_floor_usage":[22],"damage_taken":[{"damage":1,"enemies":"Cultist","floor":1,"turns":3},{"damage":4,"enemies":"Jaw Worm","floor":2,"turns":3},{"damage":8,"enemies":"Small Slimes","floor":3,"turns":3},{"damage":5,"enemies":"Exordium Wildlife","floor":4,"turns":7},{"damage":6,"enemies":"Large Slime","floor":5,"turns":6},{"damage":0,"enemies":"Looter","floor":7,"turns":4},{"damage":0,"enemies":"2 Fungi Beasts","floor":13,"turns":2},{"damage":0,"enemies":"Lagavulin","floor":14,"turns":6},{"damage":0,"enemies":"Large Slime","floor":16,"turns":5},{"damage":20,"enemies":"Hexaghost","floor":18,"turns":8},{"damage":35,"enemies":"2 Thieves","floor":20,"turns":3},{"damage":22,"enemies":"3 Byrds","floor":22,"turns":6},{"damage":24,"enemies":"Shelled Parasite and Fungi","floor":24,"turns":4}],"seed_played":"-3813610227540731180","potions_obtained":[{"floor":1,"key":"Explosive Potion"},{"floor":5,"key":"GamblersBrew"},{"floor":7,"key":"Regen Potion"},{"floor":22,"key":"EssenceOfSteel"}],"is_trial":false,"path_per_floor":["M","M","M","M","M","R","M","R","T","T","$","R","M","E","?","M","R","B",null,"M","?","M","$","M"],"character_chosen":"DEFECT","items_purchased":["Hello World","Beam Cell","Gash","PreservedInsect","Barrage"],"campfire_rested":0,"item_purchase_floors":[11,11,23,23,23],"current_hp_per_floor":[74,70,62,57,51,51,51,51,51,51,51,51,51,51,51,51,51,31,75,40,40,20,20,0,0],"gold":28,"neow_bonus":"THREE_RARE_CARDS","is_daily":false,"chose_seed":false,"campfire_upgraded":4,"win_rate":0.0,"timestamp":1612618876,"path_taken":["M","M","M","M","M","R","?","R","T","T","$","R","?","E","?","?","R","BOSS","M","?","M","$","?"],"items_purchased_type":["Card","Card","Card","Relic","Card"],"build_version":"2020-12-22","purchased_purges":0,"victory":false,"max_hp_per_floor":[75,75,75,75,75,75,75,75,75,75,75,75,75,75,75,75,75,75,75,75,75,77,77,77,77],"card_choices":[{"not_picked":["Biased Cognition","Machine Learning"],"picked":"Core Surge","floor":0},{"not_picked":["Force Field","Go for the Eyes"],"picked":"Coolheaded","floor":1},{"not_picked":["Stack","Scrape"],"picked":"Coolheaded","floor":2},{"not_picked":["Fusion","Coolheaded"],"picked":"Conserve Battery","floor":3},{"not_picked":["Coolheaded","Doom and Gloom"],"picked":"Sunder","floor":4},{"not_picked":["Rip and Tear","Streamline"],"picked":"Buffer","floor":5},{"not_picked":["Lockon","Coolheaded"],"picked":"Consume","floor":7},{"not_picked":["Force Field","Ball Lightning"],"picked":"Gash","floor":13},{"not_picked":["Beam Cell","Conserve Battery"],"picked":"Gash","floor":14},{"not_picked":["Aggregate","Auto Shields"],"picked":"Beam Cell","floor":16},{"not_picked":["Rainbow","Hyperbeam"],"picked":"Echo Form","floor":18},{"not_picked":["Conserve Battery+1","Capacitor"],"picked":"Ball Lightning","floor":20},{"not_picked":["Stack","Chaos","Coolheaded"],"picked":"Singing Bowl","floor":22}],"player_experience":467243,"relics_obtained":[{"floor":9,"key":"White Beast Statue"},{"floor":10,"key":"Darkstone Periapt"},{"floor":14,"key":"Singing Bowl"}],"event_choices":[{"cards_removed":["Strike_B"],"damage_healed":0,"gold_gain":0,"player_choice":"Offered Basic","damage_taken":0,"max_hp_gain":0,"max_hp_loss":0,"event_name":"Bonfire Elementals","floor":15,"gold_loss":0},{"damage_healed":0,"gold_gain":0,"player_choice":"2 cards matched","damage_taken":0,"max_hp_gain":0,"max_hp_loss":0,"event_name":"Match and Keep!","floor":21,"gold_loss":0,"cards_obtained":["Purity","Machine Learning"]}],"is_beta":false,"boss_relics":[{"not_picked":["Pandora\u0027s Box","Ectoplasm"],"picked":"Inserter"}],"items_purged_floors":[],"is_endless":false,"potions_floor_spawned":[1,5,7,13,14,16,18,20,22],"killed_by":"Shelled Parasite and Fungi","ascension_level":0}}