{"host":"7sni158j623xchr2","time":1612595939,"event":{"mods":["BaseMod","Colored Map","Highlight Path","Minty Spire (QoL Compilation)","Permanent Neow","Potion Indicator Mod","Rare Cards Sparkle","Relic Sorter","Relic Stats","StSLib","everything is the same but u backflip on backflip"],"gold_per_floor":[117,67,67,15,25,58,58,58,139,139,139,149,174,186,186,286,286,304,229,1,1,19,354,354,369,369,400,57,57,89,102,102,102,102],"floor_reached":33,"language":"ENG","playtime":929,"items_purged":["Strike_G","Clumsy"],"score":327,"play_id":"6aa76d87-2f4e-4da7-b744-f52b884a6dc8","local_time":"20210206011859","is_ascension_mode":true,"campfire_choices":[{"data":"Quick Slash","floor":8,"key":"SMITH"},{"data":"Cloak And Dagger","floor":10,"key":"SMITH"},{"data":"Bouncing Flask","floor":15,"key":"SMITH"},{"data":"Terror","floor":24,"key":"SMITH"},{"data":"Crippling Poison","floor":29,"key":"SMITH"},{"floor":32,"key":"REST"}],"circlet_count":0,"master_deck":["Strike_G","Strike_G","Strike_G","Strike_G","Defend_G","Defend_G","Defend_G","Defend_G","Survivor","Neutralize+1","Quick Slash+1","Cloak And Dagger+1","Terror+1","Bouncing Flask+1","Cloak And Dagger","Malaise","Bane","Footwork","Malaise","Crippling Poison+1"],"relics":["Cursed Key","Smiling Mask","Gambling Chip","White Beast Statue","Ginger","Busted Crown","TwistedFunnel","Old Coin","CeramicFish","Orrery","Lantern","Art of War"],"acts_visited":["Exordium","TheCity"],"potions_floor_usage":[18,27,30,33,33],"damage_taken":[{"damage":0,"enemies":"Small Slimes","floor":1,"turns":3},{"damage":2,"enemies":"2 Louse","floor":5,"turns":3},{"damage":14,"enemies":"Lagavulin","floor":6,"turns":8},{"damage":0,"enemies":"Jaw Worm","floor":12,"turns":2},{"damage":22,"enemies":"3 Sentries","floor":13,"turns":8},{"damage":2,"enemies":"2 Fungi Beasts","floor":14,"turns":3},{"damage":16,"enemies":"The Guardian","floor":16,"turns":8},{"damage":13,"enemies":"Spheric Guardian","floor":18,"turns":4},{"damage":7,"enemies":"2 Thieves","floor":22,"turns":4},{"damage":7,"enemies":"Book of Stabbing","floor":23,"turns":5},{"damage":5,"enemies":"Shelled Parasite and Fungi","floor":25,"turns":5},{"damage":8,"enemies":"Gremlin Leader","floor":27,"turns":7},{"damage":16,"enemies":"Slavers","floor":30,"turns":5},{"damage":2,"enemies":"Centurion and Healer","floor":31,"turns":5},{"damage":47,"enemies":"Champ","floor":33,"turns":13}],"seed_played":"-5273610972317203642","potions_obtained":[{"floor":12,"key":"PowerPotion"},{"floor":13,"key":"EssenceOfSteel"},{"floor":14,"key":"BlessingOfTheForge"},{"floor":18,"key":"ColorlessPotion"},{"floor":23,"key":"Block Potion"},{"floor":27,"key":"FearPotion"},{"floor":30,"key":"Fire Potion"},{"floor":31,"key":"Fire Potion"}],"is_trial":false,"path_per_floor":["M","?","?","$","M","E","?","R","T","R","?","M","E","M","R","B",null,"M","?","$","?","M","E","R","M","T","E","$","R","E","M","R","B"],"character_chosen":"THE_SILENT","items_purchased":["Quick Slash","TwistedFunnel","Footwork","Orrery","Lantern"],"campfire_rested":1,"item_purchase_floors":[4,20,20,28,28],"current_hp_per_floor":[70,70,70,70,68,54,47,47,47,47,52,52,30,28,28,12,75,62,62,62,62,55,48,48,43,43,35,35,35,19,17,39,0,0],"gold":102,"neow_bonus":"BOSS_RELIC","is_daily":false,"chose_seed":false,"campfire_upgraded":5,"win_rate":0.0,"timestamp":1612595939,"path_taken":["M","?","?","$","M","E","?","R","T","R","?","M","E","M","R","BOSS","M","?","$","?","?","E","R","M","T","E","$","R","E","M","R","BOSS"],"items_purchased_type":["Card","Relic","Card","Relic","Relic"],"build_version":"2020-12-22","purchased_purges":2,"victory":false,"max_hp_per_floor":[70,70,70,70,70,70,70,70,70,70,75,75,75,75,75,75,75,75,75,75,75,75,75,75,75,75,75,75,75,75,75,75,75,75],"relic_stats":{"Busted Crown":24,"counters":[15,83],"Gambling Chip":[24],"CeramicFish":9,"Art of War":[3],"Ginger":[6],"Cursed Key":2,"Smiling Mask":75,"obtain_stats":[{"TwistedFunnel":20,"Lantern":28,"CeramicFish":27,"Ginger":13,"Cursed Key":0,"Smiling Mask":6,"White Beast Statue":9,"Old Coin":23,"Busted Crown":17,"Gambling Chip":7,"Orrery":28,"Art of War":30,"Ring of the Snake":0},{"TwistedFunnel":8,"Lantern":12,"CeramicFish":12,"Ginger":5,"Cursed Key":0,"Smiling Mask":3,"White Beast Statue":3,"Old Coin":10,"Busted Crown":7,"Gambling Chip":3,"Orrery":12,"Art of War":13,"Ring of the Snake":0},{"TwistedFunnel":39,"Lantern":60,"CeramicFish":60,"Ginger":24,"Cursed Key":0,"Smiling Mask":14,"White Beast Statue":14,"Old Coin":48,"Busted Crown":35,"Gambling Chip":14,"Orrery":60,"Art of War":65,"Ring of the Snake":0}]},"card_choices":[{"not_picked":["Outmaneuver","Underhanded Strike","Reflex"],"picked":"SKIP","floor":1},{"not_picked":["Backflip","Blur"],"picked":"Cloak And Dagger","floor":5},{"not_picked":["Sucker Punch","Outmaneuver","Choke"],"picked":"SKIP","floor":6},{"not_picked":["Acrobatics","Flying Knee"],"picked":"Terror","floor":12},{"not_picked":["Setup","Masterful Stab"],"picked":"Bouncing Flask","floor":13},{"not_picked":["Infinite Blades","Accuracy"],"picked":"Cloak And Dagger","floor":14},{"not_picked":["Phantasmal Killer","Envenom"],"picked":"Malaise","floor":16},{"not_picked":[],"picked":"Bane","floor":18},{"not_picked":["Endless Agony"],"picked":"SKIP","floor":22},{"not_picked":["Terror"],"picked":"SKIP","floor":23},{"not_picked":["Dagger Throw"],"picked":"SKIP","floor":25},{"not_picked":["Bane"],"picked":"SKIP","floor":27},{"not_picked":[],"picked":"Crippling Poison","floor":28},{"not_picked":["All Out Attack"],"picked":"SKIP","floor":30},{"not_picked":["Setup+1"],"picked":"SKIP","floor":31}],"player_experience":1756255,"relics_obtained":[{"floor":6,"key":"Smiling Mask"},{"floor":9,"key":"White Beast Statue"},{"floor":13,"key":"Ginger"},{"floor":23,"key":"Old Coin"},{"floor":27,"key":"CeramicFish"},{"floor":30,"key":"Art of War"}],"event_choices":[{"cards_removed":["Defend_G"],"damage_healed":0,"gold_gain":0,"player_choice":"Card Removal","damage_taken":0,"max_hp_gain":0,"max_hp_loss":0,"event_name":"The Cleric","floor":2,"gold_loss":50},{"damage_healed":0,"gold_gain":0,"player_choice":"Grow","damage_taken":0,"max_hp_gain":0,"max_hp_loss":0,"event_name":"Living Wall","floor":3,"gold_loss":0,"cards_upgraded":["Neutralize"]},{"damage_healed":0,"gold_gain":0,"player_choice":"Success","damage_taken":7,"relics_obtained":["Gambling Chip"],"max_hp_gain":0,"max_hp_loss":0,"event_name":"Scrap Ooze","floor":7,"gold_loss":0},{"damage_healed":0,"gold_gain":0,"player_choice":"Donut","damage_taken":0,"max_hp_gain":5,"max_hp_loss":0,"event_name":"Big Fish","floor":11,"gold_loss":0},{"cards_removed":["Pain"],"damage_healed":0,"gold_gain":0,"player_choice":"Gave Gold","damage_taken":0,"max_hp_gain":0,"max_hp_loss":0,"event_name":"Beggar","floor":19,"gold_loss":75},{"damage_healed":0,"gold_gain":0,"player_choice":"Copied","damage_taken":0,"max_hp_gain":0,"max_hp_loss":0,"event_name":"Duplicator","floor":21,"gold_loss":0,"cards_obtained":["Malaise"]}],"is_beta":false,"boss_relics":[{"not_picked":["Black Star","Philosopher\u0027s Stone"],"picked":"Busted Crown"}],"items_purged_floors":[20,28],"is_endless":false,"potions_floor_spawned":[12,13,14,16,18,22,23,25,27,30,31],"killed_by":"Champ","ascension_level":1}}