{"host":"xspno2hvvkg1vi3z","time":1612597801,"event":{"mods":["Arknights","BaseMod","Downfall","Minty Spire (QoL Compilation)","Replay The Spire","StSLib"],"gold_per_floor":[114,132,144,144,144,161,161,161,161,161,176,192,192,208,208,332,432,455,473,388,388,406,406,406],"floor_reached":23,"language":"ZHS","playtime":793,"items_purged":[],"score":185,"play_id":"41e66275-e0b9-4f7b-aeca-d4ba07790877","local_time":"20210206155001","is_ascension_mode":false,"campfire_choices":[{"data":"ats:Roar Of Ursus","floor":8,"key":"SMITH"},{"data":"ats:Poison Spread","floor":10,"key":"SMITH"}],"circlet_count":0,"master_deck":["ats:Strike G","ats:Strike S","ats:Strike V+1","ats:Armor Crushing Shot","ats:Defend","ats:Defend","ats:Defend","ats:Defend","ats:Emotion Absorption+1","ats:Leaping Hammer","ats:Poison Spread+1","ats:Roar Of Ursus+1","ats:Flexible Camouflage+1","ats:Ambush","ats:Consecutive Shot Auto","ats:Overload"],"relics":["ats:Sanity","NeowsBlessing","Golden Idol","ats:Lavender","Shuriken","Replay:Wanted Poster","Replay:Mystery Machine","Enchiridion"],"acts_visited":["Exordium","TheCity"],"potions_floor_usage":[22],"damage_taken":[{"damage":0,"enemies":"Jaw Worm","floor":1,"turns":1},{"damage":0,"enemies":"2 Louse","floor":2,"turns":1},{"damage":0,"enemies":"Small Slimes","floor":3,"turns":1},{"damage":28,"enemies":"Exordium Thugs","floor":6,"turns":4},{"damage":8,"enemies":"3 Louse","floor":11,"turns":3},{"damage":8,"enemies":"Red Slaver","floor":12,"turns":4},{"damage":0,"enemies":"Large Slime","floor":14,"turns":5},{"damage":27,"enemies":"Slime Boss","floor":16,"turns":11},{"damage":5,"enemies":"Chosen","floor":18,"turns":4},{"damage":25,"enemies":"Shell Parasite","floor":19,"turns":5},{"damage":25,"enemies":"Centurion and Healer","floor":22,"turns":6},{"damage":25,"enemies":"Gremlin Leader","floor":23,"turns":1}],"seed_played":"-8378342683219333853","potions_obtained":[{"floor":3,"key":"SteroidPotion"},{"floor":6,"key":"ColorlessPotion"},{"floor":14,"key":"Regen Potion"}],"is_trial":false,"path_per_floor":["M","M","M","?","?","M","?","R","T","R","M","M","T","M","R","B",null,"M","M","?","?","M","E"],"character_chosen":"DOCTOR_CLASS","items_purchased":[],"campfire_rested":0,"item_purchase_floors":[],"current_hp_per_floor":[72,72,72,58,51,23,23,23,23,23,18,13,13,17,37,20,67,64,43,43,27,21,0,0],"gold":406,"neow_bonus":"THREE_ENEMY_KILL","is_daily":false,"chose_seed":false,"campfire_upgraded":2,"win_rate":0.0,"timestamp":1612597801,"path_taken":["M","M","M","?","?","M","?","R","T","R","?","M","?","M","R","BOSS","M","M","?","?","?","E"],"items_purchased_type":[],"build_version":"2020-12-22","purchased_purges":0,"victory":false,"max_hp_per_floor":[72,72,72,72,72,72,67,67,67,67,67,67,67,67,67,67,67,67,67,67,67,67,67,67],"card_choices":[{"not_picked":["ats:Spore Proliferation","ats:Powerful Strike"],"picked":"ats:Leaping Hammer","floor":1},{"not_picked":["ats:Assault Order","ats:Chain Hook"],"picked":"ats:Poison Spread","floor":2},{"not_picked":["ats:Curse Doll","ats:Magnetic Hammer"],"picked":"ats:Roar Of Ursus","floor":3},{"not_picked":["ats:Leaping Hammer","ats:Defend Order","ats:Powerful Strike"],"picked":"SKIP","floor":6},{"not_picked":["ats:Ignite","ats:Absolute Focus"],"picked":"ats:Flexible Camouflage","floor":11},{"not_picked":["ats:Guardian Obelisk","ats:Encircling Forest","ats:Consecutive Shot Auto"],"picked":"SKIP","floor":12},{"not_picked":["ats:Revitalization","ats:Hook Shot"],"picked":"ats:Ambush","floor":14},{"not_picked":["ats:Curse Doll","ats:Flame Of Heaven+1"],"picked":"ats:Consecutive Shot Auto","floor":18},{"not_picked":["ats:Shell Defense","ats:Very Hot Blade"],"picked":"ats:Overload","floor":19},{"not_picked":["ats:Composite Medical Shells","ats:LN2 Cannon","ats:Explosion Area Strengthen"],"picked":"SKIP","floor":22}],"player_experience":198331,"relics_obtained":[{"floor":9,"key":"ats:Lavender"},{"floor":13,"key":"Shuriken"},{"floor":21,"key":"Enchiridion"}],"event_choices":[{"damage_healed":0,"gold_gain":0,"player_choice":"Entered Light","damage_taken":14,"max_hp_gain":0,"max_hp_loss":0,"event_name":"Shining Light","floor":4,"gold_loss":0,"cards_upgraded":["ats:Emotion Absorption","ats:Strike V"]},{"cards_removed":["ats:Strike C"],"damage_healed":0,"gold_gain":0,"player_choice":"Card Removal","damage_taken":7,"max_hp_gain":0,"max_hp_loss":0,"event_name":"Golden Wing","floor":5,"gold_loss":0},{"damage_healed":0,"gold_gain":0,"player_choice":"Lose Max HP","damage_taken":0,"relics_obtained":["Golden Idol"],"max_hp_gain":0,"max_hp_loss":5,"event_name":"Golden Idol","floor":7,"gold_loss":0},{"damage_healed":0,"gold_gain":0,"player_choice":"Obtained Relic","damage_taken":0,"relics_obtained":["Replay:Mystery Machine"],"max_hp_gain":0,"max_hp_loss":0,"event_name":"Addict","floor":20,"gold_loss":85},{"damage_healed":0,"gold_gain":0,"player_choice":"Obtained Book","damage_taken":16,"max_hp_gain":0,"max_hp_loss":0,"event_name":"Cursed Tome","floor":21,"gold_loss":0}],"is_beta":false,"boss_relics":[{"not_picked":["Ectoplasm","Sozu"],"picked":"Replay:Wanted Poster"}],"items_purged_floors":[],"is_endless":false,"potions_floor_spawned":[3,6,14,16,19],"killed_by":"Gremlin Leader","ascension_level":0}}