{"host":"axuns55dzq466eei","time":1612629630,"event":{"mods":["BaseMod","Colored Map","Keyboard Shortcuts","Minty Spire (QoL Compilation)","StSLib","SuperFastMode"],"gold_per_floor":[119,137,137,148,164,164,195,195,195,213,88,113,124,134,134,205,205,219,253,84,97,110,110,110],"floor_reached":23,"language":"KOR","playtime":7739,"items_purged":["Strike_R"],"score":460,"play_id":"89ae50ac-7baf-4228-98f2-0c75df81e7ae","local_time":"20210207014030","is_ascension_mode":true,"campfire_choices":[{"data":"Carnage","floor":6,"key":"SMITH"},{"data":"Shockwave","floor":15,"key":"SMITH"}],"circlet_count":0,"master_deck":["AscendersBane","Strike_R","Strike_R","Defend_R","Defend_R","Defend_R","Defend_R","Bash","Reaper","Twin Strike","Carnage+1","Power Through","Offering","Intimidate","Warcry","Sentinel","Shockwave+1","Exhume","Havoc+1","Shrug It Off","Feed"],"relics":["Burning Blood","Dead Branch","Calipers","Mango","Empty Cage","Red Mask"],"acts_visited":["Exordium","TheCity"],"potions_floor_usage":[16,16,23],"damage_taken":[{"damage":6,"enemies":"Cultist","floor":1,"turns":3},{"damage":9,"enemies":"Jaw Worm","floor":2,"turns":6},{"damage":10,"enemies":"Small Slimes","floor":4,"turns":3},{"damage":24,"enemies":"Exordium Thugs","floor":5,"turns":5},{"damage":32,"enemies":"Gremlin Nob","floor":7,"turns":4},{"damage":25,"enemies":"Large Slime","floor":10,"turns":6},{"damage":6,"enemies":"Lagavulin","floor":12,"turns":3},{"damage":6,"enemies":"Blue Slaver","floor":13,"turns":1},{"damage":20,"enemies":"Red Slaver","floor":14,"turns":3},{"damage":38,"enemies":"The Guardian","floor":16,"turns":11},{"damage":14,"enemies":"Chosen","floor":18,"turns":3},{"damage":29,"enemies":"Masked Bandits","floor":19,"turns":3},{"damage":23,"enemies":"Shell Parasite","floor":21,"turns":5},{"damage":11,"enemies":"Centurion and Healer","floor":22,"turns":9},{"damage":69,"enemies":"Gremlin Leader","floor":23,"turns":5}],"seed_played":"5316153180885545476","potions_obtained":[{"floor":3,"key":"ElixirPotion"},{"floor":3,"key":"Explosive Potion"},{"floor":18,"key":"EssenceOfSteel"}],"is_trial":false,"path_per_floor":["M","M","?","M","M","R","E","?","T","M","$","E","M","M","R","B",null,"M","?","$","M","M","E"],"character_chosen":"IRONCLAD","items_purchased":["Warcry","Feed"],"campfire_rested":0,"item_purchase_floors":[11,20],"current_hp_per_floor":[68,65,65,65,55,55,29,75,75,63,63,77,77,67,67,35,76,68,77,77,60,62,0,0],"gold":110,"neow_bonus":"ONE_RANDOM_RARE_CARD","is_daily":false,"chose_seed":false,"campfire_upgraded":2,"win_rate":0.0,"timestamp":1612629630,"path_taken":["M","?","?","M","?","R","E","?","T","M","$","E","M","M","R","BOSS","M","?","$","M","M","E"],"items_purchased_type":["Card","Card"],"build_version":"2020-12-22","purchased_purges":1,"victory":false,"max_hp_per_floor":[75,75,75,75,75,75,75,75,75,75,75,89,89,89,89,89,89,89,89,89,89,92,92,92],"card_choices":[{"not_picked":["Heavy Blade","Headbutt"],"picked":"Twin Strike","floor":1},{"not_picked":["Perfected Strike","Headbutt"],"picked":"Carnage","floor":2},{"not_picked":["Rage","Flame Barrier","Dual Wield"],"picked":"SKIP","floor":4},{"not_picked":["Carnage","Evolve"],"picked":"Power Through","floor":5},{"not_picked":["Anger","Iron Wave"],"picked":"Offering","floor":7},{"not_picked":["Pommel Strike","Shrug It Off"],"picked":"Intimidate","floor":10},{"not_picked":["Shockwave","Clothesline"],"picked":"Sentinel","floor":12},{"not_picked":["Clothesline","Sword Boomerang","Clash"],"picked":"SKIP","floor":13},{"not_picked":["Dark Embrace","Brutality"],"picked":"Shockwave","floor":14},{"not_picked":["Reaper","Brutality"],"picked":"Exhume","floor":16},{"not_picked":["Body Slam","Wild Strike"],"picked":"Havoc+1","floor":18},{"not_picked":["Intimidate","True Grit"],"picked":"Shrug It Off","floor":19},{"not_picked":["Iron Wave","Twin Strike","Perfected Strike"],"picked":"SKIP","floor":21},{"not_picked":["Anger","Iron Wave","Entrench"],"picked":"SKIP","floor":22}],"player_experience":1106292,"relics_obtained":[{"floor":7,"key":"Dead Branch"},{"floor":9,"key":"Calipers"},{"floor":12,"key":"Mango"},{"floor":19,"key":"Red Mask"}],"event_choices":[{"damage_healed":0,"gold_gain":0,"player_choice":"Got Potions","damage_taken":0,"max_hp_gain":0,"max_hp_loss":0,"event_name":"Lab","floor":3,"gold_loss":0},{"damage_healed":46,"gold_gain":0,"player_choice":"Full Heal","damage_taken":0,"max_hp_gain":0,"max_hp_loss":0,"event_name":"Wheel of Change","floor":8,"gold_loss":0},{"damage_healed":0,"gold_gain":0,"player_choice":"Fought Bandits","damage_taken":0,"max_hp_gain":0,"max_hp_loss":0,"event_name":"Masked Bandits","floor":19,"gold_loss":0}],"is_beta":false,"boss_relics":[{"not_picked":["Cursed Key","Busted Crown"],"picked":"Empty Cage"}],"items_purged_floors":[11],"is_endless":false,"potions_floor_spawned":[4,5,10,12,13,14,18],"killed_by":"Gremlin Leader","ascension_level":20}}