{"host":"4eao2pkwlmv012cz","time":1612594397,"event":{"mods":["BaseMod","Colored Powertips","Minty Spire (QoL Compilation)","Permanent Neow","Quick Restart","Random Character Button","StSLib"],"gold_per_floor":[117,130,130,1,12,12,43,43,124,20,20,53,64,74,74,150,150,168,182,182,201,3,3,3,3],"floor_reached":24,"language":"ENG","playtime":785,"items_purged":["Strike_B"],"score":462,"play_id":"166c95d0-1d6b-40ff-a563-a9e9da6b62ae","local_time":"20210206015317","is_ascension_mode":true,"campfire_choices":[{"data":"Darkness","floor":6.0,"key":"SMITH"},{"data":"Consume","floor":8.0,"key":"SMITH"},{"floor":15.0,"key":"REST"},{"floor":23,"key":"REST"}],"circlet_count":0,"master_deck":["AscendersBane","Strike_B","Strike_B","Strike_B","Defend_B","Defend_B","Defend_B","Defend_B","Zap","Dualcast+1","Echo Form+1","Leap+1","Sweeping Beam","Conserve Battery","Darkness+1","Consume+1","Compile Driver","FTL","All For One","FTL","Undo","Core Surge","Turbo","Reinforced Body","Pain","Genetic Algorithm+1","Fission","Cold Snap"],"relics":["Cracked Core","War Paint","Pantograph","Nunchaku","SacredBark","WarpedTongs"],"acts_visited":["Exordium","TheCity"],"potions_floor_usage":[24],"damage_taken":[{"damage":6.0,"enemies":"Cultist","floor":1.0,"turns":4.0},{"damage":3.0,"enemies":"2 Louse","floor":2.0,"turns":3.0},{"damage":7.0,"enemies":"Jaw Worm","floor":5.0,"turns":4.0},{"damage":0.0,"enemies":"Lagavulin","floor":7.0,"turns":4.0},{"damage":15.0,"enemies":"3 Sentries","floor":12.0,"turns":6.0},{"damage":12.0,"enemies":"Lots of Slimes","floor":13.0,"turns":4.0},{"damage":10.0,"enemies":"Exordium Thugs","floor":14.0,"turns":3.0},{"damage":30.0,"enemies":"Hexaghost","floor":16.0,"turns":8.0},{"damage":33.0,"enemies":"3 Byrds","floor":18.0,"turns":6.0},{"damage":13,"enemies":"Chosen","floor":19,"turns":4},{"damage":6,"enemies":"Snecko","floor":21,"turns":4},{"damage":22,"enemies":"Chosen and Byrds","floor":24,"turns":5}],"seed_played":"7753229532690774826","potions_obtained":[{"floor":2.0,"key":"DuplicationPotion"},{"floor":7.0,"key":"LiquidBronze"},{"floor":11.0,"key":"BlessingOfTheForge"},{"floor":13.0,"key":"Weak Potion"},{"floor":14.0,"key":"BlessingOfTheForge"},{"floor":18.0,"key":"Ancient Potion"}],"is_trial":false,"path_per_floor":["M","M","?","$","M","R","E","R","T","$","?","E","M","M","R","B",null,"M","M","?","M","$","R","M"],"character_chosen":"DEFECT","items_purchased":["Conserve Battery","Compile Driver","FTL","Fission","Cold Snap"],"campfire_rested":2,"item_purchase_floors":[4,10,10,22,22],"current_hp_per_floor":[58,55,55,55,48,48,48,48,48,48,48,33,21,11,30,25,54,21,8,8,2,2,21,0,0],"gold":3,"neow_bonus":"THREE_RARE_CARDS","is_daily":false,"chose_seed":false,"campfire_upgraded":2,"win_rate":0.0,"timestamp":1612594397,"path_taken":["M","?","?","$","M","R","E","R","T","$","?","E","?","M","R","BOSS","M","M","?","M","$","R","?"],"items_purchased_type":["Card","Card","Card","Card","Card"],"build_version":"2020-12-22","purchased_purges":1,"victory":false,"max_hp_per_floor":[64,64,64,64,64,64,64,64,64,64,64,64,64,64,64,64,64,64,64,64,64,64,64,64,64],"card_choices":[{"not_picked":["Creative AI","Meteor Strike"],"picked":"Echo Form","floor":0.0},{"not_picked":["Compile Driver","Stack"],"picked":"Leap","floor":1.0},{"not_picked":["Self Repair","Gash"],"picked":"Sweeping Beam","floor":2.0},{"not_picked":["Sunder","BootSequence"],"picked":"Darkness","floor":5.0},{"not_picked":["Steam","Hologram"],"picked":"Consume","floor":7.0},{"not_picked":["Hologram","Fusion"],"picked":"All For One","floor":12.0},{"not_picked":["Blizzard","Darkness"],"picked":"FTL","floor":13.0},{"not_picked":["Conserve Battery","Stack"],"picked":"Undo","floor":14.0},{"not_picked":["Echo Form","Reboot"],"picked":"Core Surge","floor":16.0},{"not_picked":["Skim","Sweeping Beam"],"picked":"Turbo","floor":18.0},{"not_picked":["Heatsinks","Steam"],"picked":"Reinforced Body","floor":19},{"not_picked":["Go for the Eyes","Coolheaded"],"picked":"Genetic Algorithm+1","floor":21}],"player_experience":2890627,"relics_obtained":[{"floor":7.0,"key":"War Paint"},{"floor":9.0,"key":"Pantograph"},{"floor":12.0,"key":"Nunchaku"}],"event_choices":[{"damage_healed":0.0,"max_hp_gain":0.0,"max_hp_loss":0.0,"gold_gain":0.0,"event_name":"Living Wall","player_choice":"Grow","floor":3.0,"gold_loss":0.0,"damage_taken":0.0,"cards_upgraded":["Echo Form"]},{"damage_healed":0.0,"max_hp_gain":0.0,"max_hp_loss":0.0,"gold_gain":0.0,"event_name":"Lab","player_choice":"Got Potions","floor":11.0,"gold_loss":0.0,"damage_taken":0.0},{"damage_healed":0,"gold_gain":0,"player_choice":"Rummage","damage_taken":0,"relics_obtained":["WarpedTongs"],"max_hp_gain":0,"max_hp_loss":0,"event_name":"Accursed Blacksmith","floor":20,"gold_loss":0,"cards_obtained":["Pain"]}],"is_beta":false,"boss_relics":[{"not_picked":["Velvet Choker","Runic Dome"],"picked":"SacredBark"}],"items_purged_floors":[4],"is_endless":false,"potions_floor_spawned":[2,7,13,14,18],"killed_by":"Chosen and Byrds","ascension_level":20}}