{"host":"atc9njsbcy6dgluf","time":1612637676,"event":{"mods":["BaseMod","Better Match","Infinite Spire","Minty Spire (QoL Compilation)","StSLib","The Runesmith"],"gold_per_floor":[18,29,29,41,60,60,73,86,111,123,180,200,231,250,250,346,346,364,381,394,394,406,437,437,437,437],"floor_reached":25,"language":"ENG","playtime":4167,"items_purged":[],"score":283,"play_id":"3389ffa8-00be-41e7-a869-7064e819cc56","local_time":"20210206195436","is_ascension_mode":false,"campfire_choices":[{"data":"Runesmith:CraftFirestone","floor":6.0,"key":"SMITH"},{"data":"Runesmith:Grindstone","floor":15.0,"key":"SMITH"}],"circlet_count":0,"master_deck":["Runesmith:Strike_RS","Runesmith:Strike_RS","Runesmith:Strike_RS","Runesmith:Defend_RS","Runesmith:Defend_RS","Runesmith:CraftFirestone+1","Runesmith:Fortify","Runesmith:CraftIndustria","Runesmith:CraftMagma","Runesmith:CraftMagma","Runesmith:Attraction","Runesmith:CraftObretio","Runesmith:Grindstone+1","Runesmith:FieryHammer","Runesmith:DoubleUp","Runesmith:CraftVitae","Runesmith:ArcReactor","Runesmith:Reinforce+1","Runesmith:DoubleUp+1","Runesmith:Repurpose+1","Runesmith:BackupBattery","Runesmith:Permafrost","Runesmith:NanitesCloud+1","Runesmith:CraftPrismatica"],"relics":["Runesmith:BrokenRuby","Meat on the Bone","Astrolabe","infinitespire:Lucky Rock"],"acts_visited":["Exordium","TheCity"],"potions_floor_usage":[25],"damage_taken":[{"damage":2.0,"enemies":"Cultist","floor":1.0,"turns":4.0},{"damage":15.0,"enemies":"infinitespire:Voidling","floor":2.0,"turns":4.0},{"damage":7.0,"enemies":"Small Slimes","floor":4.0,"turns":4.0},{"damage":0.0,"enemies":"2 Fungi Beasts","floor":5.0,"turns":3.0},{"damage":2.0,"enemies":"Looter","floor":7.0,"turns":3.0},{"damage":5.0,"enemies":"Blue Slaver","floor":8.0,"turns":3.0},{"damage":1.0,"enemies":"2 Fungi Beasts","floor":10.0,"turns":4.0},{"damage":0.0,"enemies":"Exordium Thugs","floor":11.0,"turns":4.0},{"damage":0.0,"enemies":"Exordium Wildlife","floor":12.0,"turns":2.0},{"damage":19.0,"enemies":"Gremlin Nob","floor":13.0,"turns":5.0},{"damage":8.0,"enemies":"Gremlin Gang","floor":14.0,"turns":3.0},{"damage":0.0,"enemies":"Hexaghost","floor":16.0,"turns":11.0},{"damage":2.0,"enemies":"Chosen","floor":18.0,"turns":6.0},{"damage":2.0,"enemies":"Shell Parasite","floor":19.0,"turns":5.0},{"damage":12.0,"enemies":"Snake Plant","floor":20.0,"turns":6.0},{"damage":5.0,"enemies":"Shelled Parasite and Fungi","floor":22.0,"turns":8.0},{"damage":54.0,"enemies":"Slavers","floor":23.0,"turns":6.0},{"damage":36,"enemies":"Gremlin Leader","floor":25,"turns":5}],"seed_played":"-9059165465366632522","potions_obtained":[{"floor":5.0,"key":"FearPotion"},{"floor":7.0,"key":"ColorlessPotion"},{"floor":8.0,"key":"LiquidMemories"},{"floor":11.0,"key":"LiquidBronze"},{"floor":13.0,"key":"FairyPotion"},{"floor":16.0,"key":"PowerPotion"},{"floor":20.0,"key":"Explosive Potion"},{"floor":23.0,"key":"Ancient Potion"}],"is_trial":false,"path_per_floor":["M","M","?","M","M","R","M","M","T","M","M","M","E","M","R","B",null,"M","M","M","?","M","E","?","E"],"character_chosen":"RUNESMITH_CLASS","items_purchased":[],"campfire_rested":0,"item_purchase_floors":[],"current_hp_per_floor":[68,60,60,53,53,53,51,46,46,45,45,45,26,30,30,42,70,68,66,54,54,49,33,33,0,0],"gold":437,"neow_bonus":"THREE_RARE_CARDS","is_daily":false,"chose_seed":false,"campfire_upgraded":2,"win_rate":0.0,"timestamp":1612637676,"path_taken":["M","M","?","M","M","R","M","?","T","M","?","M","E","M","R","BOSS","M","M","M","?","M","E","?","E"],"items_purchased_type":[],"build_version":"2020-12-22","purchased_purges":0,"victory":false,"max_hp_per_floor":[70,70,70,70,70,70,70,70,70,70,70,70,70,70,70,70,70,70,70,70,70,70,70,70,70,70],"card_choices":[{"not_picked":["Runesmith:LastStand","Runesmith:ArcReactor"],"picked":"Runesmith:CraftIndustria","floor":0.0},{"not_picked":["Runesmith:StaticCage","Runesmith:Reinforce"],"picked":"Runesmith:CraftMagma","floor":1.0},{"not_picked":["Runesmith:UnstableHammer","Runesmith:MakeshiftArmor"],"picked":"Runesmith:CraftMagma","floor":2.0},{"not_picked":["Runesmith:RuneHurl","Runesmith:ElementalConversion"],"picked":"Runesmith:Attraction","floor":4.0},{"not_picked":["Runesmith:Repurpose","Runesmith:StaticCage"],"picked":"Runesmith:CraftObretio","floor":5.0},{"not_picked":["Runesmith:Empowerment","Runesmith:MakeshiftArmor","Runesmith:FissionHammer"],"picked":"SKIP","floor":7.0},{"not_picked":["Runesmith:CraftProtectio","Runesmith:EarthShield"],"picked":"Runesmith:Grindstone","floor":8.0},{"not_picked":["Runesmith:UnstableHammer","Runesmith:EnergizedChisel"],"picked":"Runesmith:FieryHammer","floor":10.0},{"not_picked":["Runesmith:HeatExchange","Runesmith:EnergizedChisel"],"picked":"Runesmith:DoubleUp","floor":11.0},{"not_picked":["Runesmith:Overpower","Runesmith:MakeshiftArmor"],"picked":"Runesmith:CraftVitae","floor":12.0},{"not_picked":["Runesmith:Reinforce","Runesmith:HammerTime","Runesmith:Overpower"],"picked":"SKIP","floor":13.0},{"not_picked":["Runesmith:HeatedChisel","Runesmith:Reinforce"],"picked":"Runesmith:ReplicatingBarrier","floor":14.0},{"not_picked":["Runesmith:GrandSlam","Runesmith:Duplicate"],"picked":"Runesmith:ArcReactor","floor":16.0},{"not_picked":["Runesmith:EnergizedChisel","Runesmith:MakeshiftArmor","Runesmith:Refine"],"picked":"SKIP","floor":18.0},{"not_picked":["Runesmith:EnergizedChisel","Runesmith:Malloc"],"picked":"Runesmith:BackupBattery","floor":19.0},{"not_picked":["Runesmith:EnergizedChisel+1","Runesmith:RuneHurl+1"],"picked":"Runesmith:Permafrost","floor":20.0},{"not_picked":["Runesmith:WhiteBalance","Runesmith:StaticCage"],"picked":"Runesmith:NanitesCloud+1","floor":22.0},{"not_picked":["Runesmith:HammerThrow","Runesmith:ChiselStab"],"picked":"Runesmith:CraftPrismatica","floor":23.0}],"player_experience":590065,"relics_obtained":[{"floor":13.0,"key":"Meat on the Bone"},{"floor":23.0,"key":"infinitespire:Lucky Rock"}],"event_choices":[{"cards_removed":["Runesmith:Defend_RS"],"damage_healed":0.0,"max_hp_gain":0.0,"max_hp_loss":0.0,"gold_gain":0.0,"event_name":"Purifier","player_choice":"Purged","floor":3.0,"gold_loss":0.0,"damage_taken":0.0},{"damage_healed":0.0,"max_hp_gain":0.0,"max_hp_loss":0.0,"gold_gain":0.0,"event_name":"Beggar","player_choice":"Ignored","floor":21.0,"gold_loss":0.0,"damage_taken":0.0},{"damage_healed":0.0,"max_hp_gain":0.0,"max_hp_loss":0.0,"gold_gain":0.0,"event_name":"Cursed Tome","player_choice":"Ignored","floor":24.0,"gold_loss":0.0,"damage_taken":0.0}],"is_beta":false,"boss_relics":[{"not_picked":["Snecko Eye","Velvet Choker"],"picked":"Astrolabe"}],"items_purged_floors":[],"is_endless":false,"potions_floor_spawned":[5,7,8,11,13,16,20,22,23],"killed_by":"Gremlin Leader","ascension_level":0}}