{"host":"Qube","time":1612650666,"event":{"mods":["AchievementEnabler","BaseMod","Colored Map","Colored Powertips","Highlight Path","Minty Spire (QoL Compilation)","Permanent Neow","Quick Restart","Random Character Button","StSLib"],"gold_per_floor":[17,35,35,49,73,73,105,105,105,132,147,160,160,179,179,179,179],"floor_reached":16,"language":"ENG","playtime":502,"items_purged":[],"score":249,"play_id":"8ce2b84b-7f5d-400d-8e7f-8e675edfa64b","local_time":"20210206143106","is_ascension_mode":true,"campfire_choices":[{"data":"Zap","floor":6,"key":"SMITH"},{"floor":13,"key":"REST"},{"data":"Coolheaded","floor":15,"key":"SMITH"}],"circlet_count":0,"master_deck":["AscendersBane","Strike_B","Strike_B","Strike_B","Strike_B","Defend_B","Defend_B","Defend_B","Defend_B","Zap+1","Dualcast+1","Steam","Streamline","Gash","Glacier","Barrage","Cold Snap","Coolheaded+1","Undo"],"relics":["Cracked Core","Blood Vial","Question Card","Strawberry","Toy Ornithopter"],"acts_visited":["Exordium"],"potions_floor_usage":[10,12,16],"damage_taken":[{"damage":1,"enemies":"Cultist","floor":1,"turns":3},{"damage":2,"enemies":"Jaw Worm","floor":2,"turns":3},{"damage":0,"enemies":"2 Louse","floor":4,"turns":2},{"damage":43,"enemies":"Gremlin Nob","floor":7,"turns":4},{"damage":13,"enemies":"Lagavulin","floor":10,"turns":6},{"damage":9,"enemies":"Red Slaver","floor":11,"turns":3},{"damage":11,"enemies":"Exordium Wildlife","floor":12,"turns":3},{"damage":10,"enemies":"2 Fungi Beasts","floor":14,"turns":4},{"damage":49,"enemies":"Hexaghost","floor":16,"turns":14}],"seed_played":"8019609197281645491","potions_obtained":[{"floor":4,"key":"Fire Potion"},{"floor":7,"key":"Ancient Potion"},{"floor":10,"key":"PotionOfCapacity"},{"floor":11,"key":"FearPotion"},{"floor":14,"key":"Block Potion"}],"is_trial":false,"path_per_floor":["M","M","?","M","T","R","E","?","T","E","M","M","R","M","R","B"],"character_chosen":"DEFECT","items_purchased":[],"campfire_rested":1,"item_purchase_floors":[],"current_hp_per_floor":[77,75,75,75,75,75,34,34,41,30,23,19,46,38,38,0,0],"gold":179,"neow_bonus":"TWENTY_PERCENT_HP_BONUS","is_daily":false,"chose_seed":false,"campfire_upgraded":2,"win_rate":0.0,"timestamp":1612650666,"path_taken":["M","M","?","M","?","R","E","?","T","E","M","M","R","?","R","BOSS"],"items_purchased_type":[],"build_version":"2020-12-18","purchased_purges":0,"victory":false,"max_hp_per_floor":[85,85,85,85,85,85,85,85,92,92,92,92,92,92,92,92,92],"card_choices":[{"not_picked":["Compile Driver","Reprogram"],"picked":"Steam","floor":1},{"not_picked":["White Noise","Skim"],"picked":"Streamline","floor":2},{"not_picked":["Turbo","Static Discharge"],"picked":"Gash","floor":4},{"not_picked":["Thunder Strike","Sweeping Beam"],"picked":"Glacier","floor":7},{"not_picked":["Reprogram","Conserve Battery","Beam Cell"],"picked":"Barrage","floor":10},{"not_picked":["Gash","Rebound","Doom and Gloom"],"picked":"Cold Snap","floor":11},{"not_picked":["Go for the Eyes","Streamline","Auto Shields"],"picked":"Coolheaded","floor":12},{"not_picked":["Leap","Auto Shields","Aggregate"],"picked":"Undo","floor":14}],"player_experience":1085301,"relics_obtained":[{"floor":5,"key":"Blood Vial"},{"floor":7,"key":"Question Card"},{"floor":9,"key":"Strawberry"},{"floor":10,"key":"Toy Ornithopter"}],"event_choices":[{"damage_healed":0,"gold_gain":0,"player_choice":"Ignored","damage_taken":0,"max_hp_gain":0,"max_hp_loss":0,"event_name":"Liars Game","floor":3,"gold_loss":0},{"damage_healed":0,"gold_gain":0,"player_choice":"Upgraded","damage_taken":0,"max_hp_gain":0,"max_hp_loss":0,"event_name":"Upgrade Shrine","floor":8,"gold_loss":0,"cards_upgraded":["Dualcast"]}],"is_beta":true,"boss_relics":[],"items_purged_floors":[],"is_endless":false,"potions_floor_spawned":[4,7,10,11,14],"killed_by":"Hexaghost","ascension_level":20}}