{"host":"2lo6hma6kymb0g9i","time":1612629711,"event":{"mods":["BaseMod","Colored Map","DeckTracker","Minty Spire (QoL Compilation)"],"gold_per_floor":[113,126,126,126,97,97,97,130,130,130,130],"floor_reached":10,"language":"JPN","playtime":453,"items_purged":[],"score":128,"play_id":"166450b2-e9a8-48aa-a4cf-ef812e3a1725","local_time":"20210207014151","is_ascension_mode":true,"campfire_choices":[{"data":"Apotheosis","floor":6.0,"key":"SMITH"}],"circlet_count":0,"master_deck":["AscendersBane","Strike_B","Strike_B","Defend_B","Defend_B","Defend_B","Defend_B+1","Dualcast+1","Apotheosis+1","Melter","Glacier","Barrage"],"relics":["Cracked Core","War Paint"],"acts_visited":["Exordium"],"potions_floor_usage":[],"damage_taken":[{"damage":0.0,"enemies":"Jaw Worm","floor":1.0,"turns":4.0},{"damage":7.0,"enemies":"Small Slimes","floor":2.0,"turns":3.0},{"damage":2.0,"enemies":"Lagavulin","floor":8.0,"turns":9.0},{"damage":30,"enemies":"Gremlin Nob","floor":10,"turns":3}],"seed_played":"-9123464529014106788","potions_obtained":[],"is_trial":false,"path_per_floor":["M","M","?","?","$","R","?","E","T","E"],"character_chosen":"DEFECT","items_purchased":["Barrage"],"campfire_rested":0,"item_purchase_floors":[5],"current_hp_per_floor":[46,39,32,32,32,32,32,30,30,0,0],"gold":130,"neow_bonus":"RANDOM_COLORLESS_2","is_daily":false,"chose_seed":false,"campfire_upgraded":1,"win_rate":0.0,"timestamp":1612629711,"path_taken":["M","M","?","?","$","R","?","E","T","E"],"items_purchased_type":["Card"],"build_version":"2020-12-22","purchased_purges":0,"victory":false,"max_hp_per_floor":[71,71,71,71,71,71,71,71,71,71,71],"card_choices":[{"not_picked":["Sadistic Nature","Thinking Ahead"],"picked":"Apotheosis","floor":0.0},{"not_picked":["Ball Lightning","BootSequence"],"picked":"Melter","floor":1.0},{"not_picked":["Gash","Conserve Battery"],"picked":"Glacier","floor":2.0},{"not_picked":["Heatsinks","Lockon","Thunder Strike"],"picked":"SKIP","floor":8.0}],"player_experience":1134531,"relics_obtained":[{"floor":8.0,"key":"War Paint"}],"event_choices":[{"cards_removed":["Strike_B"],"damage_healed":0.0,"max_hp_gain":0.0,"max_hp_loss":0.0,"gold_gain":0.0,"event_name":"Golden Wing","player_choice":"Card Removal","floor":3.0,"gold_loss":0.0,"damage_taken":7.0},{"cards_removed":["Zap"],"damage_healed":0.0,"max_hp_gain":0.0,"max_hp_loss":0.0,"gold_gain":0.0,"event_name":"Living Wall","player_choice":"Forget","floor":4.0,"gold_loss":0.0,"damage_taken":0.0},{"cards_removed":["Strike_B"],"damage_healed":0.0,"max_hp_gain":0.0,"max_hp_loss":0.0,"gold_gain":0.0,"event_name":"Bonfire Elementals","player_choice":"Offered Basic","floor":7.0,"gold_loss":0.0,"damage_taken":0.0}],"is_beta":false,"boss_relics":[],"items_purged_floors":[],"is_endless":false,"potions_floor_spawned":[],"killed_by":"Gremlin Nob","ascension_level":20}}