{"host":"hszimsrtxxc2k25w","time":1612596458,"event":{"mods":["AchievementEnabler","BaseMod","Colored Map","DeckTracker","Minty Spire (QoL Compilation)","Rare Cards Sparkle","SuperFastMode"],"gold_per_floor":[114,114,132,142,67,67,37,56,81,6,21,21,35,49,49,49,49],"floor_reached":16,"language":"KOR","playtime":460,"items_purged":["Strike_G"],"score":188,"play_id":"bba8b61b-168b-49d2-a709-141023244021","local_time":"20210206162738","is_ascension_mode":true,"campfire_choices":[{"data":"Acrobatics","floor":6.0,"key":"SMITH"},{"floor":12.0,"key":"REST"},{"floor":15.0,"key":"REST"}],"circlet_count":0,"master_deck":["AscendersBane","Strike_G","Strike_G","Defend_G","Defend_G","Defend_G","Defend_G","Defend_G","Survivor","Neutralize","Grand Finale","Acrobatics+1","Backflip","Dagger Spray","Dagger Throw"],"relics":["Ring of the Snake","Tiny Chest"],"acts_visited":["Exordium"],"potions_floor_usage":[16],"damage_taken":[{"damage":2.0,"enemies":"Jaw Worm","floor":1.0,"turns":5.0},{"damage":2.0,"enemies":"Small Slimes","floor":3.0,"turns":5.0},{"damage":0.0,"enemies":"2 Louse","floor":4.0,"turns":2.0},{"damage":3.0,"enemies":"Looter","floor":8.0,"turns":3.0},{"damage":40.0,"enemies":"Exordium Thugs","floor":11.0,"turns":6.0},{"damage":0.0,"enemies":"Blue Slaver","floor":13.0,"turns":2.0},{"damage":3.0,"enemies":"Looter","floor":14.0,"turns":5.0},{"damage":18,"enemies":"Slime Boss","floor":16,"turns":5}],"seed_played":"-1494545211352006757","potions_obtained":[{"floor":8.0,"key":"Regen Potion"},{"floor":11.0,"key":"Weak Potion"},{"floor":14.0,"key":"DistilledChaos"}],"is_trial":false,"path_per_floor":["M","?","M","M","$","R","$","M","T","?","M","R","M","M","R","B"],"character_chosen":"THE_SILENT","items_purchased":["Dagger Spray"],"campfire_rested":2,"item_purchase_floors":[7],"current_hp_per_floor":[57,50,48,48,48,48,48,45,45,45,5,23,23,20,38,20,20],"gold":49,"neow_bonus":"THREE_RARE_CARDS","is_daily":false,"chose_seed":false,"campfire_upgraded":1,"win_rate":0.0,"timestamp":1612596458,"path_taken":["M","?","M","M","$","R","$","M","T","?","M","R","M","M","R","BOSS"],"items_purchased_type":["Card"],"build_version":"2020-12-22","purchased_purges":1,"victory":false,"max_hp_per_floor":[60,60,60,60,60,60,60,60,60,60,60,60,60,60,60,60,60],"card_choices":[{"not_picked":["Corpse Explosion","Wraith Form v2"],"picked":"Grand Finale","floor":0.0},{"not_picked":["Quick Slash","Calculated Gamble"],"picked":"Acrobatics","floor":1.0},{"not_picked":["Cloak And Dagger","Deadly Poison"],"picked":"Backflip","floor":3.0},{"not_picked":["Bouncing Flask","Poisoned Stab","Deflect"],"picked":"SKIP","floor":4.0},{"not_picked":["Deflect","Blade Dance","Outmaneuver"],"picked":"SKIP","floor":8.0},{"not_picked":["Dagger Spray","Cloak And Dagger"],"picked":"Dagger Throw","floor":11.0},{"not_picked":["Terror","Doppelganger","Dagger Spray"],"picked":"SKIP","floor":13.0},{"not_picked":["Outmaneuver","Underhanded Strike","Backflip"],"picked":"SKIP","floor":14.0}],"player_experience":670781,"relics_obtained":[{"floor":9.0,"key":"Tiny Chest"}],"event_choices":[{"cards_removed":["Strike_G"],"damage_healed":0.0,"max_hp_gain":0.0,"max_hp_loss":0.0,"gold_gain":0.0,"event_name":"Golden Wing","player_choice":"Card Removal","floor":2.0,"gold_loss":0.0,"damage_taken":7.0},{"cards_removed":["Strike_G"],"damage_healed":0.0,"max_hp_gain":0.0,"max_hp_loss":0.0,"gold_gain":0.0,"event_name":"The Cleric","player_choice":"Card Removal","floor":10.0,"gold_loss":75.0,"damage_taken":0.0}],"is_beta":false,"boss_relics":[],"items_purged_floors":[5],"is_endless":false,"potions_floor_spawned":[8,11,14],"killed_by":"Slime Boss","ascension_level":20}}