{"host":"flk9eme3n59cnu2c","time":1612588625,"event":{"mods":["A Penny For Your Troubles","AchievementEnabler","BaseMod","Better-Laid Plans","Block Reminder","Colored Map","Googly Eyes","Minty Spire (QoL Compilation)","RNG Fix","Rare Cards Sparkle","Relic Stats","Reorder Act Four","Slay-I","StSLib","Weighted Paths"],"gold_per_floor":[118,135,185,203,219,219,249,249,274,292,292,217,234,263,263,338,338,351,351,364,364,364,364,37,37,87,87,122,136,167,167,167],"floor_reached":31,"language":"ENG","playtime":1139,"items_purged":["Strike_G"],"score":513,"play_id":"2d44529a-0724-4038-af3d-4758ae7aab60","local_time":"20210205231705","is_ascension_mode":true,"campfire_choices":[{"data":"PiercingWail","floor":6.0,"key":"SMITH"},{"data":"Bouncing Flask","floor":11,"key":"SMITH"},{"floor":15,"key":"REST"},{"floor":23,"key":"REST"},{"data":"Footwork","floor":27,"key":"SMITH"}],"circlet_count":0,"master_deck":["AscendersBane","Defend_G+1","Defend_G+1","Defend_G+1","Defend_G+1","Defend_G+1","Survivor","Neutralize","PiercingWail+1","Deadly Poison","Bouncing Flask+1","Escape Plan","Leg Sweep","Catalyst+1","Doppelganger","Storm of Steel+1","Escape Plan+1","Predator+1","Cloak And Dagger","Necronomicurse","Footwork+1","Accuracy","Adrenaline"],"relics":["Ring of the Snake","NeowsBlessing","Ginger","Nunchaku","Unceasing Top","Astrolabe","Necronomicon","TwistedFunnel","Juzu Bracelet","Vajra","Red Mask"],"acts_visited":["Exordium","TheCity"],"potions_floor_usage":[14,16,30,31],"damage_taken":[{"damage":0.0,"enemies":"Jaw Worm","floor":1.0,"turns":1.0},{"damage":0.0,"enemies":"Cultist","floor":2.0,"turns":1.0},{"damage":0.0,"enemies":"2 Louse","floor":4.0,"turns":1.0},{"damage":6.0,"enemies":"2 Fungi Beasts","floor":5.0,"turns":4.0},{"damage":20,"enemies":"Lagavulin","floor":7,"turns":8},{"damage":3,"enemies":"3 Louse","floor":10,"turns":5},{"damage":1,"enemies":"Looter","floor":13,"turns":3},{"damage":24,"enemies":"Gremlin Nob","floor":14,"turns":4},{"damage":12,"enemies":"The Guardian","floor":16,"turns":12},{"damage":10,"enemies":"3 Byrds","floor":18,"turns":5},{"damage":0,"enemies":"2 Thieves","floor":20,"turns":5},{"damage":14,"enemies":"Book of Stabbing","floor":28,"turns":6},{"damage":0,"enemies":"3 Cultists","floor":29,"turns":4},{"damage":4,"enemies":"Masked Bandits","floor":30,"turns":3},{"damage":46,"enemies":"Slavers","floor":31,"turns":5}],"seed_played":"1482149301319301322","potions_obtained":[{"floor":5.0,"key":"LiquidBronze"},{"floor":7,"key":"FearPotion"},{"floor":16,"key":"Regen Potion"},{"floor":18,"key":"Fire Potion"}],"is_trial":false,"path_per_floor":["M","M","?","M","M","R","E","?","T","M","R","?","M","E","R","B",null,"M","?","M","?","?","R","$","?","T","R","E","M","?","E"],"character_chosen":"THE_SILENT","items_purchased":["Footwork","TwistedFunnel"],"campfire_rested":2,"item_purchase_floors":[24,24],"current_hp_per_floor":[59,59,59,59,53,53,33,33,33,30,30,30,29,5,24,12,53,43,43,43,22,22,41,41,41,41,41,27,27,23,0,0],"gold":167,"neow_bonus":"THREE_ENEMY_KILL","is_daily":false,"chose_seed":false,"campfire_upgraded":3,"win_rate":0.0,"timestamp":1612588625,"path_taken":["M","M","?","?","M","R","E","?","T","?","R","?","M","E","R","BOSS","M","?","?","?","?","R","$","?","T","R","E","M","?","E"],"items_purchased_type":["Card","Relic"],"build_version":"2020-12-22","purchased_purges":1,"victory":false,"max_hp_per_floor":[66,66,66,66,66,66,66,66,66,66,66,66,66,66,66,66,66,66,66,66,66,66,66,66,66,66,66,66,66,66,66,66],"relic_stats":{"Nunchaku":[8],"counters":[15,67],"Astrolabe":["Storm of Steel","Escape Plan","Predator"],"Necronomicon":[5],"Juzu Bracelet":0,"Ginger":[10],"obtain_stats":[{"TwistedFunnel":24,"Nunchaku":9,"NeowsBlessing":0,"Astrolabe":17,"Vajra":28,"Necronomicon":21,"Juzu Bracelet":26,"Red Mask":30,"Ginger":7,"Unceasing Top":14,"Ring of the Snake":0},{"TwistedFunnel":11,"Nunchaku":5,"NeowsBlessing":0,"Astrolabe":9,"Vajra":12,"Necronomicon":11,"Juzu Bracelet":11,"Red Mask":14,"Ginger":5,"Unceasing Top":8,"Ring of the Snake":0},{"TwistedFunnel":49,"Nunchaku":15,"NeowsBlessing":0,"Astrolabe":39,"Vajra":55,"Necronomicon":49,"Juzu Bracelet":49,"Red Mask":62,"Ginger":15,"Unceasing Top":27,"Ring of the Snake":0}],"Unceasing Top":[16],"Ring of the Snake":[30]},"card_choices":[{"not_picked":["Slice","Infinite Blades"],"picked":"PiercingWail","floor":1.0},{"not_picked":["Cloak And Dagger","Riddle With Holes"],"picked":"Deadly Poison","floor":2.0},{"not_picked":["Outmaneuver","Acrobatics"],"picked":"Bouncing Flask","floor":4.0},{"not_picked":["Concentrate","Calculated Gamble","PiercingWail"],"picked":"SKIP","floor":5.0},{"not_picked":["Cloak And Dagger","Distraction"],"picked":"Escape Plan","floor":7},{"not_picked":["PiercingWail","Eviscerate","Dagger Throw"],"picked":"SKIP","floor":10},{"not_picked":["Deadly Poison","Prepared"],"picked":"Leg Sweep","floor":13},{"not_picked":["Deflect","Accuracy"],"picked":"Catalyst","floor":14},{"not_picked":["A Thousand Cuts","Grand Finale"],"picked":"Doppelganger","floor":16},{"not_picked":["Flying Knee","Underhanded Strike","Slice"],"picked":"SKIP","floor":18},{"not_picked":["Dagger Spray","Outmaneuver"],"picked":"Cloak And Dagger","floor":20},{"not_picked":["Slice","Setup"],"picked":"Accuracy","floor":28},{"not_picked":["Underhanded Strike","Calculated Gamble","PiercingWail"],"picked":"SKIP","floor":29},{"not_picked":["Bane","Poisoned Stab"],"picked":"Adrenaline","floor":30}],"player_experience":922347,"relics_obtained":[{"floor":7,"key":"Ginger"},{"floor":9,"key":"Nunchaku"},{"floor":14,"key":"Unceasing Top"},{"floor":21,"key":"Necronomicon"},{"floor":26,"key":"Juzu Bracelet"},{"floor":28,"key":"Vajra"},{"floor":30,"key":"Red Mask"}],"event_choices":[{"damage_healed":0.0,"max_hp_gain":0.0,"max_hp_loss":0.0,"gold_gain":50.0,"event_name":"Golden Shrine","player_choice":"Pray","floor":3.0,"gold_loss":0.0,"damage_taken":0.0},{"damage_healed":0,"gold_gain":0,"player_choice":"Searched \u00271\u0027 times","damage_taken":0,"max_hp_gain":0,"max_hp_loss":0,"event_name":"Dead Adventurer","floor":8,"gold_loss":0},{"cards_removed":["Strike_G"],"damage_healed":0,"gold_gain":0,"player_choice":"Card Removal","damage_taken":0,"max_hp_gain":0,"max_hp_loss":0,"event_name":"The Cleric","floor":12,"gold_loss":75},{"damage_healed":0,"gold_gain":0,"player_choice":"Upgraded","damage_taken":0,"max_hp_gain":0,"max_hp_loss":0,"event_name":"Upgrade Shrine","floor":19,"gold_loss":0,"cards_upgraded":["Catalyst"]},{"damage_healed":0,"gold_gain":0,"player_choice":"Obtained Book","damage_taken":21,"max_hp_gain":0,"max_hp_loss":0,"event_name":"Cursed Tome","floor":21,"gold_loss":0},{"damage_healed":0,"gold_gain":0,"player_choice":"Ignored","damage_taken":0,"max_hp_gain":0,"max_hp_loss":0,"event_name":"Vampires","floor":22,"gold_loss":0},{"damage_healed":0,"gold_gain":0,"player_choice":"Simplicity","damage_taken":0,"max_hp_gain":0,"max_hp_loss":0,"event_name":"Back to Basics","floor":25,"gold_loss":0,"cards_upgraded":["Defend_G","Defend_G","Defend_G","Defend_G","Defend_G"]},{"damage_healed":0,"gold_gain":0,"player_choice":"Fought Bandits","damage_taken":0,"max_hp_gain":0,"max_hp_loss":0,"event_name":"Masked Bandits","floor":30,"gold_loss":0}],"is_beta":false,"boss_relics":[{"not_picked":["SacredBark","Black Star"],"picked":"Astrolabe"}],"items_purged_floors":[24],"is_endless":false,"potions_floor_spawned":[5,7,16,18,20],"killed_by":"Slavers","ascension_level":19}}