{"host":"qxeepl7ydvsgmfdb","time":1612615741,"event":{"mods":["AchievementEnabler","BaseMod","Colored Powertips","Minty Spire (QoL Compilation)","Quick Restart","slay the spire mod where everything is the same but ironclad has a cowboy hat"],"gold_per_floor":[119,294,294,244,244,272,272,307,307,340,354,371,388,404,404,507,507,525,525,624,624,634,659,343,356,356,0,31,31,59,59,59],"floor_reached":31,"language":"ENG","playtime":1599,"items_purged":["Strike_B"],"score":433,"play_id":"c307dc39-1fd1-4ca3-a6d2-d4a3a63455a4","local_time":"20210206074901","is_ascension_mode":true,"campfire_choices":[{"floor":7.0,"key":"REST"},{"floor":15.0,"key":"REST"},{"floor":29,"key":"REST"}],"circlet_count":0,"master_deck":["Strike_B","Strike_B","Strike_B+1","Defend_B","Defend_B","Defend_B","Defend_B","Zap","Dualcast","Redo+1","Ball Lightning","Melter","Cold Snap","Chill+1","Cold Snap","Auto Shields+1","Zap+1","Conserve Battery+1","Chill+1","Cold Snap+1"],"relics":["Cracked Core","NeowsBlessing","Toy Ornithopter","Centennial Puzzle","Lizard Tail","HornCleat","Toxic Egg 2","SlaversCollar","Ancient Tea Set","Matryoshka","Potion Belt","Boot","Membership Card","Thread and Needle","Singing Bowl","TungstenRod"],"acts_visited":["Exordium","TheCity"],"potions_floor_usage":[23,23,25,28,30],"damage_taken":[{"damage":0.0,"enemies":"2 Louse","floor":1.0,"turns":1.0},{"damage":0.0,"enemies":"Lagavulin","floor":6.0,"turns":1.0},{"damage":0.0,"enemies":"3 Sentries","floor":8.0,"turns":1.0},{"damage":33.0,"enemies":"Gremlin Nob","floor":10.0,"turns":4.0},{"damage":0.0,"enemies":"Small Slimes","floor":11.0,"turns":2.0},{"damage":5.0,"enemies":"Jaw Worm","floor":12.0,"turns":2.0},{"damage":8.0,"enemies":"Blue Slaver","floor":13.0,"turns":2.0},{"damage":1.0,"enemies":"2 Fungi Beasts","floor":14.0,"turns":2.0},{"damage":23.0,"enemies":"Slime Boss","floor":16.0,"turns":9.0},{"damage":10.0,"enemies":"Chosen","floor":18.0,"turns":4.0},{"damage":10.0,"enemies":"Shell Parasite","floor":22.0,"turns":4.0},{"damage":42,"enemies":"Gremlin Leader","floor":23,"turns":7},{"damage":26,"enemies":"Centurion and Healer","floor":25,"turns":11},{"damage":8,"enemies":"Book of Stabbing","floor":28,"turns":6},{"damage":52,"enemies":"Slavers","floor":30,"turns":8},{"damage":50,"enemies":"Cultist and Chosen","floor":31,"turns":8}],"seed_played":"7106411420311605561","potions_obtained":[{"floor":10.0,"key":"Strength Potion"},{"floor":11.0,"key":"GamblersBrew"},{"floor":14.0,"key":"AttackPotion"},{"floor":16.0,"key":"Block Potion"},{"floor":25,"key":"Weak Potion"},{"floor":28,"key":"PotionOfCapacity"}],"is_trial":false,"path_per_floor":["M","?","?","?","?","E","R","E","T","E","M","M","M","M","R","B",null,"M","?","?","?","M","E","$","M","T","$","E","R","E","M"],"character_chosen":"DEFECT","items_purchased":["Matryoshka","Membership Card","Thread and Needle","FairyPotion"],"campfire_rested":3,"item_purchase_floors":[24,27,27,27],"current_hp_per_floor":[75,75,57,57,42,42,64,64,64,31,31,26,18,17,39,21,75,65,49,49,49,39,7,7,37,37,37,36,59,12,0,0],"gold":59,"neow_bonus":"THREE_ENEMY_KILL","is_daily":false,"chose_seed":false,"campfire_upgraded":0,"win_rate":0.0,"timestamp":1612615741,"path_taken":["M","?","?","?","?","E","R","E","T","E","M","M","M","?","R","BOSS","M","?","?","?","M","E","$","?","T","$","E","R","E","M"],"items_purchased_type":["Relic","Relic","Relic","Potion"],"build_version":"2020-12-22","purchased_purges":1,"victory":false,"max_hp_per_floor":[75,75,75,75,75,75,75,75,75,75,75,75,75,75,75,75,75,75,75,75,75,75,75,75,75,75,75,77,77,77,77,77],"card_choices":[{"not_picked":["Stack","Sweeping Beam"],"picked":"Redo","floor":1.0},{"not_picked":["BootSequence","Hologram"],"picked":"Ball Lightning","floor":6.0},{"not_picked":["Biased Cognition","Rebound"],"picked":"Melter","floor":8.0},{"not_picked":["Compile Driver","Ball Lightning"],"picked":"Cold Snap","floor":10.0},{"not_picked":["Barrage","Streamline","Lockon"],"picked":"SKIP","floor":11.0},{"not_picked":["Skim+1","Hyperbeam","Recycle+1"],"picked":"SKIP","floor":12.0},{"not_picked":["Barrage","Go for the Eyes","Streamline"],"picked":"SKIP","floor":13.0},{"not_picked":["Leap+1","Hello World"],"picked":"Chill+1","floor":14.0},{"not_picked":["Turbo+1","Barrage"],"picked":"Cold Snap","floor":18.0},{"not_picked":["Heatsinks","Stack+1","Aggregate+1"],"picked":"SKIP","floor":22.0},{"not_picked":["Storm","Hologram+1"],"picked":"Conserve Battery+1","floor":23},{"not_picked":["Stack+1","Machine Learning"],"picked":"Chill+1","floor":25},{"not_picked":["Steam Power+1","Turbo+1","Compile Driver"],"picked":"Singing Bowl","floor":28},{"not_picked":["Coolheaded+1","Stack+1"],"picked":"Cold Snap+1","floor":30}],"player_experience":177383,"relics_obtained":[{"floor":6.0,"key":"Centennial Puzzle"},{"floor":8.0,"key":"Lizard Tail"},{"floor":9.0,"key":"HornCleat"},{"floor":10.0,"key":"Toxic Egg 2"},{"floor":23,"key":"Ancient Tea Set"},{"floor":26,"key":"Potion Belt"},{"floor":26,"key":"Boot"},{"floor":28,"key":"Singing Bowl"},{"floor":30,"key":"TungstenRod"}],"event_choices":[{"damage_healed":0.0,"max_hp_gain":0.0,"max_hp_loss":0.0,"gold_gain":175.0,"event_name":"Liars Game","player_choice":"AGREE","floor":2.0,"gold_loss":0.0,"damage_taken":0.0,"cards_obtained":["Doubt"]},{"damage_healed":0.0,"max_hp_gain":0.0,"max_hp_loss":0.0,"gold_gain":0.0,"event_name":"Scrap Ooze","player_choice":"Success","floor":3.0,"gold_loss":0.0,"damage_taken":18.0,"relics_obtained":["Toy Ornithopter"]},{"cards_removed":["Doubt"],"damage_healed":0.0,"max_hp_gain":0.0,"max_hp_loss":0.0,"gold_gain":0.0,"event_name":"The Cleric","player_choice":"Card Removal","floor":4.0,"gold_loss":50.0,"damage_taken":0.0},{"damage_healed":0.0,"max_hp_gain":0.0,"max_hp_loss":0.0,"gold_gain":0.0,"event_name":"Shining Light","player_choice":"Entered Light","floor":5.0,"gold_loss":0.0,"damage_taken":15.0,"cards_upgraded":["Strike_B","Redo"]},{"damage_healed":0.0,"max_hp_gain":0.0,"max_hp_loss":0.0,"gold_gain":0.0,"event_name":"Cursed Tome","player_choice":"Obtained Book","floor":19.0,"gold_loss":0.0,"damage_taken":16.0},{"damage_healed":0.0,"max_hp_gain":0.0,"max_hp_loss":0.0,"gold_gain":99.0,"event_name":"Nest","player_choice":"Stole From Cult","floor":20.0,"gold_loss":0.0,"damage_taken":0.0},{"damage_healed":0.0,"max_hp_gain":0.0,"max_hp_loss":0.0,"gold_gain":0.0,"event_name":"Match and Keep!","player_choice":"2 cards matched","floor":21.0,"gold_loss":0.0,"damage_taken":0.0,"cards_obtained":["Auto Shields","Zap"]}],"is_beta":false,"boss_relics":[{"not_picked":["Runic Dome","Ectoplasm"],"picked":"SlaversCollar"}],"items_purged_floors":[24],"is_endless":false,"potions_floor_spawned":[10,11,14,16,22,25,28],"killed_by":"Cultist and Chosen","ascension_level":4}}