{"host":"9r21pjsoidsmrzpr","time":1612646572,"event":{"mods":["AchievementEnabler","BaseMod","Hermit","Minty Spire (QoL Compilation)","Reliquary","Replay The Spire","StSLib","The Disciple","The Hierophant","The Runesmith"],"gold_per_floor":[119,119,135,135,135,169,169,182,182,107,136,136,154,174,174,276,276,288,203,143,143,176,176,176,176],"floor_reached":24,"language":"ENG","playtime":3825,"items_purged":["hermit:Defend_Hermit"],"score":229,"play_id":"9be0d44d-b754-49be-9712-a74745830940","local_time":"20210207002252","is_ascension_mode":false,"campfire_choices":[{"data":"hermit:Glare","floor":7.0,"key":"SMITH"},{"floor":23,"key":"RECALL"}],"circlet_count":0,"master_deck":["hermit:Strike_Hermit","hermit:Strike_Hermit","hermit:Strike_Hermit+1","hermit:Defend_Hermit","hermit:Defend_Hermit","hermit:Snapshot+1","hermit:Headshot","hermit:Grudge+1","hermit:Ricochet","hermit:Glare+1","hermit:Dive","hermit:Horror","hermit:Quickdraw","hermit:DeadOrAlive","hermit:Snipe","hermit:FullyLoaded","hermit:Malice","hermit:Ricochet"],"relics":["hermit:Momento","NeowsBlessing","Meat on the Bone","reliquary:RoseTintedGlasses","Replay:Wax Seal","Ring of Chaos","reliquary:FerryPass"],"acts_visited":["Exordium","TheCity"],"potions_floor_usage":[],"damage_taken":[{"damage":0.0,"enemies":"2 Louse","floor":1.0,"turns":1.0},{"damage":0.0,"enemies":"Jaw Worm","floor":3.0,"turns":1.0},{"damage":0.0,"enemies":"3 Sentries","floor":6.0,"turns":1.0},{"damage":0.0,"enemies":"Cultist","floor":8.0,"turns":2.0},{"damage":29.0,"enemies":"Lagavulin","floor":11.0,"turns":5.0},{"damage":0.0,"enemies":"Looter","floor":13.0,"turns":2.0},{"damage":0.0,"enemies":"Blue Slaver","floor":14.0,"turns":2.0},{"damage":27.0,"enemies":"Fading Forest","floor":16.0,"turns":11.0},{"damage":12,"enemies":"Shell Parasite","floor":18,"turns":4},{"damage":26,"enemies":"Spheric Guardian","floor":22,"turns":4},{"damage":43,"enemies":"Slavers","floor":24,"turns":3}],"seed_played":"8833982184128199974","potions_obtained":[{"floor":6.0,"key":"Reflective Coating"},{"floor":8.0,"key":"Doom Potion"},{"floor":13.0,"key":"ColorlessPotion"},{"floor":18,"key":"Weak Potion"}],"is_trial":false,"path_per_floor":["M","?","M","?","?","E","R","M","T","$","E","$","M","M","R","B",null,"M","?","?","$","M","R","E"],"character_chosen":"HERMIT","items_purchased":[],"campfire_rested":0,"item_purchase_floors":[],"current_hp_per_floor":[75,75,75,75,60,60,60,60,60,60,43,43,43,43,43,38,75,63,63,63,63,49,49,6,6],"gold":176,"neow_bonus":"THREE_ENEMY_KILL","is_daily":false,"chose_seed":false,"campfire_upgraded":1,"win_rate":0.0,"timestamp":1612646572,"path_taken":["M","?","M","?","?","E","R","?","T","$","E","$","M","M","R","BOSS","M","?","?","$","?","R","E"],"items_purchased_type":[],"build_version":"2020-12-22","purchased_purges":1,"victory":false,"max_hp_per_floor":[75,75,75,75,75,75,75,75,75,75,75,75,75,75,75,75,75,75,75,75,75,75,75,75,75],"card_choices":[{"not_picked":["hermit:NoHoldsBarred","hermit:Malice"],"picked":"hermit:Headshot","floor":1.0},{"not_picked":["hermit:Vantage","hermit:CalledShot"],"picked":"hermit:Ricochet","floor":3.0},{"not_picked":["hermit:Brawl","hermit:FullyLoaded"],"picked":"hermit:Glare","floor":6.0},{"not_picked":["hermit:Enervate","hermit:WideOpen"],"picked":"hermit:Dive","floor":8.0},{"not_picked":["hermit:Magnum","hermit:HighNoon","hermit:Desperado"],"picked":"SKIP","floor":11.0},{"not_picked":["hermit:SprayPray","hermit:Vantage"],"picked":"hermit:Horror","floor":13.0},{"not_picked":["hermit:Headshot","hermit:TrackingShot"],"picked":"hermit:Quickdraw","floor":14.0},{"not_picked":["hermit:FatalDesire","hermit:FromBeyond"],"picked":"hermit:DeadOrAlive","floor":16.0},{"not_picked":["hermit:SprayPray","hermit:Ricochet+1"],"picked":"hermit:Snipe","floor":18},{"not_picked":["hermit:TakeCover","hermit:FlashPowder+1"],"picked":"hermit:Ricochet","floor":22}],"player_experience":697965,"relics_obtained":[{"floor":6.0,"key":"Meat on the Bone"},{"floor":11.0,"key":"reliquary:RoseTintedGlasses"}],"event_choices":[{"damage_healed":0.0,"max_hp_gain":0.0,"max_hp_loss":0.0,"gold_gain":0.0,"event_name":"Liars Game","player_choice":"Ignored","floor":4.0,"gold_loss":0.0,"damage_taken":0.0},{"damage_healed":0.0,"max_hp_gain":0.0,"max_hp_loss":0.0,"gold_gain":0.0,"event_name":"Shining Light","player_choice":"Entered Light","floor":5.0,"gold_loss":0.0,"damage_taken":15.0,"cards_upgraded":["hermit:Snapshot","hermit:Strike_Hermit"]},{"damage_healed":0.0,"max_hp_gain":0.0,"max_hp_loss":0.0,"gold_gain":0.0,"event_name":"WeMeetAgain","player_choice":"Gave Potion","floor":15.0,"gold_loss":0.0,"damage_taken":0.0,"relics_obtained":["Replay:Wax Seal"]},{"damage_healed":0,"gold_gain":0,"player_choice":"Obtained Relic","damage_taken":0,"relics_obtained":["reliquary:FerryPass"],"max_hp_gain":0,"max_hp_loss":0,"event_name":"Addict","floor":19,"gold_loss":85},{"damage_healed":0,"gold_gain":0,"cards_transformed":["hermit:Strike_Hermit","hermit:Covet"],"player_choice":"Transformed Cards","damage_taken":0,"max_hp_gain":0,"max_hp_loss":0,"event_name":"Designer","floor":20,"gold_loss":60,"cards_obtained":["hermit:FullyLoaded","hermit:Malice"]}],"is_beta":false,"boss_relics":[{"not_picked":["reliquary:WritOfMandamus","reliquary:KinkedSpring"],"picked":"Ring of Chaos"}],"items_purged_floors":[10],"is_endless":false,"potions_floor_spawned":[6,8,13,18],"killed_by":"Slavers","ascension_level":0}}