{"host":"aqym1xxr3lb31d9m","time":1612576260,"event":{"mods":["BaseMod","Block Reminder","Colored Map","Colored Powertips","DeckTracker","Highlight Path","Minty Spire (QoL Compilation)","Quick Restart","Random Character Button","StSLib","SuperFastMode","UnlockEverythingMod"],"gold_per_floor":[109,122,122,197,197,197,227,246,246,275,275,289,269,288,288,367,367,383,298,298,309,359,359,359,359],"floor_reached":24,"language":"JPN","playtime":632,"items_purged":[],"score":458,"play_id":"f1a4154e-1102-43dd-a1cc-dcd1c1b14582","local_time":"20210206105100","is_ascension_mode":true,"campfire_choices":[{"data":"Zap","floor":6,"key":"SMITH"},{"data":"Beam Cell","floor":11,"key":"SMITH"},{"floor":15,"key":"REST"},{"data":"Sunder","floor":23,"key":"SMITH"}],"circlet_count":0,"master_deck":["AscendersBane","Strike_B","Strike_B","Strike_B","Defend_B","Defend_B","Defend_B","Defend_B","Zap+1","Dualcast","Skim","FTL","Beam Cell+1","Machine Learning","Cold Snap","Lockon","Sunder+1","Echo Form","Double Energy+1","BootSequence"],"relics":["Cracked Core","NeowsBlessing","Symbiotic Virus","InkBottle","Boot","Coffee Dripper","Thread and Needle"],"acts_visited":["Exordium","TheCity"],"potions_floor_usage":[10,16,24,24],"damage_taken":[{"damage":0,"enemies":"Small Slimes","floor":1,"turns":1},{"damage":0,"enemies":"2 Louse","floor":2,"turns":1},{"damage":0,"enemies":"3 Sentries","floor":7,"turns":1},{"damage":0,"enemies":"Cultist","floor":8,"turns":3},{"damage":5,"enemies":"Lagavulin","floor":10,"turns":6},{"damage":6,"enemies":"Looter","floor":12,"turns":3},{"damage":24,"enemies":"3 Louse","floor":14,"turns":3},{"damage":29,"enemies":"Hexaghost","floor":16,"turns":7},{"damage":15,"enemies":"3 Byrds","floor":18,"turns":4},{"damage":2,"enemies":"Spheric Guardian","floor":21,"turns":3},{"damage":26,"enemies":"Book of Stabbing","floor":24,"turns":3}],"seed_played":"-1924151327907530297","potions_obtained":[{"floor":1,"key":"Block Potion"},{"floor":7,"key":"DuplicationPotion"},{"floor":10,"key":"FearPotion"},{"floor":16,"key":"DuplicationPotion"}],"is_trial":false,"path_per_floor":["M","M","?","?","?","R","E","M","T","E","R","M","?","M","R","B",null,"M","?","?","M","?","R","E"],"character_chosen":"DEFECT","items_purchased":[],"campfire_rested":1,"item_purchase_floors":[],"current_hp_per_floor":[64,64,57,46,51,51,51,51,51,46,46,40,40,16,38,9,59,44,44,22,20,20,20,0,0],"gold":359,"neow_bonus":"THREE_ENEMY_KILL","is_daily":false,"chose_seed":false,"campfire_upgraded":3,"win_rate":0.0,"timestamp":1612576260,"path_taken":["M","M","?","?","?","R","E","M","T","E","R","M","?","M","R","BOSS","M","?","?","M","?","R","E"],"items_purchased_type":[],"build_version":"2020-12-22","purchased_purges":0,"victory":false,"max_hp_per_floor":[71,71,71,71,76,76,76,76,76,76,76,76,76,76,76,76,76,76,76,81,81,81,81,81,81],"card_choices":[{"not_picked":["Steam","Conserve Battery"],"picked":"Skim","floor":1},{"not_picked":["Ball Lightning","White Noise"],"picked":"FTL","floor":2},{"not_picked":["Gash","Steam"],"picked":"Beam Cell","floor":7},{"not_picked":["Beam Cell","Leap"],"picked":"Machine Learning","floor":8},{"not_picked":["Double Energy","Redo"],"picked":"Cold Snap","floor":10},{"not_picked":["Hologram","Storm"],"picked":"Lockon","floor":12},{"not_picked":["Lockon","Undo"],"picked":"Sunder","floor":14},{"not_picked":["Fission","Core Surge"],"picked":"Echo Form","floor":16},{"not_picked":["Sweeping Beam","Reprogram"],"picked":"Double Energy+1","floor":18},{"not_picked":["Steam","Streamline"],"picked":"BootSequence","floor":21}],"player_experience":4181803,"relics_obtained":[{"floor":7,"key":"Symbiotic Virus"},{"floor":9,"key":"InkBottle"},{"floor":10,"key":"Boot"}],"event_choices":[{"cards_removed":["Strike_B"],"damage_healed":0,"gold_gain":0,"player_choice":"Card Removal","damage_taken":7,"max_hp_gain":0,"max_hp_loss":0,"event_name":"Golden Wing","floor":3,"gold_loss":0},{"damage_healed":0,"gold_gain":75,"player_choice":"Gather Gold","damage_taken":11,"max_hp_gain":0,"max_hp_loss":0,"event_name":"World of Goop","floor":4,"gold_loss":0},{"damage_healed":0,"gold_gain":0,"player_choice":"Donut","damage_taken":0,"max_hp_gain":5,"max_hp_loss":0,"event_name":"Big Fish","floor":5,"gold_loss":0},{"damage_healed":0,"gold_gain":0,"player_choice":"Bought 1 Potion","damage_taken":0,"max_hp_gain":0,"max_hp_loss":0,"event_name":"The Woman in Blue","floor":13,"gold_loss":0},{"damage_healed":0,"gold_gain":0,"player_choice":"Obtained Relic","damage_taken":0,"relics_obtained":["Thread and Needle"],"max_hp_gain":0,"max_hp_loss":0,"event_name":"Addict","floor":19,"gold_loss":85},{"damage_healed":0,"gold_gain":0,"player_choice":"Shed Blood","damage_taken":27,"max_hp_gain":5,"max_hp_loss":0,"event_name":"Forgotten Altar","floor":20,"gold_loss":0},{"damage_healed":0,"gold_gain":50,"player_choice":"Stole From Cult","damage_taken":0,"max_hp_gain":0,"max_hp_loss":0,"event_name":"Nest","floor":22,"gold_loss":0}],"is_beta":false,"boss_relics":[{"not_picked":["FrozenCore","SlaversCollar"],"picked":"Coffee Dripper"}],"items_purged_floors":[],"is_endless":false,"potions_floor_spawned":[1,7,10,16],"killed_by":"Book of Stabbing","ascension_level":20}}