{"host":"rx3fqeecbcmic2ko","time":1612640410,"event":{"mods":["BaseMod","Better Sensory Stone","Disable Question Mark Monsters","Energized Spire","Hyrulean Relics","Minty Spire (QoL Compilation)","Quick Restart","Relic Filter","Small Relic Pack","StSLib","The Wild Card"],"gold_per_floor":[115,115,115,215,234,234,234,36,36,36,36,54,54,70,70,167,167,181,191,241,491,559,559,328,378,402,421,437,487,487,499,499,594,594,607,657,657],"floor_reached":36,"language":"ENG","playtime":921,"items_purged":[],"score":377,"play_id":"e8adfb64-13cb-472f-a189-28dc9669553c","local_time":"20210206144010","is_ascension_mode":false,"campfire_choices":[{"data":"Poisoned Stab","floor":6,"key":"SMITH"},{"data":"Noxious Fumes","floor":10,"key":"SMITH"},{"data":"Bane","floor":13,"key":"SMITH"},{"data":"Backstab","floor":15,"key":"SMITH"},{"floor":23,"key":"REST"},{"floor":30,"key":"REST"},{"floor":32,"key":"REST"}],"circlet_count":0,"master_deck":["Strike_G+1","Strike_G+1","Strike_G+1","Strike_G+1","Strike_G+1","Defend_G+1","Defend_G+1","Defend_G+1","Defend_G+1","Defend_G+1","Survivor","Neutralize","Poisoned Stab+1","Cloak And Dagger","Noxious Fumes+1","Backstab+1","Bane+1","Quick Slash","Terror","Glass Knife","Slice","Envenom","Slice","Catalyst+1","Adrenaline","relicPack:StarPlatinum","Deflect"],"relics":["Ring of the Snake","NeowsBlessing","Torii","SsserpentHead","WristBlade","Nunchaku","PreservedInsect","Pen Nib","relicPack:StarArrow"],"acts_visited":["Exordium","TheCity","TheBeyond"],"potions_floor_usage":[14,33],"damage_taken":[{"damage":0,"enemies":"2 Louse","floor":1,"turns":1},{"damage":0,"enemies":"Small Slimes","floor":5,"turns":1},{"damage":0,"enemies":"Cultist","floor":12,"turns":1},{"damage":1,"enemies":"Exordium Thugs","floor":14,"turns":4},{"damage":41,"enemies":"The Guardian","floor":16,"turns":9},{"damage":1,"enemies":"Chosen","floor":18,"turns":4},{"damage":14,"enemies":"3 Byrds","floor":19,"turns":4},{"damage":17,"enemies":"Cultist and Chosen","floor":22,"turns":6},{"damage":17,"enemies":"Sentry and Sphere","floor":27,"turns":5},{"damage":30,"enemies":"Shelled Parasite and Fungi","floor":28,"turns":5},{"damage":7,"enemies":"Chosen and Byrds","floor":31,"turns":5},{"damage":35,"enemies":"Champ","floor":33,"turns":8},{"damage":50,"enemies":"3 Darklings","floor":35,"turns":5}],"seed_played":"983156777826454957","potions_obtained":[{"floor":1,"key":"Weak Potion"},{"floor":7,"key":"Strength Potion"},{"floor":7,"key":"SpeedPotion"},{"floor":7,"key":"Dexterity Potion"},{"floor":12,"key":"GhostInAJar"},{"floor":19,"key":"Energy Potion"},{"floor":31,"key":"Poison Potion"},{"floor":33,"key":"SneckoOil"}],"is_trial":false,"path_per_floor":["M","?","?","?","M","R","?","$","T","R","?","M","R","M","R","B",null,"M","M","?","?","M","R","$","?","T","M","M","?","R","M","R","B",null,"M","?"],"character_chosen":"THE_SILENT","items_purchased":["Noxious Fumes","Backstab","Bane","Grand Finale","PreservedInsect"],"campfire_rested":3,"item_purchase_floors":[8,8,8,24,24],"current_hp_per_floor":[70,70,75,75,75,75,75,75,75,75,75,75,75,74,74,33,75,74,60,60,60,43,65,65,65,65,48,18,18,40,33,55,20,75,25,0,0],"gold":657,"neow_bonus":"THREE_ENEMY_KILL","is_daily":false,"chose_seed":false,"campfire_upgraded":4,"win_rate":0.0,"timestamp":1612640410,"path_taken":["M","?","?","?","M","R","?","?","T","R","?","M","R","M","R","BOSS","M","M","?","?","?","R","$","?","T","M","M","?","R","M","R","BOSS","M","?"],"items_purchased_type":["Card","Card","Card","Card","Relic"],"build_version":"2020-12-22","purchased_purges":0,"victory":false,"max_hp_per_floor":[70,70,75,75,75,75,75,75,75,75,75,75,75,75,75,75,75,75,75,75,75,75,75,75,75,75,75,75,75,75,75,75,75,75,75,75,75],"card_choices":[{"not_picked":["Setup","Tactician"],"picked":"Poisoned Stab","floor":1},{"not_picked":["Eviscerate","PiercingWail"],"picked":"Cloak And Dagger","floor":5},{"not_picked":["Acrobatics","Outmaneuver"],"picked":"Quick Slash","floor":12},{"not_picked":["Caltrops","Quick Slash"],"picked":"Terror","floor":14},{"not_picked":["Corpse Explosion","Tools of the Trade"],"picked":"Glass Knife","floor":16},{"not_picked":["Bane","Flying Knee"],"picked":"Slice","floor":18},{"not_picked":["Dagger Throw","Backflip","Acrobatics+1"],"picked":"SKIP","floor":19},{"not_picked":["Sucker Punch+1","Poisoned Stab"],"picked":"Envenom","floor":22},{"not_picked":["Backflip","Reflex"],"picked":"Slice","floor":27},{"not_picked":["Calculated Gamble","Eviscerate"],"picked":"Catalyst+1","floor":28},{"not_picked":["Acrobatics","Dagger Throw","Outmaneuver"],"picked":"SKIP","floor":31},{"not_picked":["Bullet Time","Tools of the Trade"],"picked":"Adrenaline","floor":33},{"not_picked":["Distraction","Outmaneuver"],"picked":"Deflect","floor":35}],"player_experience":97302,"relics_obtained":[{"floor":9,"key":"Torii"},{"floor":26,"key":"Pen Nib"}],"event_choices":[{"damage_healed":0,"gold_gain":0,"player_choice":"Leave","damage_taken":0,"max_hp_gain":0,"max_hp_loss":0,"event_name":"The Cleric","floor":2,"gold_loss":0},{"damage_healed":0,"gold_gain":0,"player_choice":"Donut","damage_taken":0,"max_hp_gain":5,"max_hp_loss":0,"event_name":"Big Fish","floor":3,"gold_loss":0},{"damage_healed":0,"gold_gain":100,"player_choice":"Pray","damage_taken":0,"max_hp_gain":0,"max_hp_loss":0,"event_name":"Golden Shrine","floor":4,"gold_loss":0},{"damage_healed":0,"gold_gain":0,"player_choice":"Got Potions","damage_taken":0,"max_hp_gain":0,"max_hp_loss":0,"event_name":"Lab","floor":7,"gold_loss":0},{"damage_healed":0,"gold_gain":0,"player_choice":"Trade","damage_taken":0,"relics_obtained":["SsserpentHead"],"max_hp_gain":0,"max_hp_loss":0,"event_name":"FaceTrader","floor":11,"gold_loss":0},{"damage_healed":0,"gold_gain":0,"player_choice":"Opened","damage_taken":0,"relics_obtained":["Nunchaku"],"max_hp_gain":0,"max_hp_loss":0,"event_name":"The Mausoleum","floor":20,"gold_loss":0},{"damage_healed":0,"gold_gain":250,"player_choice":"Bet on Owner","damage_taken":0,"max_hp_gain":0,"max_hp_loss":0,"event_name":"The Joust","floor":21,"gold_loss":50},{"damage_healed":0,"gold_gain":0,"player_choice":"Simplicity","damage_taken":0,"max_hp_gain":0,"max_hp_loss":0,"event_name":"Back to Basics","floor":25,"gold_loss":0,"cards_upgraded":["Strike_G","Strike_G","Strike_G","Strike_G","Strike_G","Defend_G","Defend_G","Defend_G","Defend_G","Defend_G"]},{"cards_removed":["Grand Finale"],"damage_healed":0,"gold_gain":0,"player_choice":"Purged","damage_taken":0,"max_hp_gain":0,"max_hp_loss":0,"event_name":"Purifier","floor":29,"gold_loss":0}],"is_beta":false,"boss_relics":[{"not_picked":["Astrolabe","relicPack:ShieldShield"],"picked":"WristBlade"},{"not_picked":["Fusion Hammer","energizedSpire:DeadBattery"],"picked":"relicPack:StarArrow"}],"items_purged_floors":[],"is_endless":false,"potions_floor_spawned":[1,12,19,31,33,35],"ascension_level":0}}