{"host":"my4gslufyvqsq7r2","time":1612586918,"event":{"mods":["BaseMod","Colored Powertips","Hubris","Infinite Spire","Minty Spire (QoL Compilation)","Replay The Spire","StSLib"],"gold_per_floor":[116,41,60,79,79,99,115,115,115,125,137,137,137,147,147,199,199,214,154,154,167,167,167],"floor_reached":22,"language":"ENG","playtime":1034,"items_purged":["Defend_G"],"score":180,"play_id":"ff683d24-efc7-4bd6-878b-c9cc907fc2c2","local_time":"20210205234838","is_ascension_mode":false,"campfire_choices":[{"data":"Cloak And Dagger","floor":8,"key":"SMITH"},{"data":"ReplayTheSpireMod:From All Sides","floor":12,"key":"SMITH"},{"data":"Heel Hook","floor":15,"key":"SMITH"}],"circlet_count":0,"master_deck":["Strike_G","Strike_G","Strike_G","Strike_G","Strike_G","Defend_G","Defend_G","Defend_G","Defend_G","Survivor","Neutralize","Backflip","Cloak And Dagger+1","ReplayTheSpireMod:From All Sides+1","Hidden Blade","Dagger Spray","Backflip","Heel Hook+1","A Thousand Cuts","Blade Dance+1","Mind Blast"],"relics":["Ring of the Snake","Boot","Bag of Marbles","hubris:Icosahedron","hubris:TerracottaHorce"],"acts_visited":["Exordium","TheCity"],"potions_floor_usage":[16],"damage_taken":[{"damage":0,"enemies":"Cultist","floor":1,"turns":4},{"damage":2,"enemies":"Small Slimes","floor":3,"turns":3},{"damage":0,"enemies":"2 Louse","floor":4,"turns":3},{"damage":1,"enemies":"Looter","floor":6,"turns":2},{"damage":1,"enemies":"Gremlin Gang","floor":7,"turns":5},{"damage":3,"enemies":"2 Fungi Beasts","floor":10,"turns":3},{"damage":0,"enemies":"Exordium Wildlife","floor":11,"turns":2},{"damage":3,"enemies":"Blue Slaver","floor":14,"turns":3},{"damage":25,"enemies":"Hexaghost","floor":16,"turns":12},{"damage":12,"enemies":"Spheric Guardian","floor":18,"turns":4},{"damage":25,"enemies":"2 Thieves","floor":21,"turns":3},{"damage":13,"enemies":"Snake Plant","floor":22,"turns":1}],"seed_played":"4759398798389356232","potions_obtained":[{"floor":1,"key":"ColorlessPotion"},{"floor":7,"key":"Strength Potion"},{"floor":11,"key":"Venom Potion"},{"floor":16,"key":"SteroidPotion"}],"is_trial":false,"path_per_floor":["M","$","M","M","?","M","M","R","T","M","M","R","?","M","R","B",null,"M","?","?","M","M"],"character_chosen":"THE_SILENT","items_purchased":[],"campfire_rested":0,"item_purchase_floors":[],"current_hp_per_floor":[70,70,68,68,68,67,66,66,66,63,63,63,63,60,60,35,61,49,49,37,12,0,0],"gold":167,"neow_bonus":"RANDOM_COMMON_RELIC","is_daily":false,"chose_seed":false,"campfire_upgraded":3,"win_rate":0.0,"timestamp":1612586918,"path_taken":["M","$","M","M","?","M","M","R","T","M","M","R","?","M","R","BOSS","M","?","?","M","M"],"items_purchased_type":[],"build_version":"2020-12-22","purchased_purges":1,"victory":false,"max_hp_per_floor":[70,70,70,70,70,70,70,70,70,70,70,70,70,70,70,70,70,70,70,70,70,70,70],"card_choices":[{"not_picked":["Sucker Punch","Predator"],"picked":"Backflip","floor":1},{"not_picked":["hubris:SlightOfHand","Prepared"],"picked":"Cloak And Dagger","floor":3},{"not_picked":["hubris:TrickCloak","Tactician"],"picked":"ReplayTheSpireMod:From All Sides","floor":4},{"not_picked":["Predator","Outmaneuver"],"picked":"Hidden Blade","floor":6},{"not_picked":["Catalyst","Sucker Punch","Outmaneuver"],"picked":"SKIP","floor":7},{"not_picked":["Bouncing Flask","Flying Knee"],"picked":"Dagger Spray","floor":10},{"not_picked":["Catalyst","Slice"],"picked":"Backflip","floor":11},{"not_picked":["Eviscerate","Underhanded Strike"],"picked":"Heel Hook","floor":14},{"not_picked":["Wraith Form v2","Atom Bomb"],"picked":"A Thousand Cuts","floor":16},{"not_picked":["Acrobatics+1","Bane"],"picked":"Blade Dance+1","floor":18},{"not_picked":["Backflip","Poisoned Stab","Deadly Poison"],"picked":"SKIP","floor":21}],"player_experience":444706,"relics_obtained":[{"floor":9,"key":"Bag of Marbles"}],"event_choices":[{"damage_healed":0,"gold_gain":0,"player_choice":"Ignored","damage_taken":0,"max_hp_gain":0,"max_hp_loss":0,"event_name":"Liars Game","floor":5,"gold_loss":0},{"damage_healed":0,"gold_gain":0,"player_choice":"CARD ","damage_taken":12,"max_hp_gain":0,"max_hp_loss":0,"event_name":"Knowing Skull","floor":20,"potions_obtained":[],"gold_loss":0,"cards_obtained":["Mind Blast"]}],"is_beta":false,"boss_relics":[{"not_picked":["Snecko Scales","Replay:Drink Me"],"picked":"hubris:TerracottaHorce"}],"items_purged_floors":[2],"is_endless":false,"potions_floor_spawned":[1,7,11,16,18],"killed_by":"Snake Plant","ascension_level":0}}