{"host":"sav7uxregyirlf69","time":1612572840,"event":{"mods":["AchievementEnabler","BaseMod","Colored Map","DeckTracker","Keyboard Shortcuts","Minty Spire (QoL Compilation)","READ ME - Guardian Mod","StSLib","SuperFastMode"],"gold_per_floor":[115,128,147,166,166,166,176,194,194,194,194,205,222,241,241,312,312,288,119,138,138,138,138,154,167,244,258,282,25,25,56,56,133,133,147,157,157,157,157,157],"floor_reached":39,"language":"KOR","playtime":783,"items_purged":["Strike_G","Defend_G"],"score":794,"play_id":"19e4949c-3ab6-4e9e-9ed7-b7fad6b40510","local_time":"20210206095400","is_ascension_mode":true,"campfire_choices":[{"data":"Neutralize","floor":6,"key":"SMITH"},{"data":"Poisoned Stab","floor":10,"key":"SMITH"},{"data":"Noxious Fumes","floor":15,"key":"SMITH"},{"floor":23,"key":"REST"},{"floor":30,"key":"REST"},{"floor":32,"key":"REST"}],"circlet_count":0,"master_deck":["AscendersBane","Strike_G","Strike_G","Strike_G","Defend_G","Defend_G","Defend_G","Defend_G","Survivor","Neutralize+1","Poisoned Stab+1","Blade Dance","Quick Slash","Leg Sweep","Noxious Fumes+1","After Image","Deadly Poison+1","Flash of Steel","Well Laid Plans+1","Catalyst","Wraith Form v2","PiercingWail"],"relics":["Ring of the Snake","CultistMask","Lizard Tail","Sozu","HornCleat","MawBank","Toolbox","Turnip","Busted Crown"],"acts_visited":["Exordium","TheCity","TheBeyond"],"potions_floor_usage":[7,16,31],"damage_taken":[{"damage":0,"enemies":"Cultist","floor":1,"turns":4},{"damage":0,"enemies":"2 Louse","floor":2,"turns":3},{"damage":3,"enemies":"Jaw Worm","floor":3,"turns":4},{"damage":9,"enemies":"2 Fungi Beasts","floor":4,"turns":4},{"damage":5,"enemies":"Exordium Wildlife","floor":7,"turns":6},{"damage":2,"enemies":"Exordium Thugs","floor":8,"turns":5},{"damage":0,"enemies":"Looter","floor":12,"turns":3},{"damage":5,"enemies":"Blue Slaver","floor":13,"turns":4},{"damage":1,"enemies":"Large Slime","floor":14,"turns":6},{"damage":28,"enemies":"The Guardian","floor":16,"turns":9},{"damage":15,"enemies":"2 Thieves","floor":18,"turns":4},{"damage":2,"enemies":"Shell Parasite","floor":20,"turns":6},{"damage":12,"enemies":"Snake Plant","floor":24,"turns":5},{"damage":6,"enemies":"Sentry and Sphere","floor":25,"turns":5},{"damage":9,"enemies":"Chosen and Byrds","floor":27,"turns":6},{"damage":29,"enemies":"Slavers","floor":31,"turns":3},{"damage":26,"enemies":"Automaton","floor":33,"turns":9},{"damage":30,"enemies":"3 Darklings","floor":35,"turns":6},{"damage":0,"enemies":"Orb Walker","floor":36,"turns":4},{"damage":0,"enemies":"Spire Growth","floor":39,"turns":1}],"seed_played":"5099539167046332872","potions_obtained":[{"floor":1,"key":"AttackPotion"},{"floor":4,"key":"Block Potion"},{"floor":8,"key":"GamblersBrew"},{"floor":11,"key":"CultistPotion"}],"is_trial":false,"path_per_floor":["M","M","M","M","?","R","M","M","T","R","?","M","M","M","R","B",null,"M","$","M","?","?","R","M","M","T","M","T","$","R","E","R","B",null,"M","M","?","?","M"],"character_chosen":"THE_SILENT","items_purchased":["Flash of Steel","Toolbox"],"campfire_rested":3,"item_purchase_floors":[19,29],"current_hp_per_floor":[65,65,62,53,53,53,48,46,46,46,46,46,41,40,40,12,57,42,42,40,20,20,43,31,25,25,16,16,16,39,10,33,7,60,30,30,30,30,30,30],"gold":157,"neow_bonus":"TEN_PERCENT_HP_BONUS","is_daily":false,"chose_seed":false,"campfire_upgraded":3,"win_rate":0.0,"timestamp":1612572840,"path_taken":["M","M","?","M","?","R","?","M","T","R","?","M","?","M","R","BOSS","M","$","M","?","?","R","M","M","T","?","?","?","R","E","R","BOSS","M","M","?","?","M"],"items_purchased_type":["Card","Relic"],"build_version":"2020-12-22","purchased_purges":2,"victory":false,"max_hp_per_floor":[72,72,72,72,72,72,72,72,72,72,72,72,72,72,72,72,72,72,72,72,77,77,77,77,77,77,77,77,77,77,77,77,77,77,77,77,77,77,77,77],"card_choices":[{"not_picked":["Concentrate","Bane"],"picked":"Poisoned Stab","floor":1},{"not_picked":["Endless Agony","Tactician"],"picked":"Blade Dance","floor":2},{"not_picked":["Catalyst","Bane"],"picked":"Quick Slash","floor":3},{"not_picked":["Expertise","Eviscerate"],"picked":"Leg Sweep","floor":4},{"not_picked":["Setup","Dodge and Roll","Acrobatics"],"picked":"SKIP","floor":7},{"not_picked":["All Out Attack","Leg Sweep","Deflect"],"picked":"SKIP","floor":8},{"not_picked":["Caltrops","Acrobatics","Flying Knee"],"picked":"SKIP","floor":12},{"not_picked":["Footwork","Reflex"],"picked":"Noxious Fumes","floor":13},{"not_picked":["Quick Slash","Leg Sweep","Endless Agony"],"picked":"SKIP","floor":14},{"not_picked":["Grand Finale","Bullet Time"],"picked":"After Image","floor":16},{"not_picked":["Distraction","Dodge and Roll"],"picked":"Deadly Poison+1","floor":18},{"not_picked":["Dagger Spray","Quick Slash"],"picked":"Well Laid Plans+1","floor":20},{"not_picked":["Underhanded Strike+1","Sucker Punch","Unload"],"picked":"SKIP","floor":24},{"not_picked":["Accuracy","Cloak And Dagger+1"],"picked":"Catalyst","floor":25},{"not_picked":["Flying Knee","Infinite Blades","Sucker Punch"],"picked":"SKIP","floor":27},{"not_picked":["Dagger Spray","Quick Slash"],"picked":"Wraith Form v2","floor":31},{"not_picked":[],"picked":"PiercingWail","floor":35},{"not_picked":["Deflect"],"picked":"SKIP","floor":36}],"player_experience":1500866,"relics_obtained":[{"floor":9,"key":"Lizard Tail"},{"floor":26,"key":"HornCleat"},{"floor":28,"key":"MawBank"},{"floor":31,"key":"Turnip"}],"event_choices":[{"damage_healed":0,"gold_gain":0,"player_choice":"Trade","damage_taken":0,"relics_obtained":["CultistMask"],"max_hp_gain":0,"max_hp_loss":0,"event_name":"FaceTrader","floor":5,"gold_loss":0},{"damage_healed":0,"gold_gain":0,"player_choice":"Got Potions","damage_taken":0,"max_hp_gain":0,"max_hp_loss":0,"event_name":"Lab","floor":11,"gold_loss":0},{"damage_healed":0,"gold_gain":0,"player_choice":"Shed Blood","damage_taken":25,"max_hp_gain":5,"max_hp_loss":0,"event_name":"Forgotten Altar","floor":21,"gold_loss":0},{"cards_removed":["Strike_G"],"damage_healed":0,"gold_gain":0,"player_choice":"Elegance","damage_taken":0,"max_hp_gain":0,"max_hp_loss":0,"event_name":"Back to Basics","floor":22,"gold_loss":0},{"damage_healed":0,"gold_gain":0,"player_choice":"Memory 1","damage_taken":0,"max_hp_gain":0,"max_hp_loss":0,"event_name":"SensoryStone","floor":37,"gold_loss":0},{"damage_healed":0,"gold_gain":0,"player_choice":"Ignored","damage_taken":0,"max_hp_gain":0,"max_hp_loss":0,"event_name":"Tomb of Lord Red Mask","floor":38,"gold_loss":0}],"is_beta":false,"boss_relics":[{"not_picked":["SacredBark","Coffee Dripper"],"picked":"Sozu"},{"not_picked":["Velvet Choker","Runic Dome"],"picked":"Busted Crown"}],"items_purged_floors":[19,29],"is_endless":false,"potions_floor_spawned":[1,4,8,13,14,24,33,35],"killed_by":"Spire Growth","ascension_level":20}}