{"host":"jksa5rawk3m4gilz","time":1612626586,"event":{"mods":["BaseMod","Colored Map","Highlight Path","Minty Spire (QoL Compilation)","Quick Restart"],"gold_per_floor":[359,244,244,244,319,319,354,372,372,220,220,240,273,286,286,286,286],"floor_reached":16,"language":"ENG","playtime":450,"items_purged":["Pain"],"score":180,"play_id":"16cbd349-93a8-4c84-9db6-8bfa4ada3026","local_time":"20210206164946","is_ascension_mode":true,"campfire_choices":[{"floor":6,"key":"REST"},{"data":"Body Slam","floor":11,"key":"SMITH"},{"floor":15,"key":"REST"}],"circlet_count":0,"master_deck":["AscendersBane","Strike_R","Strike_R","Strike_R+1","Strike_R","Strike_R+1","Defend_R","Defend_R","Defend_R","Bash","Perfected Strike","Fire Breathing","Iron Wave","Brutality","Body Slam+1","Pommel Strike","Rupture"],"relics":["Burning Blood","Mercury Hourglass","Art of War","Chemical X","Odd Mushroom","Red Skull"],"acts_visited":["Exordium"],"potions_floor_usage":[13],"damage_taken":[{"damage":21,"enemies":"Jaw Worm","floor":1,"turns":5},{"damage":25,"enemies":"3 Sentries","floor":7,"turns":5},{"damage":0,"enemies":"Small Slimes","floor":8,"turns":2},{"damage":27,"enemies":"The Mushroom Lair","floor":12,"turns":4},{"damage":23,"enemies":"Gremlin Nob","floor":13,"turns":4},{"damage":0,"enemies":"2 Louse","floor":14,"turns":1},{"damage":38,"enemies":"Hexaghost","floor":16,"turns":8}],"seed_played":"2083657483429750740","potions_obtained":[{"floor":7,"key":"Regen Potion"},{"floor":8,"key":"LiquidBronze"},{"floor":13,"key":"ColorlessPotion"}],"is_trial":false,"path_per_floor":["M","$","?","?","?","R","E","M","T","$","R","?","E","M","R","B"],"character_chosen":"IRONCLAD","items_purchased":["Fire Breathing","Chemical X"],"campfire_rested":2,"item_purchase_floors":[2,10],"current_hp_per_floor":[53,53,53,38,27,49,30,36,36,36,36,15,10,16,38,0,0],"gold":286,"neow_bonus":"TWO_FIFTY_GOLD","is_daily":false,"chose_seed":false,"campfire_upgraded":1,"win_rate":0.0,"timestamp":1612626586,"path_taken":["M","$","?","?","?","R","E","M","T","$","R","?","E","M","R","BOSS"],"items_purchased_type":["Card","Relic"],"build_version":"2020-12-22","purchased_purges":1,"victory":false,"max_hp_per_floor":[75,75,75,75,75,75,75,75,75,75,75,75,75,75,75,75,75],"card_choices":[{"not_picked":["Hemokinesis","Burning Pact"],"picked":"Perfected Strike","floor":1},{"not_picked":["Body Slam","Hemokinesis"],"picked":"Brutality","floor":7},{"not_picked":["Flex","Warcry"],"picked":"Body Slam","floor":8},{"not_picked":["Anger","Sword Boomerang"],"picked":"Pommel Strike","floor":13},{"not_picked":["Flex","Warcry"],"picked":"Rupture","floor":14}],"player_experience":1816342,"relics_obtained":[{"floor":7,"key":"Mercury Hourglass"},{"floor":9,"key":"Art of War"},{"floor":12,"key":"Odd Mushroom"},{"floor":13,"key":"Red Skull"}],"event_choices":[{"damage_healed":0,"gold_gain":0,"cards_transformed":["Defend_R"],"player_choice":"Change","damage_taken":0,"max_hp_gain":0,"max_hp_loss":0,"event_name":"Living Wall","floor":3,"gold_loss":0,"cards_obtained":["Iron Wave"]},{"damage_healed":0,"gold_gain":0,"player_choice":"Entered Light","damage_taken":15,"max_hp_gain":0,"max_hp_loss":0,"event_name":"Shining Light","floor":4,"gold_loss":0,"cards_upgraded":["Strike_R","Strike_R"]},{"damage_healed":0,"gold_gain":75,"player_choice":"Gather Gold","damage_taken":11,"max_hp_gain":0,"max_hp_loss":0,"event_name":"World of Goop","floor":5,"gold_loss":0},{"damage_healed":0,"gold_gain":0,"player_choice":"Fought Mushrooms","damage_taken":0,"max_hp_gain":0,"max_hp_loss":0,"event_name":"Mushrooms","floor":12,"gold_loss":0}],"is_beta":false,"boss_relics":[],"items_purged_floors":[2],"is_endless":false,"potions_floor_spawned":[7,8,13],"killed_by":"Hexaghost","ascension_level":14}}