{"host":"54jr43vd79817238","time":1612603249,"event":{"mods":["100% Spire Juice","ATMod(°¢èªMod)","Act Like it!","Arknights","Aspiration","BaseMod","CapriCore","Dota2Spire","Friendly Minions","Gensokyo","Hallownest","Hermit","Jedi Mod","KomeijiMod","Lobotomy","LobotomyExtend","Marisa£¨ìFÓê¡¡Ä§ÀíÉ³£©","Minty Spire (QoL Compilation)","MostiFishMod","Prisma Mod","Quarter Circle Forward PUNCH!","Reliquary","Replay The Spire","Robot Space Explorer","RumiaBox-Â¶Ã×æ«µÄÉñÃØºÐ×Ó","Spicy Shops","StSLib","TestMod","The Blackbeard","The Showman","WarShipGirlsR/Õ½½¢ÉÙÅ®R mod","Yakumo Yukari mod","Youmu£¨»êÆÇÑýÃÎ£©","Yuyuko","[IsaacMod]ÒÔÈö¼âËþ","¡¾ÒÅÎï¿¨ÅÆ¡¿REMEMod"],"gold_per_floor":[109,127,139,139,139,169,179,179,252,92,108,108,142,153,153,257,257,267,367,387,407,424,424,41,41,109,137,157,157,187,187,187,290,290,307,324,0,17,35,68,68,68,68,68,68,99,114,144,69,82,82,82,82],"floor_reached":52,"language":"ZHS","playtime":3050,"items_purged":["Strike_MRS"],"score":1588,"play_id":"8fa692b6-d288-4277-8b4c-1d18fdaaf042","local_time":"20210206172049","is_ascension_mode":true,"campfire_choices":[{"data":"StarlightTyphoon","floor":8,"key":"SMITH"},{"floor":15,"key":"RECALL"},{"data":"StarDustReverie","floor":25,"key":"SMITH"},{"data":"StarDustReverie","floor":29,"key":"SMITH"},{"floor":32,"key":"DIG"},{"data":"CollectingQuirk","floor":43,"key":"SMITH"},{"data":"EscapeVelocity","floor":51,"key":"SMITH"}],"circlet_count":0,"master_deck":["Strike_MRS","Strike_MRS","Defend_MRS","Defend_MRS","Defend_MRS","Defend_MRS","MasterSpark","UpSweep","EpicFetus","BigCrunch","AT_OneInchPunch","MachineGunSpark","StarlightTyphoon+1","SuperPerseids","GasGiant","GravityBeat","MagicAbsorber","Clumsy","WitchLeyline","WitchLeyline","CollectingQuirk+1","WitchLeyline","DarkSpark+1","OpenUniverse","PropBag+1","StarDustReverie+1","Pride","StarDustReverie+1","DragonMeteor+1","MysteriousBeam","EscapeVelocity+1","ShootingEcho+1","GravityBeat+1","ManaConvection","WitchLeyline","IllusionStar","IllusionStar","OpenUniverse+1","OpenUniverse","Occultation","IllusionStar+1","WitchLeyline+1","DragonMeteor+1","MagicChant+1","SuperNova","AlicesGift"],"relics":["MiniHakkero","DaveBox","AT_ATBox","testmod-TestBox","REME_ComplimentaryCards","HushsDoor","GuppysTail","testmod-Muramasa","HereWithMe","SynthV:TestCard","Gensokyo:MarisaImprobabilityPotion","Dota2Spire:AghanimScepter","Enchiridion","Gensokyo:NagashiBinaDoll","BelialBook","MagicMushroom","SynthV","jedi:crownofsimplicity","reliquary:NewFriend","Meat on the Bone","Mirror","Prayer Wheel","testmod-TurbochargingSystem","PatriotShield","SynthV:MejaisSoulstealer","ZombieArmy","AT_Kusabimaru","Replay:Kaleidoscope","Pet Ghost","Letter Opener"],"acts_visited":["Gensokyo:Gensokyo","Gensokyo:Gensokyoer","Gensokyo:Gensokyoest"],"potions_floor_usage":[6],"damage_taken":[{"damage":0,"enemies":"Gensokyo:Gryphon","floor":1,"turns":2},{"damage":0,"enemies":"Gensokyo:2_Kodama","floor":2,"turns":3},{"damage":1,"enemies":"Gensokyo:3_Fairies","floor":3,"turns":4},{"damage":8,"enemies":"Gensokyo:Aya","floor":6,"turns":3},{"damage":0,"enemies":"Gensokyo:LivingMonolith","floor":7,"turns":2},{"damage":0,"enemies":"Gensokyo:2_Rabbits","floor":11,"turns":2},{"damage":0,"enemies":"Gensokyo:Mamizou","floor":13,"turns":4},{"damage":0,"enemies":"Gensokyo:Kitsune","floor":14,"turns":3},{"damage":17,"enemies":"Gensokyo:Kokoro","floor":16,"turns":5},{"damage":0,"enemies":"Gensokyo:3_Dogs","floor":18,"turns":2},{"damage":0,"enemies":"Gensokyo:Chomper","floor":20,"turns":1},{"damage":0,"enemies":"Gensokyo:Monolith_and_Dog","floor":21,"turns":3},{"damage":0,"enemies":"Gensokyo:Wraith","floor":22,"turns":2},{"damage":0,"enemies":"Gensokyo:Tenshi","floor":27,"turns":1},{"damage":0,"enemies":"Gensokyo:Slime_Group","floor":28,"turns":2},{"damage":0,"enemies":"Gensokyo:Reisen","floor":30,"turns":1},{"damage":0,"enemies":"Gensokyo:Kaguya","floor":33,"turns":4},{"damage":0,"enemies":"Gensokyo:3_Bats","floor":35,"turns":1},{"damage":0,"enemies":"Gensokyo:AncientGuardian","floor":36,"turns":2},{"damage":0,"enemies":"Gensokyo:Rafflesia","floor":38,"turns":2},{"damage":0,"enemies":"Gensokyo:AtlasGolem","floor":39,"turns":1},{"damage":1,"enemies":"Gensokyo:Kasen","floor":40,"turns":1},{"damage":0,"enemies":"Gensokyo:Marisa","floor":46,"turns":1},{"damage":0,"enemies":"Gensokyo:SeedOfUnknown","floor":47,"turns":1},{"damage":0,"enemies":"Gensokyo:Doremy","floor":48,"turns":2},{"damage":0,"enemies":"Gensokyo:4_Bats","floor":50,"turns":1},{"damage":0,"enemies":"Gensokyo:Scarlet_Devils","floor":52,"turns":3}],"seed_played":"-7494722986542065893","potions_obtained":[{"floor":3,"key":"PowerPotion"},{"floor":7,"key":"Languid Potion"},{"floor":13,"key":"SkillPotion"},{"floor":18,"key":"Dexterity Potion"},{"floor":28,"key":"CalmPotion"},{"floor":40,"key":"CultistPotion"}],"is_trial":false,"path_per_floor":["M","M","M","?","COS","E","M","R","T","?","M","?","E","M","R","B",null,"M","?","M","M","M","R","$","R","T","E","M","R","E","?","R","B",null,"M","M","COS","M","M","E","PTL","PTL","R","?","T","E","M","E","$","M","R","B"],"character_chosen":"MARISA","items_purchased":["SynthV","jedi:crownofsimplicity","reliquary:NewFriend"],"campfire_rested":0,"item_purchase_floors":[24,24,24],"current_hp_per_floor":[75,75,74,74,74,66,66,66,66,66,66,66,66,66,66,49,82,82,82,82,82,82,82,82,82,82,82,82,82,82,82,82,82,82,82,82,82,82,82,81,81,81,81,81,81,81,81,82,82,82,82,82,82],"gold":82,"neow_bonus":"TRANSFORM_CARD","is_daily":false,"chose_seed":false,"campfire_upgraded":5,"win_rate":0.0,"timestamp":1612603249,"path_taken":["M","?","M","?","COS","E","M","R","T","?","M","?","E","?","R","BOSS","M","?","M","?","M","R","?","R","T","E","M","R","E","?","R","BOSS","M","M","COS","M","M","E","PTL","PTL","R","?","T","E","?","E","$","?","R","BOSS"],"items_purchased_type":["Relic","Relic","Relic"],"build_version":"2020-12-22","purchased_purges":1,"victory":false,"max_hp_per_floor":[75,75,75,75,75,75,75,75,75,75,75,75,75,75,75,75,82,82,82,82,82,82,82,82,82,82,82,82,82,82,82,82,82,82,82,82,82,82,82,82,82,82,82,82,82,82,82,82,82,82,82,82,82],"card_choices":[{"not_picked":[],"picked":"EpicFetus","floor":0},{"not_picked":["ShootingEcho","MeteoricShower"],"picked":"DragonMeteor","floor":1},{"not_picked":["MeteoricShower","PowerUp","ChargeUpSpray","EnergyFlow"],"picked":"StarlightTyphoon","floor":2},{"not_picked":["EarthLightRay","GravityBeat","FairyDestructionRay","UnstableBomb"],"picked":"SuperPerseids","floor":3},{"not_picked":["ShootingEcho","LuminesStrike","OortCloud","MachineGunSpark"],"picked":"GasGiant","floor":6},{"not_picked":["6A","ChargeUpSpray","NonDirectionalLaser","AbsoluteMagnitude"],"picked":"GravityBeat","floor":7},{"not_picked":["AsteroidBelt","EventHorizon","Acceleration","PropBag"],"picked":"MagicAbsorber","floor":11},{"not_picked":["MachineGunSpark","FairyDestructionRay","StarlightTyphoon","MagicAbsorber"],"picked":"WitchLeyline","floor":13},{"not_picked":["UnstableBomb","DoubleSpark","Acceleration","ShootingEcho"],"picked":"WitchLeyline","floor":14},{"not_picked":["TreasureHunter","BlazingStar","AbsoluteMagnitude","BinaryStars"],"picked":"CollectingQuirk","floor":16},{"not_picked":["DarkSpark","GasGiant+1","StarlightTyphoon","UnstableBomb+1"],"picked":"WitchLeyline","floor":18},{"not_picked":["GrandCross","6A+1","Singularity","NonDirectionalLaser"],"picked":"DarkSpark+1","floor":19},{"not_picked":["MysteriousBeam","AsteroidBelt","GravityBeat","BlazeAway"],"picked":"OpenUniverse","floor":20},{"not_picked":["6A","NonDirectionalLaser+1","WitchOfGreed","SporeBomb"],"picked":"PropBag+1","floor":21},{"not_picked":["AsteroidBelt","ShootingEcho","StarlightTyphoon","GasGiant"],"picked":"StarDustReverie","floor":22},{"not_picked":["OrrerysSun","MysteriousBeam","ManaConvection+1","Acceleration"],"picked":"StarDustReverie","floor":27},{"not_picked":["GasGiant","OortCloud+1","MysteriousBeam","AsteroidBelt+1"],"picked":"DragonMeteor+1","floor":28},{"not_picked":["NonDirectionalLaser","6A+1","ShootingEcho","MilkyWay"],"picked":"MysteriousBeam","floor":30},{"not_picked":["MillisecondPulsars","JA","StarDustReverie","SuperNova"],"picked":"EscapeVelocity","floor":33},{"not_picked":["GalacticHalo+1","OortCloud+1","NonDirectionalLaser","Singularity+1"],"picked":"ShootingEcho+1","floor":35},{"not_picked":["WitchOfGreed","DC+1","UnstableBomb+1","LuminesStrike"],"picked":"GravityBeat+1","floor":35},{"not_picked":["RefractionSpark","6A","FairyDestructionRay","DC"],"picked":"ManaConvection","floor":36},{"not_picked":["Robbery","ShootingEcho","GravityBeat+1","UnstableBomb+1"],"picked":"WitchLeyline","floor":36},{"not_picked":["DoubleSpark","DarkSpark","AbsoluteMagnitude","NonDirectionalLaser"],"picked":"IllusionStar","floor":38},{"not_picked":["GrandCross","UnstableBomb","SprinkleStarSeal","WitchLeyline+1"],"picked":"IllusionStar","floor":38},{"not_picked":["OneTimeOff","MilkyWay+1","WitchOfGreed","EnergyRecoil+1"],"picked":"OpenUniverse+1","floor":39},{"not_picked":["Acceleration","WitchOfGreed+1","GalacticHalo","LuminesStrike+1"],"picked":"OpenUniverse","floor":39},{"not_picked":["6A+1","Robbery+1","GravityBeat","BlazeAway"],"picked":"Occultation","floor":40},{"not_picked":["ManaRampage","LuminesStrike+1","6A+1","PulseMagic"],"picked":"IllusionStar+1","floor":46},{"not_picked":["DoubleSpark+1","EnergyRecoil","DarkMatter","JA"],"picked":"WitchLeyline+1","floor":47},{"not_picked":["AsteroidBelt+1","LuminesStrike","PowerUp","UnstableBomb"],"picked":"DragonMeteor+1","floor":47},{"not_picked":["MaximisePower","JA","GrandCross","DarkMatter+1"],"picked":"MagicChant+1","floor":48},{"not_picked":["LuminesStrike","UnstableBomb+1","OrrerysSun+1","Acceleration"],"picked":"SuperNova","floor":50},{"not_picked":["PowerUp+1","StarBarrage","Robbery","WitchOfGreed"],"picked":"AlicesGift","floor":50}],"player_experience":334662,"relics_obtained":[{"floor":1,"key":"SynthV:TestCard"},{"floor":6,"key":"Dota2Spire:AghanimScepter"},{"floor":13,"key":"BelialBook"},{"floor":26,"key":"Meat on the Bone"},{"floor":27,"key":"Mirror"},{"floor":30,"key":"Prayer Wheel"},{"floor":32,"key":"testmod-TurbochargingSystem"},{"floor":40,"key":"ZombieArmy"},{"floor":45,"key":"AT_Kusabimaru"},{"floor":46,"key":"Replay:Kaleidoscope"},{"floor":48,"key":"Pet Ghost"}],"event_choices":[],"is_beta":false,"boss_relics":[{"not_picked":["Fusion Hammer","RampagingMagicTools"],"picked":"MagicMushroom"},{"not_picked":[]},{"not_picked":["Ring of Chaos","reliquary:RedCape"],"picked":"PatriotShield"},{"not_picked":[]}],"items_purged_floors":[49],"is_endless":false,"potions_floor_spawned":[3,7,13,18,21,28,35,38,40,46],"killed_by":"Gensokyo:Scarlet_Devils","ascension_level":2}}