{"host":"ga4s3hj9m6nkn6gp","time":1612644060,"event":{"mods":["AchievementEnabler","BaseMod","Bestiary","Colored Powertips","Highlight Path","Minty Spire (QoL Compilation)","Relic Stats","everything is the same but u backflip on backflip"],"gold_per_floor":[119,134,134,134,134,165,165,181,207,42,42,42,58,93,93,189,189,207,230,230,248,248,248],"floor_reached":22,"language":"ENG","playtime":838,"items_purged":[],"score":438,"play_id":"38032b6b-87f2-44b1-a64f-782724685eab","local_time":"20210206214100","is_ascension_mode":true,"campfire_choices":[{"data":"Dagger Throw","floor":7,"key":"SMITH"},{"data":"Dagger Spray","floor":12,"key":"SMITH"},{"data":"Noxious Fumes","floor":15,"key":"SMITH"}],"circlet_count":0,"master_deck":["AscendersBane","Strike_G","Strike_G","Strike_G","Defend_G","Defend_G","Defend_G","Defend_G","Defend_G","Survivor","Neutralize","Dagger Throw+1","Poisoned Stab","Well Laid Plans","Slice","Dagger Spray+1","Noxious Fumes+1","Adrenaline","Cloak And Dagger+1"],"relics":["Ring of the Snake","NeowsBlessing","Golden Idol","Boot","Vajra","OrangePellets","Singing Bowl","Potion Belt","Cursed Key"],"acts_visited":["Exordium","TheCity"],"potions_floor_usage":[14,22],"damage_taken":[{"damage":0,"enemies":"2 Louse","floor":1,"turns":1},{"damage":0,"enemies":"Small Slimes","floor":2,"turns":1},{"damage":0,"enemies":"Gremlin Nob","floor":6,"turns":1},{"damage":2,"enemies":"Jaw Worm","floor":8,"turns":4},{"damage":1,"enemies":"Looter","floor":13,"turns":3},{"damage":17,"enemies":"3 Sentries","floor":14,"turns":7},{"damage":32,"enemies":"The Guardian","floor":16,"turns":10},{"damage":22,"enemies":"Shell Parasite","floor":18,"turns":6},{"damage":18,"enemies":"2 Thieves","floor":19,"turns":4},{"damage":6,"enemies":"Centurion and Healer","floor":21,"turns":7},{"damage":13,"enemies":"Cultist and Chosen","floor":22,"turns":3}],"seed_played":"-1336368756654758552","potions_obtained":[{"floor":2,"key":"GhostInAJar"},{"floor":6,"key":"Block Potion"},{"floor":18,"key":"FearPotion"}],"is_trial":false,"path_per_floor":["M","M","?","?","?","E","R","M","T","$","?","R","M","E","R","B",null,"M","M","?","M","M"],"character_chosen":"THE_SILENT","items_purchased":["OrangePellets"],"campfire_rested":0,"item_purchase_floors":[10],"current_hp_per_floor":[59,59,59,52,52,52,52,50,50,50,50,50,51,34,34,2,47,27,11,11,5,0,0],"gold":248,"neow_bonus":"THREE_ENEMY_KILL","is_daily":false,"chose_seed":false,"campfire_upgraded":3,"win_rate":0.0,"timestamp":1612644060,"path_taken":["M","M","?","?","?","E","R","M","T","$","?","R","M","E","R","BOSS","M","M","?","M","M"],"items_purchased_type":["Relic"],"build_version":"2020-12-22","purchased_purges":0,"victory":false,"max_hp_per_floor":[66,66,66,66,60,60,60,60,60,60,60,60,62,62,62,62,62,64,66,66,66,66,66],"relic_stats":{"OrangePellets":[2],"Singing Bowl":6,"counters":[11,47],"Golden Idol":51,"Boot":[19],"Cursed Key":0,"obtain_stats":[{"Potion Belt":14,"OrangePellets":10,"NeowsBlessing":0,"Singing Bowl":11,"Golden Idol":5,"Vajra":9,"Boot":6,"Cursed Key":17,"Ring of the Snake":0},{"Potion Belt":6,"OrangePellets":4,"NeowsBlessing":0,"Singing Bowl":4,"Golden Idol":2,"Vajra":4,"Boot":3,"Cursed Key":7,"Ring of the Snake":0},{"Potion Belt":17,"OrangePellets":7,"NeowsBlessing":0,"Singing Bowl":7,"Golden Idol":2,"Vajra":7,"Boot":3,"Cursed Key":27,"Ring of the Snake":0}],"Ring of the Snake":[22]},"card_choices":[{"not_picked":["Dodge and Roll","Footwork"],"picked":"Dagger Throw","floor":1},{"not_picked":["Caltrops","Outmaneuver"],"picked":"Poisoned Stab","floor":2},{"not_picked":["Caltrops","Dagger Throw"],"picked":"Slice","floor":6},{"not_picked":["Deflect","Flying Knee"],"picked":"Dagger Spray","floor":8},{"not_picked":["Acrobatics","Expertise","Flechettes"],"picked":"Singing Bowl","floor":13},{"not_picked":["Unload","Deflect"],"picked":"Noxious Fumes","floor":14},{"not_picked":["After Image","Bullet Time"],"picked":"Adrenaline","floor":16},{"not_picked":["Deadly Poison","Underhanded Strike","Infinite Blades"],"picked":"Singing Bowl","floor":18},{"not_picked":["Bane","Backflip","Slice+1"],"picked":"Singing Bowl","floor":19},{"not_picked":["Quick Slash","Masterful Stab"],"picked":"Cloak And Dagger+1","floor":21}],"player_experience":745786,"relics_obtained":[{"floor":6,"key":"Boot"},{"floor":9,"key":"Vajra"},{"floor":14,"key":"Potion Belt"}],"event_choices":[{"damage_healed":0,"gold_gain":0,"cards_transformed":["Strike_G"],"player_choice":"Change","damage_taken":0,"max_hp_gain":0,"max_hp_loss":0,"event_name":"Living Wall","floor":3,"gold_loss":0,"cards_obtained":["Well Laid Plans"]},{"cards_removed":["Strike_G"],"damage_healed":0,"gold_gain":0,"player_choice":"Card Removal","damage_taken":7,"max_hp_gain":0,"max_hp_loss":0,"event_name":"Golden Wing","floor":4,"gold_loss":0},{"damage_healed":0,"gold_gain":0,"player_choice":"Lose Max HP","damage_taken":0,"relics_obtained":["Golden Idol"],"max_hp_gain":0,"max_hp_loss":6,"event_name":"Golden Idol","floor":5,"gold_loss":0},{"damage_healed":0,"gold_gain":0,"player_choice":"Searched \u00271\u0027 times","damage_taken":0,"relics_obtained":["Singing Bowl"],"max_hp_gain":0,"max_hp_loss":0,"event_name":"Dead Adventurer","floor":11,"gold_loss":0},{"damage_healed":0,"gold_gain":0,"player_choice":"Ignored","damage_taken":0,"max_hp_gain":0,"max_hp_loss":0,"event_name":"Ghosts","floor":20,"gold_loss":0}],"is_beta":false,"boss_relics":[{"not_picked":["SacredBark","Sozu"],"picked":"Cursed Key"}],"items_purged_floors":[],"is_endless":false,"potions_floor_spawned":[2,6,18],"killed_by":"Cultist and Chosen","ascension_level":20}}