{"host":"9slw7l0ws16384qq","time":1612626348,"event":{"mods":["A Penny For Your Troubles","BaseMod","Colored Map","Downfall","Evolution","Hubris","Minty Spire (QoL Compilation)","Replay The Spire","StS++","StSLib"],"gold_per_floor":[99,99,116,54,73,84,84,84,103,123,123,123,123,123,143,174,191,291,391,291,291,441,459,369,369,395,420,320,336,336,347,347,357,371,466,466,466,476,525,525,410,428,454,480,495,525,539,556,556,556,570,570,570,570],"floor_reached":52,"language":"FRA","playtime":2590,"items_purged":["Guardian:Defend_Guardian","Guardian:Defend_Guardian"],"score":973,"play_id":"1313895f-4b09-44bc-a07a-92ffb852d3a3","local_time":"20210206164548","is_ascension_mode":true,"campfire_choices":[{"data":"Guardian:PrimingBeam","floor":1,"key":"SMITH"},{"data":"Guardian:PiercingHide","floor":8,"key":"SMITH"},{"data":"Guardian:PiercingHide","floor":11,"key":"SMITH"},{"floor":14,"key":"RECALL"},{"data":"Guardian:TwinSlam","floor":20,"key":"SMITH"},{"data":"Guardian:PrimingBeam","floor":28,"key":"SMITH"},{"data":"Guardian:PrimingBeam","floor":30,"key":"SMITH"},{"data":"Guardian:PiercingHide","floor":32,"key":"SMITH"},{"floor":37,"key":"DIG"},{"floor":49,"key":"REST"}],"circlet_count":0,"master_deck":["AscendersBane","Guardian:PrimingBeam+1","Guardian:PrimingBeam+1","Guardian:PrimingBeam+1","Guardian:PrimingBeam","Guardian:PiercingHide+1","Guardian:CurlUp","Guardian:PiercingHide+1","Guardian:PiercingHide+1","Guardian:ExploitGems+1","Guardian:PiercingHide","Guardian:SentryBeam","Parasite"],"relics":["Guardian:ModeShifter","EVO:Axolotl","Pen Nib","Replay:Wanted Poster","downfall:HeartBlessingRed","MutagenicStrength","Strawberry","downfall:HeartBlessingBlue","Mercury Hourglass","StSpp:SailingBoat","hubris:SlimyHat","Smiling Mask"],"acts_visited":["Exordium","TheCity","TheBeyond"],"potions_floor_usage":[18,35,44,46],"damage_taken":[{"damage":0,"enemies":"Small Slimes","floor":3,"turns":3},{"damage":0,"enemies":"downfall:FleeingMerchant","floor":4,"turns":4},{"damage":0,"enemies":"Cultist","floor":5,"turns":4},{"damage":3,"enemies":"Jaw Worm","floor":6,"turns":5},{"damage":0,"enemies":"Blue Slaver","floor":9,"turns":3},{"damage":2,"enemies":"Red Slaver","floor":10,"turns":3},{"damage":0,"enemies":"2 Fungi Beasts","floor":15,"turns":2},{"damage":10,"enemies":"3 Sentries","floor":16,"turns":8},{"damage":0,"enemies":"Red Slaver","floor":17,"turns":4},{"damage":8,"enemies":"SI_SHIV_ARCHETYPE","floor":18,"turns":7},{"damage":0,"enemies":"Chosen","floor":23,"turns":3},{"damage":0,"enemies":"downfall:FleeingMerchant","floor":24,"turns":4},{"damage":0,"enemies":"Replay:Snechameleon","floor":27,"turns":4},{"damage":0,"enemies":"Shell Parasite","floor":29,"turns":4},{"damage":0,"enemies":"Snake Plant","floor":31,"turns":3},{"damage":0,"enemies":"Snecko","floor":33,"turns":3},{"damage":3,"enemies":"Centurion and Healer","floor":34,"turns":4},{"damage":46,"enemies":"IC_MUSHROOM_ARCHETYPE","floor":35,"turns":15},{"damage":0,"enemies":"3 Darklings","floor":38,"turns":3},{"damage":0,"enemies":"downfall:FleeingMerchant","floor":41,"turns":4},{"damage":8,"enemies":"Orb Walker","floor":42,"turns":2},{"damage":10,"enemies":"Reptomancer","floor":44,"turns":8},{"damage":10,"enemies":"Transient","floor":45,"turns":5},{"damage":19,"enemies":"Giant Head","floor":46,"turns":7},{"damage":0,"enemies":"Writhing Mass","floor":47,"turns":7},{"damage":0,"enemies":"Maw","floor":48,"turns":7},{"damage":13,"enemies":"Spire Growth","floor":51,"turns":5},{"damage":8,"enemies":"WA_ARCHETYPE_DIVINITY","floor":52,"turns":7}],"seed_played":"-7363487074479310738","potions_obtained":[{"floor":3,"key":"FearPotion"},{"floor":10,"key":"FearPotion"},{"floor":31,"key":"Block Potion"},{"floor":38,"key":"Weak Potion"},{"floor":44,"key":"StSpp:SecondWindPotion"},{"floor":45,"key":"FairyPotion"},{"floor":47,"key":"Energy Potion"}],"is_trial":false,"path_per_floor":["R","?","M","$","M","M","T","R","M","M","R","PTL","PTL","R","M","E","M","B",null,"R","?","?","M","$","?","T","E","R","M","R","M","R","M","M","B",null,"R_BF","M","?","?","$","M","T","E","M","E","M","M","R","?","M","B"],"character_chosen":"GUARDIAN","items_purchased":["Guardian:Gem_Cyan"],"campfire_rested":1,"item_purchase_floors":[4],"current_hp_per_floor":[80,80,80,80,80,77,77,77,77,75,75,75,75,75,75,65,65,57,80,80,80,80,80,80,80,80,87,97,97,97,97,97,97,94,48,91,91,91,65,65,65,57,57,47,37,18,18,18,49,49,36,28,28,28],"gold":570,"neow_bonus":"TEN_PERCENT_HP_BONUS","is_daily":false,"chose_seed":false,"campfire_upgraded":7,"win_rate":0.0,"timestamp":1612626348,"path_taken":["R","?","M","$","M","M","T","R","M","?","R","PTL","PTL","R","M","E","M","BOSS","R","?","?","?","?","?","T","E","R","M","R","?","R","M","M","BOSS","R_BF","M","?","?","$","M","T","E","M","E","M","M","R","?","M","BOSS"],"items_purchased_type":["Card"],"build_version":"2020-12-22","purchased_purges":2,"victory":false,"max_hp_per_floor":[88,88,88,88,88,88,88,88,88,88,88,88,88,88,88,88,88,88,88,88,88,88,88,88,88,88,95,105,105,105,105,105,105,105,105,105,105,105,105,105,105,105,105,105,105,105,105,105,105,105,105,105,105,105],"card_choices":[{"not_picked":["Guardian:TemporalShield","Guardian:Gem_Yellow","Guardian:CrystalBeam"],"picked":"SKIP","floor":3},{"not_picked":["Guardian:Reroute","Guardian:PrismaticBeam"],"picked":"Guardian:Gem_Fragmented","floor":4},{"not_picked":["Guardian:Repulse","Guardian:Preprogram","Guardian:Suspension"],"picked":"SKIP","floor":5},{"not_picked":["Guardian:FloatingOrbs","Guardian:Incinerate"],"picked":"Guardian:PiercingHide","floor":6},{"not_picked":["Guardian:Gem_Blue","Guardian:Reroute","Guardian:Planning+1"],"picked":"SKIP","floor":9},{"not_picked":["Guardian:PiercingHide+1","Guardian:Gem_Red"],"picked":"Guardian:Gem_White","floor":10},{"not_picked":["Guardian:Gem_Cyan","Guardian:TemporalShield+1"],"picked":"Guardian:Gem_Orange","floor":15},{"not_picked":["Guardian:Suspension+1","Guardian:Gem_Red","Guardian:GuardianWhirl"],"picked":"SKIP","floor":16},{"not_picked":["Guardian:TimeBomb+1","Guardian:PolyBeam"],"picked":"Guardian:Gem_Cyan","floor":17},{"not_picked":["Guardian:Gem_Synthetic","Guardian:StasisField+1"],"picked":"Guardian:ExploitGems+1","floor":18},{"not_picked":["Guardian:PrimingBeam","Guardian:Recover"],"picked":"Guardian:PiercingHide","floor":23},{"not_picked":["Guardian:WalkerClaw+1","Guardian:Gem_Green"],"picked":"Guardian:Gem_Fragmented","floor":24},{"not_picked":["Guardian:ChargeCore","Guardian:GuardianWhirl","Guardian:Gem_Red"],"picked":"SKIP","floor":27},{"not_picked":["Guardian:RollAttack","Guardian:Suspension","Guardian:Recover"],"picked":"SKIP","floor":29},{"not_picked":["Guardian:RefractedBeam+1","Guardian:BronzeArmor+1"],"picked":"Guardian:Gem_Cyan","floor":31},{"not_picked":["Guardian:Gem_Cyan","Guardian:Clone"],"picked":"Guardian:Gem_Orange","floor":33},{"not_picked":["Guardian:RollAttack","Guardian:EvasiveProtocol","Guardian:Gem_Red"],"picked":"SKIP","floor":34},{"not_picked":["Guardian:TimeCapacitor","Guardian:TemporalStrike","Guardian:Gem_Red"],"picked":"SKIP","floor":38},{"not_picked":["Guardian:Gem_Lightblue","Guardian:RevengeProtocol"],"picked":"Guardian:Gem_Cyan","floor":39},{"not_picked":["Guardian:ShieldCharger","Guardian:Gem_Purple","Guardian:Recover"],"picked":"SKIP","floor":41},{"not_picked":["Guardian:ChargeCore","Guardian:Orbwalk","Guardian:Gem_Red"],"picked":"SKIP","floor":42},{"not_picked":["Guardian:ShieldSpikes","Guardian:Reroute","Guardian:TimeBomb+1"],"picked":"SKIP","floor":44},{"not_picked":["Guardian:TemporalShield","Guardian:Gem_Purple","Guardian:ChargeCore"],"picked":"SKIP","floor":45},{"not_picked":["Guardian:Gem_Green","Guardian:TemporalShield+1"],"picked":"Guardian:SentryBeam","floor":46},{"not_picked":["Guardian:Gem_Lightblue","Guardian:RefractedBeam","Guardian:PiercingHide+1"],"picked":"SKIP","floor":47},{"not_picked":["Guardian:RollAttack","Guardian:Gem_Lightblue","Guardian:PiercingHide"],"picked":"SKIP","floor":48},{"not_picked":["Guardian:Gem_Orange","Guardian:TemporalStrike","Guardian:SpikerProtocol"],"picked":"SKIP","floor":51}],"player_experience":1630383,"relics_obtained":[{"floor":7,"key":"Toxic Egg 2"},{"floor":16,"key":"Pen Nib"},{"floor":27,"key":"Strawberry"},{"floor":37,"key":"Mercury Hourglass"},{"floor":39,"key":"StSpp:SailingBoat"},{"floor":43,"key":"hubris:SlimyHat"},{"floor":46,"key":"Smiling Mask"}],"event_choices":[{"damage_healed":0,"gold_gain":0,"player_choice":"Inject Mutagens","damage_taken":0,"relics_obtained":["MutagenicStrength"],"max_hp_gain":0,"max_hp_loss":0,"event_name":"Drug Dealer","floor":21,"gold_loss":0},{"cards_removed":["Guardian:TwinSlam"],"damage_healed":0,"gold_gain":0,"player_choice":"Removed Attack","damage_taken":0,"max_hp_gain":0,"max_hp_loss":0,"event_name":"Falling","floor":50,"gold_loss":0}],"is_beta":false,"boss_relics":[{"not_picked":["hubris:Stopwatch","StSpp:Magatama"],"picked":"Replay:Wanted Poster"},{"not_picked":["StSpp:CrystalBall","Pandora\u0027s Box","ChewingGum"]}],"items_purged_floors":[24,41],"is_endless":false,"potions_floor_spawned":[3,10,15,31,33,38,44,45,47,48],"killed_by":"WA_ARCHETYPE_DIVINITY","ascension_level":12}}