{"host":"ydg0vn0pu4pubmdt","time":1612607500,"event":{"mods":["AchievementEnabler","BaseMod","Colored Map","Gold Saver","Minty Spire (QoL Compilation)","Quick Restart","SuperFastMode"],"gold_per_floor":[18,18,29,29,104,29,46,46,46,46,62,77,105,119,119,198,198,213,230,241,254,271,271,301,301,301,314,314,314,346,363,363,442,442,452,468,468,488,488,488,508,533,533,533,548,597,497,522,522,522,522],"floor_reached":52,"language":"KOR","playtime":1473,"items_purged":["Defend_P","Strike_P"],"score":2002,"play_id":"39b0062d-9dc6-49f1-8fd5-2dc024098346","local_time":"20210206193140","is_ascension_mode":true,"campfire_choices":[{"floor":8.0,"key":"REST"},{"data":"Eruption","floor":10.0,"key":"SMITH"},{"data":"Tantrum","floor":15.0,"key":"SMITH"},{"data":"Scrawl","floor":23.0,"key":"SMITH"},{"data":"MentalFortress","floor":25.0,"key":"SMITH"},{"data":"FlurryOfBlows","floor":28.0,"key":"SMITH"},{"data":"Halt","floor":32.0,"key":"SMITH"},{"data":"Adaptation","floor":40.0,"key":"SMITH"},{"data":"WheelKick","floor":49,"key":"SMITH"}],"circlet_count":0,"master_deck":["AscendersBane","Strike_P+1","Defend_P+1","Eruption+1","Vigilance","Tantrum+1","InnerPeace","WheelKick+1","Halt+1","EmptyBody","FearNoEvil+1","BattleHymn+1","Pray+1","FlurryOfBlows+1","Scrawl+1","MentalFortress+1","Adaptation+1","Adaptation+1"],"relics":["PureWater","Ginger","TeardropLocket","Mango","Astrolabe","Happy Flower","Shuriken","Letter Opener","Runic Pyramid","Blood Vial","Frozen Egg 2","Bird Faced Urn","CaptainsWheel"],"acts_visited":["Exordium","TheCity","TheBeyond"],"potions_floor_usage":[46],"damage_taken":[{"damage":0.0,"enemies":"Cultist","floor":1.0,"turns":2.0},{"damage":0.0,"enemies":"Small Slimes","floor":3.0,"turns":2.0},{"damage":2.0,"enemies":"Jaw Worm","floor":7.0,"turns":2.0},{"damage":0.0,"enemies":"2 Fungi Beasts","floor":11.0,"turns":2.0},{"damage":0.0,"enemies":"Large Slime","floor":12.0,"turns":2.0},{"damage":20.0,"enemies":"Gremlin Nob","floor":13.0,"turns":3.0},{"damage":0.0,"enemies":"Blue Slaver","floor":14.0,"turns":2.0},{"damage":0.0,"enemies":"Slime Boss","floor":16.0,"turns":3.0},{"damage":0.0,"enemies":"Spheric Guardian","floor":18.0,"turns":2.0},{"damage":1.0,"enemies":"Shell Parasite","floor":19.0,"turns":2.0},{"damage":0.0,"enemies":"Centurion and Healer","floor":20.0,"turns":3.0},{"damage":2.0,"enemies":"Snecko","floor":21.0,"turns":3.0},{"damage":0.0,"enemies":"Shelled Parasite and Fungi","floor":22.0,"turns":2.0},{"damage":26.0,"enemies":"Slavers","floor":24.0,"turns":4.0},{"damage":0.0,"enemies":"3 Cultists","floor":27.0,"turns":3.0},{"damage":7.0,"enemies":"Gremlin Leader","floor":30.0,"turns":3.0},{"damage":1.0,"enemies":"Snake Plant","floor":31.0,"turns":2.0},{"damage":35.0,"enemies":"Collector","floor":33.0,"turns":5.0},{"damage":3.0,"enemies":"Orb Walker","floor":35.0,"turns":2.0},{"damage":18.0,"enemies":"3 Shapes","floor":36.0,"turns":2.0},{"damage":0.0,"enemies":"Spire Growth","floor":38.0,"turns":2.0},{"damage":0.0,"enemies":"Maw","floor":41.0,"turns":4.0},{"damage":2.0,"enemies":"Reptomancer","floor":42.0,"turns":4.0},{"damage":18,"enemies":"3 Darklings","floor":45,"turns":2},{"damage":11,"enemies":"2 Orb Walkers","floor":46,"turns":2},{"damage":0,"enemies":"Mind Bloom Boss Battle","floor":48,"turns":3},{"damage":0,"enemies":"Donu and Deca","floor":50,"turns":3},{"damage":28,"enemies":"Time Eater","floor":51,"turns":6}],"seed_played":"560832218141436451","potions_obtained":[{"floor":1.0,"key":"CultistPotion"},{"floor":7.0,"key":"BlessingOfTheForge"},{"floor":16.0,"key":"Swift Potion"},{"floor":18.0,"key":"AttackPotion"},{"floor":20.0,"key":"Regen Potion"},{"floor":24.0,"key":"SteroidPotion"},{"floor":30.0,"key":"Weak Potion"},{"floor":38.0,"key":"BlessingOfTheForge"},{"floor":42.0,"key":"DistilledChaos"},{"floor":48,"key":"Fire Potion"}],"is_trial":false,"path_per_floor":["M","?","M","?","?","$","M","R","T","R","M","M","E","M","R","B",null,"M","M","M","M","M","R","E","R","T","M","R","?","E","M","R","B",null,"M","M","?","M","?","R","M","E","T","?","M","?","$","?","R","B","B",null],"character_chosen":"WATCHER","items_purchased":[],"campfire_rested":1,"item_purchase_floors":[],"current_hp_per_floor":[61,61,61,41,30,30,28,48,48,48,48,48,42,42,42,42,72,72,71,71,69,69,69,55,55,55,55,55,55,48,47,47,12,65,62,44,34,34,34,34,34,32,32,67,49,40,40,50,50,60,42],"gold":522,"neow_bonus":"ONE_RARE_RELIC","is_daily":false,"chose_seed":false,"campfire_upgraded":8,"win_rate":0.0,"timestamp":1612607500,"path_taken":["M","?","?","?","?","?","M","R","T","R","M","M","E","M","R","BOSS","M","M","M","M","M","R","E","R","T","M","R","?","E","M","R","BOSS","M","M","?","M","?","R","M","E","T","?","M","?","?","?","R","BOSS","BOSS"],"items_purchased_type":[],"build_version":"2020-12-22","purchased_purges":2,"victory":true,"max_hp_per_floor":[68,68,68,68,68,68,68,68,68,68,68,68,82,82,82,82,82,82,82,82,82,82,82,82,82,82,82,82,82,82,82,82,82,82,82,82,82,82,82,82,82,82,82,67,67,67,67,67,67,67,67],"card_choices":[{"not_picked":["Swivel","FollowUp"],"picked":"Tantrum","floor":1.0},{"not_picked":["FlyingSleeves","Meditate","ClearTheMind"],"picked":"SKIP","floor":3.0},{"not_picked":["DeceiveReality","Crescendo"],"picked":"InnerPeace","floor":7.0},{"not_picked":["CarveReality","TalkToTheHand"],"picked":"WheelKick","floor":11.0},{"not_picked":["BowlingBash","FollowUp"],"picked":"Halt","floor":12.0},{"not_picked":["Study","JustLucky"],"picked":"EmptyBody","floor":13.0},{"not_picked":["PathToVictory","Devotion","SashWhip"],"picked":"SKIP","floor":14.0},{"not_picked":["FlyingSleeves","EmptyFist","EmptyBody"],"picked":"SKIP","floor":18.0},{"not_picked":["Prostrate","FearNoEvil"],"picked":"FlurryOfBlows","floor":19.0},{"not_picked":["ForeignInfluence","Consecrate"],"picked":"Scrawl","floor":20.0},{"not_picked":["EmptyFist","ReachHeaven"],"picked":"MentalFortress","floor":21.0},{"not_picked":["Tantrum","Perseverance","Fasting2"],"picked":"SKIP","floor":22.0},{"not_picked":["EmptyFist","ForeignInfluence","PathToVictory"],"picked":"SKIP","floor":24.0},{"not_picked":["Tantrum","Crescendo","DeceiveReality"],"picked":"SKIP","floor":27.0},{"not_picked":["Tantrum","Crescendo","DeceiveReality"],"picked":"SKIP","floor":27.0},{"not_picked":["FlyingSleeves","LessonLearned","WreathOfFlame"],"picked":"SKIP","floor":30.0},{"not_picked":["EmptyFist","Halt","Tantrum"],"picked":"SKIP","floor":31.0},{"not_picked":["EmptyFist","Wallop","Indignation"],"picked":"SKIP","floor":35.0},{"not_picked":["SashWhip","WreathOfFlame"],"picked":"Adaptation","floor":36.0},{"not_picked":["EmptyFist","Halt+1","SashWhip"],"picked":"SKIP","floor":38.0},{"not_picked":["FearNoEvil+1","FlurryOfBlows+1","PathToVictory+1"],"picked":"SKIP","floor":41.0},{"not_picked":["Evaluate","FollowUp+1","FlurryOfBlows+1"],"picked":"SKIP","floor":42.0},{"not_picked":["Protect","ClearTheMind","SandsOfTime"],"picked":"SKIP","floor":45},{"not_picked":["EmptyMind+1","FlurryOfBlows+1"],"picked":"Adaptation+1","floor":46}],"player_experience":644977,"relics_obtained":[{"floor":9.0,"key":"TeardropLocket"},{"floor":13.0,"key":"Mango"},{"floor":24.0,"key":"Happy Flower"},{"floor":26.0,"key":"Shuriken"},{"floor":30.0,"key":"Letter Opener"},{"floor":42.0,"key":"Blood Vial"},{"floor":43.0,"key":"Frozen Egg 2"},{"floor":46,"key":"Bird Faced Urn"},{"floor":48,"key":"CaptainsWheel"}],"event_choices":[{"cards_removed":["Strike_P"],"damage_healed":0.0,"max_hp_gain":0.0,"max_hp_loss":0.0,"gold_gain":0.0,"event_name":"Bonfire Elementals","player_choice":"Offered Basic","floor":2.0,"gold_loss":0.0,"damage_taken":0.0},{"damage_healed":0.0,"max_hp_gain":0.0,"max_hp_loss":0.0,"gold_gain":0.0,"event_name":"Shining Light","player_choice":"Entered Light","floor":4.0,"gold_loss":0.0,"damage_taken":20.0,"cards_upgraded":["Defend_P","Strike_P"]},{"damage_healed":0.0,"max_hp_gain":0.0,"max_hp_loss":0.0,"gold_gain":75.0,"event_name":"World of Goop","player_choice":"Gather Gold","floor":5.0,"gold_loss":0.0,"damage_taken":11.0},{"damage_healed":0.0,"max_hp_gain":0.0,"max_hp_loss":0.0,"gold_gain":0.0,"event_name":"Ghosts","player_choice":"Ignored","floor":29.0,"gold_loss":0.0,"damage_taken":0.0},{"damage_healed":0.0,"max_hp_gain":0.0,"max_hp_loss":0.0,"gold_gain":0.0,"event_name":"SensoryStone","player_choice":"Memory 3","floor":37.0,"gold_loss":0.0,"damage_taken":10.0},{"damage_healed":0.0,"max_hp_gain":0.0,"max_hp_loss":0.0,"gold_gain":0.0,"event_name":"Tomb of Lord Red Mask","player_choice":"Ignored","floor":39.0,"gold_loss":0.0,"damage_taken":0.0},{"damage_healed":67,"gold_gain":0,"player_choice":"Heal","damage_taken":0,"max_hp_gain":0,"max_hp_loss":15,"event_name":"The Moai Head","floor":44,"gold_loss":0},{"damage_healed":0,"gold_gain":0,"player_choice":"Fight","damage_taken":0,"max_hp_gain":0,"max_hp_loss":0,"event_name":"Mysterious Sphere","floor":46,"gold_loss":0},{"damage_healed":0,"gold_gain":0,"player_choice":"Fight","damage_taken":0,"max_hp_gain":0,"max_hp_loss":0,"event_name":"MindBloom","floor":48,"gold_loss":0}],"is_beta":false,"boss_relics":[{"not_picked":["HolyWater","Busted Crown"],"picked":"Astrolabe"},{"not_picked":["Calling Bell","SlaversCollar"],"picked":"Runic Pyramid"}],"items_purged_floors":[6,47],"is_endless":false,"potions_floor_spawned":[1,7,16,18,20,24,30,38,41,42,48],"ascension_level":20}}