{"host":"ijf4uk0u2tt2bygg","time":1612620391,"event":{"mods":["2.2 Compatiblity","AchievementEnabler","BaseMod","BetterRewards","Block Reminder","Colored Map","Colored Powertips","Curses Come First","DeckTracker","Highlight Path","Minty Spire (QoL Compilation)","Permanent Neow","Quick Restart","Relic Stats","StSLib","Unknown Chances"],"gold_per_floor":[111,144,144,53,84,84,14,14,37,37,37,73,123,140,140,263,263,298,318,318,334,334,334,334,334,334,259,259,8,8,27,27,27,27],"floor_reached":33,"language":"ENG","playtime":3066,"items_purged":[],"score":288,"play_id":"2903da5d-0792-4090-8ea8-360a7b0b66ba","local_time":"20210206160631","is_ascension_mode":false,"campfire_choices":[{"data":"HandOfGreed","floor":6,"key":"SMITH"},{"data":"Noxious Fumes","floor":8,"key":"SMITH"},{"floor":15,"key":"REST"},{"floor":23,"key":"REST"},{"data":"Noxious Fumes","floor":25,"key":"SMITH"},{"data":"Terror","floor":28,"key":"SMITH"},{"data":"Bite","floor":32,"key":"SMITH"}],"circlet_count":0,"master_deck":["Defend_G","Defend_G","Defend_G","Defend_G","Survivor","Neutralize","Tactician+1","HandOfGreed+1","Predator","Terror+1","Dagger Spray+1","Deadly Poison","Flechettes","Good Instincts","Calculated Gamble","Noxious Fumes+1","Iron Wave","Eviscerate","Backstab","Well Laid Plans","Bullet Time","Dodge and Roll","Noxious Fumes+1","Prepared+1","Poisoned Stab","Dagger Throw","Bite","Bite","Bite","Bite","Bite+1","Outmaneuver"],"relics":["Ring of the Snake","Ninja Scroll","Medical Kit","Potion Belt","Black Star","Nloth\u0027s Gift","Oddly Smooth Stone","Orichalcum"],"acts_visited":["Exordium","TheCity"],"potions_floor_usage":[16,19,24,24,33],"damage_taken":[{"damage":0,"enemies":"Jaw Worm","floor":1,"turns":3},{"damage":0,"enemies":"Cultist","floor":2,"turns":4},{"damage":0,"enemies":"2 Louse","floor":5,"turns":1},{"damage":17,"enemies":"Large Slime","floor":12,"turns":6},{"damage":12,"enemies":"Lagavulin","floor":13,"turns":5},{"damage":7,"enemies":"Red Slaver","floor":14,"turns":2},{"damage":7,"enemies":"Hexaghost","floor":16,"turns":8},{"damage":27,"enemies":"Shell Parasite","floor":18,"turns":5},{"damage":0,"enemies":"Spheric Guardian","floor":19,"turns":3},{"damage":10,"enemies":"Snecko","floor":21,"turns":3},{"damage":14,"enemies":"Gremlin Leader","floor":24,"turns":4},{"damage":13,"enemies":"Snake Plant","floor":31,"turns":4},{"damage":81,"enemies":"Automaton","floor":33,"turns":6}],"seed_played":"1151161961724017621","potions_obtained":[{"floor":2,"key":"FearPotion"},{"floor":13,"key":"SteroidPotion"},{"floor":14,"key":"SmokeBomb"},{"floor":18,"key":"LiquidMemories"},{"floor":31,"key":"LiquidMemories"}],"is_trial":false,"path_per_floor":["M","M","?","$","M","R","$","R","T","?","?","M","E","M","R","B",null,"M","M","?","M","?","R","E","R","T","?","R","$","?","M","R","B"],"character_chosen":"THE_SILENT","items_purchased":["Ninja Scroll","Medical Kit","Tactician","HandOfGreed","Predator","Good Instincts","Noxious Fumes","Orichalcum","Poisoned Stab","Dagger Throw"],"campfire_rested":2,"item_purchase_floors":[0,0,0,0,0,4,7,29,29,29],"current_hp_per_floor":[56,56,56,56,56,56,56,56,56,42,42,25,13,6,27,20,70,43,43,43,33,33,54,40,40,40,40,40,40,40,33,33,0,0],"gold":27,"neow_bonus":"","is_daily":false,"chose_seed":false,"campfire_upgraded":5,"win_rate":0.0,"timestamp":1612620391,"path_taken":["M","M","?","?","M","R","$","R","T","?","?","M","E","M","R","BOSS","M","M","?","?","?","R","E","R","T","?","R","$","?","M","R","BOSS"],"items_purchased_type":["Relic","Relic","Card","Card","Card","Card","Card","Relic","Card","Card"],"build_version":"2020-12-22","purchased_purges":0,"victory":false,"max_hp_per_floor":[70,70,70,70,70,70,70,70,70,70,70,70,70,70,70,70,70,70,70,70,70,70,70,70,70,70,70,70,70,49,49,49,49,49],"relic_stats":{"counters":[31,138],"Black Star":1,"Nloth\u0027s Gift":0,"Orichalcum":[24],"Medical Kit":[1],"obtain_stats":[{"Darkstone Periapt":26,"Potion Belt":13,"Girya":27,"Lantern":22,"Calipers":24,"Self Forming Clay":0,"Velvet Choker":17,"Oddly Smooth Stone":26,"Ginger":0,"Frozen Egg 2":9,"Odd Mushroom":12,"Orichalcum":29,"Medical Kit":0,"Ancient Tea Set":9,"Burning Blood":0,"Lizard Tail":22,"Sundial":27,"Ninja Scroll":0,"Black Star":17,"Nloth\u0027s Gift":20,"Ring of the Snake":20},{"Darkstone Periapt":13,"Potion Belt":23,"Girya":15,"Lantern":12,"Calipers":13,"Self Forming Clay":0,"Velvet Choker":9,"Oddly Smooth Stone":29,"Ginger":0,"Frozen Egg 2":5,"Odd Mushroom":7,"Orichalcum":29,"Medical Kit":18,"Ancient Tea Set":21,"Burning Blood":0,"Lizard Tail":12,"Sundial":15,"Ninja Scroll":18,"Black Star":25,"Nloth\u0027s Gift":27,"Ring of the Snake":27},{"Darkstone Periapt":61,"Potion Belt":103,"Girya":69,"Lantern":54,"Calipers":61,"Self Forming Clay":0,"Velvet Choker":42,"Oddly Smooth Stone":128,"Ginger":0,"Frozen Egg 2":21,"Odd Mushroom":30,"Orichalcum":128,"Medical Kit":84,"Ancient Tea Set":92,"Burning Blood":0,"Lizard Tail":54,"Sundial":69,"Ninja Scroll":84,"Black Star":113,"Nloth\u0027s Gift":121,"Ring of the Snake":121}],"Ring of the Snake":[26]},"card_choices":[{"not_picked":["Blade Dance","Riddle With Holes"],"picked":"Terror","floor":1},{"not_picked":["Deflect","Acrobatics"],"picked":"Dagger Spray","floor":2},{"not_picked":["Leg Sweep","Riddle With Holes"],"picked":"Calculated Gamble","floor":5},{"not_picked":["Slice","Underhanded Strike"],"picked":"Eviscerate","floor":12},{"not_picked":["Glass Knife","Blade Dance"],"picked":"Backstab","floor":13},{"not_picked":["Dodge and Roll","Riddle With Holes"],"picked":"Well Laid Plans","floor":14},{"not_picked":["A Thousand Cuts","Die Die Die"],"picked":"Bullet Time","floor":16},{"not_picked":["Predator","Deadly Poison"],"picked":"Dodge and Roll","floor":18},{"not_picked":["Prepared","PiercingWail"],"picked":"Noxious Fumes","floor":19},{"not_picked":["Reflex","PiercingWail"],"picked":"Prepared+1","floor":21},{"not_picked":["Underhanded Strike","Slice"],"picked":"Outmaneuver","floor":31}],"player_experience":3212,"relics_obtained":[{"floor":9,"key":"Ancient Tea Set"},{"floor":13,"key":"Potion Belt"},{"floor":26,"key":"Oddly Smooth Stone"}],"event_choices":[{"damage_healed":0,"gold_gain":0,"player_choice":"2 cards matched","damage_taken":0,"max_hp_gain":0,"max_hp_loss":0,"event_name":"Match and Keep!","floor":3,"gold_loss":0,"cards_obtained":["Deadly Poison","Flechettes"]},{"damage_healed":0,"gold_gain":0,"player_choice":"Entered Light","damage_taken":14,"max_hp_gain":0,"max_hp_loss":0,"event_name":"Shining Light","floor":10,"gold_loss":0,"cards_upgraded":["Dagger Spray","Tactician"]},{"cards_removed":["Defend_G"],"damage_healed":0,"gold_gain":0,"player_choice":"Took Card","damage_taken":0,"max_hp_gain":0,"max_hp_loss":0,"event_name":"NoteForYourself","floor":11,"gold_loss":0,"cards_obtained":["Iron Wave"]},{"damage_healed":0,"gold_gain":0,"player_choice":"Traded Relic","damage_taken":0,"relics_obtained":["Nloth\u0027s Gift"],"max_hp_gain":0,"max_hp_loss":0,"event_name":"N\u0027loth","floor":20,"relics_lost":["Ancient Tea Set"],"gold_loss":0},{"damage_healed":0,"gold_gain":0,"player_choice":"Smashed Altar","damage_taken":0,"max_hp_gain":0,"max_hp_loss":0,"event_name":"Forgotten Altar","floor":22,"gold_loss":0,"cards_obtained":["Decay"]},{"cards_removed":["Decay"],"damage_healed":0,"gold_gain":0,"player_choice":"Gave Gold","damage_taken":0,"max_hp_gain":0,"max_hp_loss":0,"event_name":"Beggar","floor":27,"gold_loss":75},{"damage_healed":0,"gold_gain":0,"player_choice":"Became a vampire","damage_taken":0,"max_hp_gain":0,"max_hp_loss":21,"event_name":"Vampires","floor":30,"gold_loss":0,"cards_obtained":["Bite","Bite","Bite","Bite","Bite"]}],"is_beta":false,"boss_relics":[{"not_picked":["Runic Pyramid","Sozu"],"picked":"Black Star"}],"items_purged_floors":[],"is_endless":false,"potions_floor_spawned":[2,13,14,18,24,31],"killed_by":"Automaton","ascension_level":0}}