{"host":"ptk1shuto3uimndw","time":1612628176,"event":{"mods":["AchievementEnabler","BaseMod","Bestiary","Colored Map","Colored Powertips","Curses Come First","Minty Spire (QoL Compilation)","Quick Restart","Rare Cards Sparkle","Relic Stats","StSLib","Uncapped"],"gold_per_floor":[115,115,40,40,40,40,65,81,104,135,135,153,164,218,230,342,354,414,1,26,26,125,125,155,26,26,26,54,54,54,85,85,218,218,258,302,23,23,66,96,142,142,142,142,142,174,174,203,203,203],"floor_reached":51,"language":"ENG","playtime":1767,"items_purged":["Clumsy","Strike_P+1"],"score":1112,"play_id":"387e9268-c2bb-4fc3-8ee6-e207691cfd04","local_time":"20210206171616","is_ascension_mode":true,"campfire_choices":[{"data":"Eruption","floor":6.0,"key":"SMITH"},{"data":"CarveReality","floor":11.0,"key":"SMITH"},{"data":"Wish","floor":15.0,"key":"SMITH"},{"floor":23.0,"key":"DIG"},{"floor":27,"key":"REST"},{"floor":29,"key":"DIG"},{"floor":32,"key":"DIG"},{"floor":42,"key":"DIG"},{"floor":47,"key":"DIG"},{"floor":49,"key":"DIG"}],"circlet_count":0,"master_deck":["Strike_P+1","Strike_P+1","Defend_P+1","Defend_P+1","Defend_P+1","Defend_P+1","Eruption+1","Vigilance","CarveReality+1","Conclude+1","ThirdEye","Meditate+1","Wish+1","LessonLearned+1","EmptyBody+1","Protect+1","EmptyBody","Tantrum","Blasphemy","FlurryOfBlows+1","TalkToTheHand","LikeWater","Consecrate+1","TalkToTheHand+1"],"relics":["PureWater","Calipers","Gambling Chip","Bag of Marbles","The Courier","MawBank","Black Star","Membership Card","HornCleat","Shovel","Bronze Scales","Akabeko","Bird Faced Urn","Yang","Whetstone","PreservedInsect","Ice Cream","Oddly Smooth Stone","MealTicket","Orichalcum","Red Mask","Happy Flower","Snecko Eye","Sling","Molten Egg 2","GoldenEye","Shuriken","Dream Catcher","Sundial","Art of War","Bag of Preparation","Blue Candle","Incense Burner","Anchor"],"acts_visited":["Exordium","TheCity","TheBeyond"],"potions_floor_usage":[24,33,40,50,50,50],"damage_taken":[{"damage":1.0,"enemies":"Cultist","floor":1.0,"turns":5.0},{"damage":4.0,"enemies":"Gremlin Nob","floor":7.0,"turns":3.0},{"damage":2.0,"enemies":"Jaw Worm","floor":8.0,"turns":2.0},{"damage":0.0,"enemies":"Lagavulin","floor":10.0,"turns":2.0},{"damage":0.0,"enemies":"Small Slimes","floor":12.0,"turns":2.0},{"damage":0.0,"enemies":"Exordium Wildlife","floor":13.0,"turns":1.0},{"damage":20.0,"enemies":"3 Sentries","floor":14.0,"turns":3.0},{"damage":29.0,"enemies":"Hexaghost","floor":16.0,"turns":8.0},{"damage":44.0,"enemies":"Shell Parasite","floor":18.0,"turns":8.0},{"damage":8,"enemies":"Book of Stabbing","floor":24,"turns":5},{"damage":0,"enemies":"Slavers","floor":28,"turns":2},{"damage":0,"enemies":"Masked Bandits","floor":31,"turns":3},{"damage":29,"enemies":"Automaton","floor":33,"turns":12},{"damage":0,"enemies":"3 Darklings","floor":35,"turns":1},{"damage":0,"enemies":"Orb Walker","floor":36,"turns":2},{"damage":2,"enemies":"Writhing Mass","floor":39,"turns":3},{"damage":5,"enemies":"Nemesis","floor":40,"turns":3},{"damage":0,"enemies":"Spire Growth","floor":41,"turns":4},{"damage":0,"enemies":"Reptomancer","floor":46,"turns":3},{"damage":0,"enemies":"Nemesis","floor":48,"turns":1},{"damage":36,"enemies":"Awakened One","floor":50,"turns":8}],"seed_played":"1222802992962962979","potions_obtained":[{"floor":1.0,"key":"StancePotion"},{"floor":8.0,"key":"PowerPotion"},{"floor":13.0,"key":"SkillPotion"},{"floor":24,"key":"Ancient Potion"},{"floor":40,"key":"Swift Potion"},{"floor":41,"key":"Explosive Potion"}],"is_trial":false,"path_per_floor":["M","?","$","?","?","R","E","M","T","E","R","M","M","E","R","B",null,"M","$","T","?","?","R","E","$","T","R","E","R","?","?","R","B",null,"M","M","$","?","M","E","M","R","T","?","?","E","R","E","R","B",null],"character_chosen":"WATCHER","items_purchased":["Membership Card","EmptyBody","HornCleat","Shovel","Bronze Scales","PreservedInsect","EmptyBody","TalkToTheHand","LikeWater","LikeWater","LikeWater","Sling","Molten Egg 2"],"campfire_rested":1,"item_purchase_floors":[19,19,19,19,19,25,25,37,37,37,37,37,37],"current_hp_per_floor":[71,76,76,76,76,76,72,70,70,70,70,70,70,50,50,21,77,33,33,33,33,33,33,25,25,25,48,48,48,48,48,48,21,77,77,77,77,77,75,70,70,70,70,70,70,72,72,72,72,37],"gold":203,"neow_bonus":"ONE_RARE_RELIC","is_daily":false,"chose_seed":false,"campfire_upgraded":3,"win_rate":0.0,"timestamp":1612628176,"path_taken":["M","?","$","?","?","R","E","M","T","E","R","?","?","E","R","BOSS","M","$","?","?","?","R","E","$","T","R","E","R","?","?","R","BOSS","M","M","$","?","M","E","?","R","T","?","?","E","R","E","R","BOSS"],"items_purchased_type":["Relic","Card","Relic","Relic","Relic","Relic","Card","Card","Card","Card","Card","Relic","Relic"],"build_version":"2020-12-22","purchased_purges":2,"victory":true,"max_hp_per_floor":[72,77,77,77,77,77,77,77,77,77,77,77,77,77,77,77,77,77,77,77,77,77,77,77,77,77,77,77,77,77,77,77,77,77,77,77,77,77,77,77,77,77,77,77,73,73,73,73,73,73],"relic_stats":{"Happy Flower":[12],"counters":[21,81],"Blue Candle":[0],"Yang":[99],"PreservedInsect":189,"Bag of Preparation":[4],"Whetstone":["Conclude","LessonLearned"],"Orichalcum":[30],"MawBank":60,"GoldenEye":[4],"Dream Catcher":0,"Shovel":6,"Shuriken":[7],"Sundial":[2],"Gambling Chip":[57],"Bronze Scales":[126],"Bird Faced Urn":[5],"Snecko Eye":[48,55,58,50],"MealTicket":0,"Black Star":5,"Art of War":[0],"obtain_stats":[{"Ice Cream":26,"Calipers":0,"Yang":24,"Bag of Preparation":47,"Incense Burner":48,"Whetstone":24,"Sling":37,"Dream Catcher":42,"HornCleat":19,"Shovel":19,"Sundial":46,"Gambling Chip":7,"MealTicket":28,"Red Mask":31,"Happy Flower":32,"Blue Candle":48,"Oddly Smooth Stone":28,"The Courier":10,"PreservedInsect":25,"Orichalcum":29,"MawBank":14,"GoldenEye":40,"Akabeko":20,"Anchor":49,"Shuriken":40,"Bronze Scales":19,"Bird Faced Urn":23,"Snecko Eye":34,"Molten Egg 2":37,"Bag of Marbles":9,"Black Star":17,"Art of War":46,"Membership Card":19,"PureWater":0},{"Ice Cream":10,"Calipers":0,"Yang":10,"Bag of Preparation":19,"Incense Burner":20,"Whetstone":10,"Sling":15,"Dream Catcher":18,"HornCleat":9,"Shovel":9,"Sundial":19,"Gambling Chip":2,"MealTicket":11,"Red Mask":12,"Happy Flower":12,"Blue Candle":20,"Oddly Smooth Stone":11,"The Courier":4,"PreservedInsect":10,"Orichalcum":11,"MawBank":7,"GoldenEye":17,"Akabeko":9,"Anchor":20,"Shuriken":17,"Bronze Scales":9,"Bird Faced Urn":9,"Snecko Eye":13,"Molten Egg 2":15,"Bag of Marbles":3,"Black Star":8,"Art of War":19,"Membership Card":9,"PureWater":0},{"Ice Cream":39,"Calipers":0,"Yang":39,"Bag of Preparation":72,"Incense Burner":73,"Whetstone":39,"Sling":59,"Dream Catcher":69,"HornCleat":34,"Shovel":34,"Sundial":72,"Gambling Chip":8,"MealTicket":41,"Red Mask":44,"Happy Flower":44,"Blue Candle":73,"Oddly Smooth Stone":41,"The Courier":12,"PreservedInsect":39,"Orichalcum":41,"MawBank":18,"GoldenEye":65,"Akabeko":34,"Anchor":73,"Shuriken":65,"Bronze Scales":34,"Bird Faced Urn":34,"Snecko Eye":56,"Molten Egg 2":59,"Bag of Marbles":10,"Black Star":26,"Art of War":72,"Membership Card":34,"PureWater":0}]},"card_choices":[{"not_picked":["EmptyFist","CrushJoints"],"picked":"CarveReality","floor":1.0},{"not_picked":["EmptyFist","Prostrate"],"picked":"Conclude","floor":7.0},{"not_picked":["Fasting2","EmptyFist","Protect"],"picked":"SKIP","floor":8.0},{"not_picked":["Indignation","PathToVictory"],"picked":"ThirdEye","floor":10.0},{"not_picked":["EmptyMind","CutThroughFate"],"picked":"Meditate","floor":12.0},{"not_picked":["ClearTheMind","EmptyBody"],"picked":"Wish","floor":13.0},{"not_picked":["FollowUp","SashWhip","Protect"],"picked":"SKIP","floor":14.0},{"not_picked":["ConjureBlade","Omniscience"],"picked":"LessonLearned","floor":16.0},{"not_picked":["FollowUp","ForeignInfluence+1","JustLucky"],"picked":"SKIP","floor":18.0},{"not_picked":["SignatureMove+1","Consecrate"],"picked":"Protect","floor":24},{"not_picked":["FlyingSleeves+1","SashWhip"],"picked":"Tantrum","floor":28},{"not_picked":["SpiritShield","Brilliance"],"picked":"Blasphemy","floor":33},{"not_picked":["Evaluate","BowlingBash","Prostrate"],"picked":"SKIP","floor":35},{"not_picked":["Evaluate","Fasting2+1"],"picked":"FlurryOfBlows+1","floor":36},{"not_picked":["EmptyMind","Consecrate+1"],"picked":"TalkToTheHand+1","floor":39},{"not_picked":["Collect","Nirvana+1","Consecrate+1"],"picked":"SKIP","floor":40},{"not_picked":["Prostrate+1","JustLucky+1","Indignation+1"],"picked":"SKIP","floor":41},{"not_picked":["PathToVictory+1","Crescendo","SpiritShield"],"picked":"SKIP","floor":46},{"not_picked":["WindmillStrike+1","PathToVictory+1","ForeignInfluence"],"picked":"SKIP","floor":48}],"player_experience":238482,"relics_obtained":[{"floor":7.0,"key":"Gambling Chip"},{"floor":9.0,"key":"Bag of Marbles"},{"floor":10.0,"key":"The Courier"},{"floor":14.0,"key":"MawBank"},{"floor":20.0,"key":"Akabeko"},{"floor":23.0,"key":"Bird Faced Urn"},{"floor":24,"key":"Yang"},{"floor":24,"key":"Whetstone"},{"floor":26,"key":"Ice Cream"},{"floor":28,"key":"Oddly Smooth Stone"},{"floor":28,"key":"MealTicket"},{"floor":29,"key":"Orichalcum"},{"floor":31,"key":"Red Mask"},{"floor":32,"key":"Happy Flower"},{"floor":40,"key":"GoldenEye"},{"floor":40,"key":"Shuriken"},{"floor":42,"key":"Dream Catcher"},{"floor":46,"key":"Sundial"},{"floor":46,"key":"Art of War"},{"floor":47,"key":"Bag of Preparation"},{"floor":48,"key":"Blue Candle"},{"floor":48,"key":"Incense Burner"},{"floor":49,"key":"Anchor"}],"event_choices":[{"damage_healed":0.0,"max_hp_gain":5.0,"max_hp_loss":0.0,"gold_gain":0.0,"event_name":"Big Fish","player_choice":"Donut","floor":2.0,"gold_loss":0.0,"damage_taken":0.0},{"cards_removed":["Strike_P"],"damage_healed":0.0,"max_hp_gain":0.0,"max_hp_loss":0.0,"gold_gain":0.0,"event_name":"Living Wall","player_choice":"Forget","floor":4.0,"gold_loss":0.0,"damage_taken":0.0},{"damage_healed":0.0,"max_hp_gain":0.0,"max_hp_loss":0.0,"gold_gain":0.0,"event_name":"Liars Game","player_choice":"Ignored","floor":5.0,"gold_loss":0.0,"damage_taken":0.0},{"damage_healed":0.0,"max_hp_gain":0.0,"max_hp_loss":0.0,"gold_gain":0.0,"event_name":"Back to Basics","player_choice":"Simplicity","floor":21.0,"gold_loss":0.0,"damage_taken":0.0,"cards_upgraded":["Strike_P","Strike_P","Strike_P","Defend_P","Defend_P","Defend_P"]},{"damage_healed":0.0,"max_hp_gain":0.0,"max_hp_loss":0.0,"gold_gain":99.0,"event_name":"Nest","player_choice":"Stole From Cult","floor":22.0,"gold_loss":0.0,"damage_taken":0.0},{"damage_healed":0,"gold_gain":0,"player_choice":"Ignored","damage_taken":0,"max_hp_gain":0,"max_hp_loss":0,"event_name":"Vampires","floor":30,"gold_loss":0},{"damage_healed":0,"gold_gain":0,"player_choice":"Fought Bandits","damage_taken":0,"max_hp_gain":0,"max_hp_loss":0,"event_name":"Masked Bandits","floor":31,"gold_loss":0},{"damage_healed":0,"gold_gain":0,"cards_transformed":["LikeWater"],"player_choice":"Transformed","damage_taken":0,"max_hp_gain":0,"max_hp_loss":0,"event_name":"Transmorgrifier","floor":38,"gold_loss":0,"cards_obtained":["Consecrate"]},{"cards_removed":["LikeWater"],"damage_healed":0,"gold_gain":0,"player_choice":"Removed Power","damage_taken":0,"max_hp_gain":0,"max_hp_loss":0,"event_name":"Falling","floor":44,"gold_loss":0},{"damage_healed":0,"gold_gain":0,"player_choice":"Max HP","damage_taken":0,"max_hp_gain":0,"max_hp_loss":4,"event_name":"Winding Halls","floor":45,"gold_loss":0}],"is_beta":false,"boss_relics":[{"not_picked":["Coffee Dripper","Sozu"],"picked":"Black Star"},{"not_picked":["Astrolabe","Philosopher\u0027s Stone"],"picked":"Snecko Eye"}],"items_purged_floors":[3,25],"is_endless":false,"potions_floor_spawned":[1,8,13,24,40,41],"ascension_level":3}}