{"host":"c3lc60y5x60jlt1y","time":1612638704,"event":{"mods":["AchievementEnabler","BaseMod","Bestiary","Colored Map","Minty Spire (QoL Compilation)","Quick Restart","StSLib","ojb\u0027s Info Mod"],"gold_per_floor":[117,142,142,162,36,36,36,70,70,102,120,120,153,170,170,170,170],"floor_reached":16,"language":"ENG","playtime":576,"items_purged":["Strike_P"],"score":336,"play_id":"6583fa24-6621-488c-9259-b37d1691cc3d","local_time":"20210206211144","is_ascension_mode":true,"campfire_choices":[{"data":"Eruption","floor":6,"key":"SMITH"},{"data":"Devotion","floor":15,"key":"SMITH"}],"circlet_count":0,"master_deck":["AscendersBane","Strike_P","Strike_P","Strike_P","Defend_P","Defend_P","Defend_P","Eruption+1","Vigilance","Adaptation","ThirdEye","PathToVictory","Tantrum","FlyingSleeves","CutThroughFate","Devotion+1"],"relics":["PureWater","NeowsBlessing","Omamori","PreservedInsect","Peace Pipe","Gambling Chip","Incense Burner","Bag of Preparation"],"acts_visited":["Exordium"],"potions_floor_usage":[10,16,16],"damage_taken":[{"damage":0,"enemies":"Cultist","floor":1,"turns":1},{"damage":0,"enemies":"Small Slimes","floor":4,"turns":1},{"damage":0,"enemies":"Gremlin Nob","floor":8,"turns":1},{"damage":18,"enemies":"3 Sentries","floor":10,"turns":7},{"damage":3,"enemies":"2 Louse","floor":11,"turns":2},{"damage":0,"enemies":"Lagavulin","floor":13,"turns":3},{"damage":0,"enemies":"2 Fungi Beasts","floor":14,"turns":2},{"damage":33,"enemies":"The Guardian","floor":16,"turns":7}],"seed_played":"1002519344475649640","potions_obtained":[{"floor":1,"key":"Dexterity Potion"},{"floor":4,"key":"AttackPotion"},{"floor":11,"key":"BottledMiracle"}],"is_trial":false,"path_per_floor":["M","T","?","M","$","R","?","E","T","E","M","?","E","M","R","B"],"character_chosen":"WATCHER","items_purchased":["PathToVictory"],"campfire_rested":0,"item_purchase_floors":[5],"current_hp_per_floor":[61,61,61,61,61,61,50,50,50,32,29,29,29,29,29,0,0],"gold":170,"neow_bonus":"THREE_ENEMY_KILL","is_daily":false,"chose_seed":false,"campfire_upgraded":2,"win_rate":0.0,"timestamp":1612638704,"path_taken":["M","?","?","?","$","R","?","E","T","E","M","?","E","M","R","BOSS"],"items_purchased_type":["Card"],"build_version":"2020-12-22","purchased_purges":1,"victory":false,"max_hp_per_floor":[68,68,68,68,68,68,68,68,68,68,68,68,68,68,68,68,68],"card_choices":[{"not_picked":["Evaluate","InnerPeace"],"picked":"Adaptation","floor":1},{"not_picked":["SashWhip","FollowUp"],"picked":"ThirdEye","floor":4},{"not_picked":["Indignation","Pray"],"picked":"Tantrum","floor":8},{"not_picked":["Evaluate","Wish"],"picked":"FlyingSleeves","floor":10},{"not_picked":["Study","CrushJoints"],"picked":"CutThroughFate","floor":11},{"not_picked":["Swivel","DeceiveReality"],"picked":"Devotion","floor":13},{"not_picked":["Evaluate","FlyingSleeves","Halt"],"picked":"SKIP","floor":14}],"player_experience":9169950,"relics_obtained":[{"floor":2,"key":"Omamori"},{"floor":8,"key":"Peace Pipe"},{"floor":9,"key":"Gambling Chip"},{"floor":10,"key":"Incense Burner"},{"floor":13,"key":"Bag of Preparation"}],"event_choices":[{"cards_removed":["Defend_P"],"damage_healed":0,"gold_gain":0,"player_choice":"Offered Basic","damage_taken":0,"max_hp_gain":0,"max_hp_loss":0,"event_name":"Bonfire Elementals","floor":3,"gold_loss":0},{"damage_healed":0,"gold_gain":0,"player_choice":"Success","damage_taken":11,"relics_obtained":["PreservedInsect"],"max_hp_gain":0,"max_hp_loss":0,"event_name":"Scrap Ooze","floor":7,"gold_loss":0},{"damage_healed":0,"gold_gain":0,"player_choice":"Ignored","damage_taken":0,"max_hp_gain":0,"max_hp_loss":0,"event_name":"Liars Game","floor":12,"gold_loss":0}],"is_beta":false,"boss_relics":[],"items_purged_floors":[5],"is_endless":false,"potions_floor_spawned":[1,4,11],"killed_by":"The Guardian","ascension_level":20}}