{"host":"9mz6x6ekz95y53i5","time":1612607853,"event":{"mods":["AchievementEnabler","BaseMod","Colored Map","Colored Powertips","Downfall","Energized Spire","Minty Spire (QoL Compilation)","Quick Restart","Reliquary","Replay The Spire","SIMod","Spicy Shops","StSLib","The Bug Knight","UnlockEverythingMod","Warlord Emblem","¡¾ÒÅÎï¿¨ÅÆ¡¿REMEMod"],"gold_per_floor":[115,135,152,152,7,47,66,66,66,66,28,28,24,42,42,166,166,181,71,71,71,91,91,8,8,8],"floor_reached":25,"language":"ZHS","playtime":1536,"items_purged":["Injury","Strike_TS"],"score":207,"play_id":"a4d3f572-796c-4d1e-8fe6-07df9916a0f2","local_time":"20210206183733","is_ascension_mode":true,"campfire_choices":[{"data":"GemstoneDetection","floor":8,"key":"SMITH"},{"data":"FollowTherRainbow","floor":10,"key":"SMITH"},{"floor":15,"key":"REST"},{"floor":23,"key":"RECALL"}],"circlet_count":0,"master_deck":["Strike_AJ","Strike_RR","Strike_RD","Defend_PP","Defend_FS","Defend_AJ","ConcertedEfforts","HarmonyShield","Offering","AllByMyself","FollowTherRainbow+1","Stare","GemstoneDetection+1","PinkiePromise","Generousity","ServeMeal","ThunderCloud","PinkiePromise","Tornado","KillingWithKindness","Harmanyblast","FriendshipIsMagic","FriendOfNature","Honesty","ReplayTheSpireMod:Splinters","TasteRainbow","TenInstruments"],"relics":["The_element_of_harmony","REME_ComplimentaryCards","Bloody Idol","Membership Card","Snack Pack","ReplayTheSpireMod:DimensionalGlitch","reliquary:IridiumChain","Nilry\u0027s Codex","Girya","ReplayTheSpireMod:Lightbulb"],"acts_visited":["Exordium","TheCity"],"potions_floor_usage":[18,25],"damage_taken":[{"damage":9.0,"enemies":"Small Slimes","floor":1.0,"turns":4.0},{"damage":0.0,"enemies":"2 Louse","floor":2.0,"turns":5.0},{"damage":1.0,"enemies":"Jaw Worm","floor":3.0,"turns":6.0},{"damage":18,"enemies":"3 Sentries","floor":6,"turns":5},{"damage":10,"enemies":"Lots of Slimes","floor":7,"turns":1},{"damage":16,"enemies":"2 Fungi Beasts","floor":14,"turns":1},{"damage":37,"enemies":"Hexaghost","floor":16,"turns":9},{"damage":26,"enemies":"Spheric Guardian","floor":18,"turns":3},{"damage":51,"enemies":"REME_1_Revenger","floor":25,"turns":6}],"seed_played":"-5673513335691854292","potions_obtained":[{"floor":3.0,"key":"Fire Potion"},{"floor":16,"key":"Toxic Potion"},{"floor":18,"key":"PowerPotion"}],"is_trial":false,"path_per_floor":["M","M","M","?","$","E","M","R","T","R","$","?","$","M","R","B",null,"M","$","?","?","?","R","$","E"],"character_chosen":"TWI_CLASS","items_purchased":["Membership Card","PinkiePromise","reliquary:IridiumChain","TenInstruments","ReplayTheSpireMod:Lightbulb"],"campfire_rested":1,"item_purchase_floors":[5,13,19,24,24],"current_hp_per_floor":[81,81,80,80,80,62,52,52,52,52,52,45,45,29,56,19,90,64,64,64,39,44,44,44,0,0],"gold":8,"neow_bonus":"TEN_PERCENT_HP_BONUS","is_daily":false,"chose_seed":false,"campfire_upgraded":2,"win_rate":0.0,"timestamp":1612607853,"path_taken":["M","M","M","?","$","E","M","R","T","R","$","?","?","M","R","BOSS","M","?","?","?","?","R","?","E"],"items_purchased_type":["Relic","Card","Relic","Card","Relic"],"build_version":"2020-12-22","purchased_purges":2,"victory":false,"max_hp_per_floor":[90,90,90,90,90,90,90,90,90,90,90,90,90,90,90,90,90,90,90,90,90,90,90,90,90,90],"card_choices":[{"not_picked":["ReinventMyself"],"picked":"AllByMyself","floor":1.0},{"not_picked":["ServeMeal"],"picked":"FollowTherRainbow","floor":1.0},{"not_picked":["BehindTheScene"],"picked":"Stare","floor":2.0},{"not_picked":["Mischief","Boundary"],"picked":"SKIP","floor":2.0},{"not_picked":["Celebrities"],"picked":"GemstoneDetection","floor":3.0},{"not_picked":["FarmExpert"],"picked":"PinkiePromise","floor":3.0},{"not_picked":["RushToSky"],"picked":"Generousity","floor":6},{"not_picked":["AppleFever","Celebrities"],"picked":"SKIP","floor":6},{"not_picked":["FollowTherRainbow"],"picked":"ServeMeal","floor":7},{"not_picked":["PartyTime"],"picked":"ThunderCloud","floor":7},{"not_picked":["Lasso"],"picked":"Tornado","floor":14},{"not_picked":["RashStunts"],"picked":"KillingWithKindness","floor":14},{"not_picked":["MirrorLake"],"picked":"Harmanyblast","floor":16},{"not_picked":["Harmanyblast"],"picked":"FriendshipIsMagic","floor":16},{"not_picked":["Charge"],"picked":"FriendOfNature","floor":18},{"not_picked":["FriendOfNature"],"picked":"Honesty","floor":18},{"not_picked":["BigDeal+1"],"picked":"TasteRainbow","floor":22}],"player_experience":263450,"relics_obtained":[{"floor":6,"key":"Snack Pack"},{"floor":21,"key":"Nilry\u0027s Codex"},{"floor":22,"key":"Girya"}],"event_choices":[{"damage_healed":0.0,"max_hp_gain":0.0,"max_hp_loss":0.0,"gold_gain":0.0,"event_name":"Golden Idol","player_choice":"Take Wound","floor":4.0,"gold_loss":0.0,"damage_taken":0.0,"relics_obtained":["Golden Idol"],"cards_obtained":["Injury"]},{"cards_removed":["Defend_TS"],"damage_healed":0,"gold_gain":0,"player_choice":"Card Removal","damage_taken":7,"max_hp_gain":0,"max_hp_loss":0,"event_name":"Golden Wing","floor":12,"gold_loss":0},{"damage_healed":0,"gold_gain":0,"player_choice":"Gave Idol","damage_taken":0,"relics_obtained":["Bloody Idol"],"max_hp_gain":0,"max_hp_loss":0,"event_name":"Forgotten Altar","floor":20,"relics_lost":["Golden Idol"],"gold_loss":0},{"damage_healed":0,"gold_gain":0,"player_choice":"Obtained Book","damage_taken":16,"max_hp_gain":0,"max_hp_loss":0,"event_name":"Cursed Tome","floor":21,"gold_loss":0}],"is_beta":false,"boss_relics":[{"not_picked":["energizedSpire:CursedPentagram","Ectoplasm"],"picked":"ReplayTheSpireMod:DimensionalGlitch"}],"items_purged_floors":[11,19],"is_endless":false,"potions_floor_spawned":[3,16,18],"killed_by":"REME_1_Revenger","ascension_level":1}}