{"host":"t7mx8yfj1no5p62f","time":1612629612,"event":{"mods":["BaseMod","Colored Map","Colored Powertips","Curses Come First","Minty Spire (QoL Compilation)","Relic Stats","StSLib"],"gold_per_floor":[109,109,109,109,26,56,56,20,20,49,68,68,83,111,111,184,184,202,202,217,217,217,217,249,249,249,33,33,67,86,100,100,174,174,186,202,202,1201,1161,1161,1192,1205,1205,1205,1205],"floor_reached":44,"language":"ENG","playtime":1940,"items_purged":[],"score":1255,"play_id":"0b4043da-f2b9-44c8-ac2f-9a4f57d2c2dd","local_time":"20210206114012","is_ascension_mode":true,"campfire_choices":[{"data":"Carnage","floor":7.0,"key":"SMITH"},{"data":"Armaments","floor":12.0,"key":"SMITH"},{"data":"Fire Breathing","floor":15.0,"key":"SMITH"},{"floor":23.0,"key":"REST"},{"data":"Corruption","floor":25,"key":"SMITH"},{"data":"Dark Embrace","floor":28,"key":"SMITH"},{"data":"Inflame","floor":32,"key":"SMITH"},{"data":"Feed","floor":40,"key":"SMITH"}],"circlet_count":0,"master_deck":["AscendersBane","Strike_R","Defend_R","Defend_R","Defend_R","Defend_R","Bash","Carnage+1","True Grit","Twin Strike","Clothesline","Inflame+1","Armaments+1","Dark Embrace+1","Fire Breathing+1","Shrug It Off","Corruption+1","Havoc+1","Limit Break+1","Double Tap+1","Warcry","Decay","Shrug It Off","Offering","Seeing Red+1","Shrug It Off","Shrug It Off","Dark Embrace+1","Feed+1","CurseOfTheBell","Dark Embrace+1","Shrug It Off","Headbutt+1"],"relics":["Burning Blood","NeowsBlessing","Eternal Feather","Regal Pillow","White Beast Statue","Potion Belt","Astrolabe","Bag of Preparation","Red Skull","Orrery","Centennial Puzzle","Calling Bell","Omamori","Gremlin Horn","Calipers","Strawberry"],"acts_visited":["Exordium","TheCity","TheBeyond"],"potions_floor_usage":[24,29,36,41,41,44],"damage_taken":[{"damage":0.0,"enemies":"2 Louse","floor":1.0,"turns":1.0},{"damage":0.0,"enemies":"Lagavulin","floor":6.0,"turns":1.0},{"damage":0.0,"enemies":"3 Sentries","floor":10.0,"turns":2.0},{"damage":5.0,"enemies":"Jaw Worm","floor":11.0,"turns":3.0},{"damage":3.0,"enemies":"Small Slimes","floor":13.0,"turns":3.0},{"damage":60.0,"enemies":"Gremlin Nob","floor":14.0,"turns":5.0},{"damage":30.0,"enemies":"Hexaghost","floor":16.0,"turns":11.0},{"damage":26.0,"enemies":"Shell Parasite","floor":18.0,"turns":7.0},{"damage":31.0,"enemies":"Chosen","floor":20.0,"turns":4.0},{"damage":57,"enemies":"Gremlin Leader","floor":24,"turns":6},{"damage":6,"enemies":"Book of Stabbing","floor":29,"turns":4},{"damage":6,"enemies":"Snecko","floor":30,"turns":2},{"damage":11,"enemies":"3 Cultists","floor":31,"turns":4},{"damage":28,"enemies":"Champ","floor":33,"turns":12},{"damage":6,"enemies":"3 Shapes","floor":35,"turns":2},{"damage":8,"enemies":"Orb Walker","floor":36,"turns":5},{"damage":67,"enemies":"Giant Head","floor":41,"turns":7},{"damage":19,"enemies":"Writhing Mass","floor":42,"turns":6},{"damage":28,"enemies":"Transient","floor":44,"turns":6}],"seed_played":"-8595672794575983436","potions_obtained":[{"floor":6.0,"key":"Swift Potion"},{"floor":10.0,"key":"CultistPotion"},{"floor":11.0,"key":"SpeedPotion"},{"floor":13.0,"key":"ElixirPotion"},{"floor":16.0,"key":"Swift Potion"},{"floor":18.0,"key":"SkillPotion"},{"floor":20.0,"key":"Block Potion"},{"floor":22.0,"key":"Energy Potion"},{"floor":22.0,"key":"ElixirPotion"},{"floor":24,"key":"Block Potion"},{"floor":29,"key":"ColorlessPotion"},{"floor":31,"key":"Strength Potion"},{"floor":33,"key":"Ancient Potion"},{"floor":36,"key":"SteroidPotion"},{"floor":39,"key":"Swift Potion"},{"floor":41,"key":"SpeedPotion"},{"floor":42,"key":"BlessingOfTheForge"}],"is_trial":false,"path_per_floor":["M","?","?","?","$","E","R","$","T","E","M","R","M","E","R","B",null,"M","?","M","?","?","R","E","R","T","$","R","E","M","M","R","B",null,"M","M","?","?","?","R","E","M","T","M"],"character_chosen":"IRONCLAD","items_purchased":["True Grit","Twin Strike","Inflame","Orrery","Shrug It Off"],"campfire_rested":1,"item_purchase_floors":[5,5,8,27,27],"current_hp_per_floor":[74,67,56,61,61,67,73,73,73,79,80,80,80,26,35,11,63,43,43,18,18,18,69,18,30,30,30,45,45,45,40,55,33,68,71,72,72,72,72,86,32,23,23,0,0],"gold":1205,"neow_bonus":"THREE_ENEMY_KILL","is_daily":false,"chose_seed":false,"campfire_upgraded":7,"win_rate":0.0,"timestamp":1612629612,"path_taken":["M","?","?","?","$","E","R","$","T","E","M","R","M","E","R","BOSS","M","?","M","?","?","R","E","R","T","$","R","E","M","?","R","BOSS","M","M","?","?","?","R","E","?","T","M"],"items_purchased_type":["Card","Card","Card","Relic","Card"],"build_version":"2020-12-22","purchased_purges":0,"victory":false,"max_hp_per_floor":[75,75,75,80,80,80,80,80,80,80,80,80,80,80,80,80,80,80,80,80,80,80,80,80,80,80,80,80,80,80,80,80,80,80,83,86,86,86,86,86,93,97,97,97,97],"relic_stats":{"Regal Pillow":15,"Centennial Puzzle":[24],"Gremlin Horn":[2,2],"counters":[19,91],"Astrolabe":["Havoc","Limit Break","Double Tap"],"Eternal Feather":83,"Bag of Preparation":[18],"obtain_stats":[{"Potion Belt":10,"Regal Pillow":6,"Calipers":34,"NeowsBlessing":0,"Gremlin Horn":34,"Astrolabe":17,"Eternal Feather":3,"Bag of Preparation":24,"Omamori":34,"Burning Blood":0,"White Beast Statue":9,"Calling Bell":34,"Centennial Puzzle":29,"Strawberry":41,"Orrery":27,"Red Skull":26},{"Potion Belt":3,"Regal Pillow":2,"Calipers":14,"NeowsBlessing":0,"Gremlin Horn":14,"Astrolabe":7,"Eternal Feather":1,"Bag of Preparation":10,"Omamori":14,"Burning Blood":0,"White Beast Statue":2,"Calling Bell":14,"Centennial Puzzle":11,"Strawberry":17,"Orrery":10,"Red Skull":10},{"Potion Belt":4,"Regal Pillow":2,"Calipers":65,"NeowsBlessing":0,"Gremlin Horn":65,"Astrolabe":26,"Eternal Feather":1,"Bag of Preparation":43,"Omamori":65,"Burning Blood":0,"White Beast Statue":2,"Calling Bell":65,"Centennial Puzzle":47,"Strawberry":79,"Orrery":43,"Red Skull":43}],"Burning Blood":105},"card_choices":[{"not_picked":["Body Slam","Flex"],"picked":"Carnage","floor":1.0},{"not_picked":["True Grit","Burning Pact"],"picked":"Clothesline","floor":6.0},{"not_picked":["Cleave","Intimidate"],"picked":"Armaments","floor":10.0},{"not_picked":["True Grit","Pummel"],"picked":"Dark Embrace","floor":11.0},{"not_picked":["Clash","Perfected Strike"],"picked":"Fire Breathing","floor":13.0},{"not_picked":["Body Slam","Armaments"],"picked":"Shrug It Off","floor":14.0},{"not_picked":["Offering","Brutality"],"picked":"Corruption","floor":16.0},{"not_picked":["Heavy Blade","Clothesline"],"picked":"Warcry","floor":18.0},{"not_picked":["Cleave","Headbutt","Dropkick"],"picked":"SKIP","floor":20.0},{"not_picked":["Heavy Blade","Reckless Charge"],"picked":"Shrug It Off","floor":24},{"not_picked":["Ghostly Armor","Battle Trance"],"picked":"Offering","floor":27},{"not_picked":["Intimidate","Immolate"],"picked":"Seeing Red+1","floor":27},{"not_picked":["Juggernaut","Clash","Twin Strike"],"picked":"SKIP","floor":29},{"not_picked":["Armaments","Perfected Strike"],"picked":"Shrug It Off","floor":30},{"not_picked":["Reckless Charge","Anger"],"picked":"Dark Embrace+1","floor":31},{"not_picked":["Double Tap","Demon Form"],"picked":"Feed","floor":33},{"not_picked":["Cleave","Rampage+1"],"picked":"Dark Embrace+1","floor":35},{"not_picked":["Wild Strike","Heavy Blade","Havoc"],"picked":"SKIP","floor":36},{"not_picked":["Metallicize","Wild Strike+1"],"picked":"Shrug It Off","floor":41},{"not_picked":["Body Slam","Shockwave"],"picked":"Headbutt+1","floor":42}],"player_experience":1944101,"relics_obtained":[{"floor":6.0,"key":"Regal Pillow"},{"floor":9.0,"key":"White Beast Statue"},{"floor":10.0,"key":"Potion Belt"},{"floor":24,"key":"Bag of Preparation"},{"floor":26,"key":"Red Skull"},{"floor":29,"key":"Centennial Puzzle"},{"floor":34,"key":"Omamori"},{"floor":34,"key":"Gremlin Horn"},{"floor":34,"key":"Calipers"},{"floor":41,"key":"Strawberry"}],"event_choices":[{"cards_removed":["Strike_R"],"damage_healed":0.0,"max_hp_gain":0.0,"max_hp_loss":0.0,"gold_gain":0.0,"event_name":"Golden Wing","player_choice":"Card Removal","floor":2.0,"gold_loss":0.0,"damage_taken":7.0},{"damage_healed":0.0,"max_hp_gain":0.0,"max_hp_loss":0.0,"gold_gain":0.0,"event_name":"Scrap Ooze","player_choice":"Success","floor":3.0,"gold_loss":0.0,"damage_taken":11.0,"relics_obtained":["Eternal Feather"]},{"damage_healed":0.0,"max_hp_gain":5.0,"max_hp_loss":0.0,"gold_gain":0.0,"event_name":"Big Fish","player_choice":"Donut","floor":4.0,"gold_loss":0.0,"damage_taken":0.0},{"damage_healed":0.0,"max_hp_gain":0.0,"max_hp_loss":0.0,"gold_gain":0.0,"event_name":"Vampires","player_choice":"Ignored","floor":19.0,"gold_loss":0.0,"damage_taken":0.0},{"damage_healed":0.0,"max_hp_gain":0.0,"max_hp_loss":0.0,"gold_gain":0.0,"event_name":"Forgotten Altar","player_choice":"Smashed Altar","floor":21.0,"gold_loss":0.0,"damage_taken":0.0,"cards_obtained":["Decay"]},{"damage_healed":0.0,"max_hp_gain":0.0,"max_hp_loss":0.0,"gold_gain":0.0,"event_name":"Lab","player_choice":"Got Potions","floor":22.0,"gold_loss":0.0,"damage_taken":0.0},{"damage_healed":0,"gold_gain":0,"player_choice":"Ignored","damage_taken":0,"max_hp_gain":0,"max_hp_loss":0,"event_name":"Tomb of Lord Red Mask","floor":37,"gold_loss":0},{"damage_healed":0,"gold_gain":999,"player_choice":"Gold","damage_taken":0,"max_hp_gain":0,"max_hp_loss":0,"event_name":"MindBloom","floor":38,"gold_loss":0,"cards_obtained":["Normality","Normality"]},{"damage_healed":0,"gold_gain":0,"player_choice":"Bought 3 Potions","damage_taken":0,"max_hp_gain":0,"max_hp_loss":0,"event_name":"The Woman in Blue","floor":39,"gold_loss":0}],"is_beta":false,"boss_relics":[{"not_picked":["Black Blood","Tiny House"],"picked":"Astrolabe"},{"not_picked":["Snecko Eye","Velvet Choker"],"picked":"Calling Bell"}],"items_purged_floors":[],"is_endless":false,"potions_floor_spawned":[6,10,11,13,14,16,18,20,24,29,30,31,33,35,36,41,42],"killed_by":"Transient","ascension_level":20}}