{"host":"by8i6f8xc0ywpsd5","time":1612610393,"event":{"mods":["BaseMod","Colored Map","Minty Spire (QoL Compilation)","Relic Stats"],"gold_per_floor":[115,125,125,125,150,189,189,227,227,267,313,47,80,95,95,191,191,211,231,231,250,6,6,50,62,74,86,119,464,476,11,11,110,110,134,467,467,79,98,132,132,74,74,107,124,150,150,166,166,166,166,166,166,110,145,145],"floor_reached":57,"language":"ENG","playtime":4372,"items_purged":["Strike_R","Strike_R","Strike_R"],"score":3308,"play_id":"23600823-89cf-467e-a78e-b63c58ffe084","local_time":"20210206131953","is_ascension_mode":true,"campfire_choices":[{"data":"Carnage","floor":7,"key":"SMITH"},{"data":"Bash","floor":15,"key":"SMITH"},{"data":"Armaments","floor":23,"key":"SMITH"},{"data":"True Grit","floor":25,"key":"SMITH"},{"floor":32,"key":"REST"},{"data":"Body Slam","floor":41,"key":"SMITH"},{"floor":49,"key":"RECALL"},{"floor":53,"key":"REST"}],"circlet_count":0,"master_deck":["AscendersBane","Defend_R","Defend_R","Defend_R","Defend_R","Bash+1","Anger","Headbutt","Carnage+1","Evolve","Immolate","Disarm","Havoc","True Grit+1","Offering","Inflame","Feed","True Grit+1","Body Slam+1","Warcry","Sentinel","Offering","Armaments+1","Corruption","True Grit+1","Power Through","RitualDagger","Feel No Pain","Shrug It Off","Barricade","Sentinel","Thinking Ahead","Hemokinesis+1","Feel No Pain","Body Slam","Warcry+1","Armaments","Offering","Dark Embrace"],"relics":["Burning Blood","Thread and Needle","Letter Opener","Pocketwatch","Gremlin Horn","Centennial Puzzle","Regal Pillow","Darkstone Periapt","Black Star","MawBank","Kunai","Lizard Tail","Nilry\u0027s Codex","StrikeDummy","Old Coin","Pen Nib","ClockworkSouvenir","Runic Cube","Pear","Blue Candle","Red Skull","Juzu Bracelet","Du-Vu Doll","Unceasing Top","Boot","Incense Burner"],"acts_visited":["Exordium","TheCity","TheBeyond","TheEnding"],"potions_floor_usage":[6,8,18,19,29,50,56],"damage_taken":[{"damage":0.0,"enemies":"2 Louse","floor":1.0,"turns":4.0},{"damage":3.0,"enemies":"Jaw Worm","floor":2.0,"turns":3.0},{"damage":8.0,"enemies":"Small Slimes","floor":5.0,"turns":4.0},{"damage":24,"enemies":"Gremlin Nob","floor":6,"turns":4},{"damage":3,"enemies":"3 Sentries","floor":8,"turns":5},{"damage":23,"enemies":"Lagavulin","floor":10,"turns":6},{"damage":1,"enemies":"3 Sentries","floor":13,"turns":4},{"damage":7,"enemies":"3 Louse","floor":14,"turns":2},{"damage":12,"enemies":"Hexaghost","floor":16,"turns":6},{"damage":22,"enemies":"2 Thieves","floor":18,"turns":3},{"damage":6,"enemies":"Spheric Guardian","floor":19,"turns":3},{"damage":14,"enemies":"Snecko","floor":21,"turns":4},{"damage":6,"enemies":"Gremlin Leader","floor":24,"turns":5},{"damage":12,"enemies":"Centurion and Healer","floor":28,"turns":10},{"damage":12,"enemies":"Book of Stabbing","floor":29,"turns":1},{"damage":16,"enemies":"Champ","floor":33,"turns":17},{"damage":12,"enemies":"3 Darklings","floor":35,"turns":5},{"damage":1,"enemies":"3 Shapes","floor":39,"turns":8},{"damage":14,"enemies":"Giant Head","floor":40,"turns":6},{"damage":14,"enemies":"Reptomancer","floor":44,"turns":5},{"damage":14,"enemies":"Maw","floor":45,"turns":8},{"damage":29,"enemies":"Nemesis","floor":46,"turns":5},{"damage":8,"enemies":"Spire Growth","floor":48,"turns":4},{"damage":21,"enemies":"Awakened One","floor":50,"turns":3},{"damage":52,"enemies":"Time Eater","floor":51,"turns":7},{"damage":21,"enemies":"Shield and Spear","floor":55,"turns":4},{"damage":27,"enemies":"The Heart","floor":56,"turns":6}],"seed_played":"6082875947114521049","potions_obtained":[{"floor":2.0,"key":"GamblersBrew"},{"floor":6,"key":"Fire Potion"},{"floor":13,"key":"Ancient Potion"},{"floor":14,"key":"BloodPotion"},{"floor":18,"key":"Explosive Potion"},{"floor":19,"key":"FearPotion"},{"floor":28,"key":"PowerPotion"}],"is_trial":false,"path_per_floor":["M","M","?","?","M","E","R","E","T","E","T","$","E","M","R","B",null,"M","M","?","M","$","R","E","R","T","?","M","E","?","$","R","B",null,"M","?","?","$","M","E","R","$","T","E","M","E","?","M","R","B","B",null,"R","$","E","B",null],"character_chosen":"IRONCLAD","items_purchased":["Fruit Juice","Havoc","True Grit","Offering","Armaments","Feel No Pain","Pen Nib","ClockworkSouvenir","Shrug It Off","Strength Potion","Thinking Ahead","SpeedPotion","Body Slam","BloodPotion"],"campfire_rested":2,"item_purchase_floors":[12,12,12,22,22,31,31,31,31,31,38,38,42,54],"current_hp_per_floor":[68,68,68,45,43,25,25,28,28,11,11,11,16,15,15,9,53,45,63,63,58,58,58,58,58,58,37,35,32,26,26,67,61,85,79,79,79,79,88,94,94,94,94,90,86,63,63,65,65,54,8,97,127,127,116,95],"gold":145,"neow_bonus":"ONE_RARE_RELIC","is_daily":false,"chose_seed":false,"campfire_upgraded":5,"win_rate":0.0,"timestamp":1612610393,"path_taken":["M","M","?","?","M","E","R","E","T","E","?","$","E","M","R","BOSS","M","M","?","M","$","R","E","R","T","?","M","E","?","$","R","BOSS","M","?","?","?","M","E","R","$","T","E","M","E","?","M","R","BOSS","BOSS","R","$","E","BOSS"],"items_purchased_type":["Potion","Card","Card","Card","Card","Card","Relic","Relic","Card","Potion","Card","Potion","Card","Potion"],"build_version":"2020-12-22","purchased_purges":3,"victory":true,"max_hp_per_floor":[68,68,68,68,68,68,68,68,68,68,68,68,68,68,68,68,68,76,79,79,82,82,82,82,82,82,82,86,89,89,89,89,93,93,93,93,93,93,97,111,111,111,111,115,119,119,119,123,123,127,127,127,127,127,131,131],"relic_stats":{"Darkstone Periapt":0,"Regal Pillow":15,"Gremlin Horn":[26,27],"counters":[27,142],"Blue Candle":[4],"Pen Nib":[12],"Juzu Bracelet":0,"Letter Opener":[467],"MawBank":84,"Boot":[0],"Burning Blood":153,"Centennial Puzzle":[63],"Lizard Tail":0,"Black Star":6,"Kunai":[21],"obtain_stats":[{"Darkstone Periapt":13,"Regal Pillow":11,"Gremlin Horn":9,"Nilry\u0027s Codex":27,"Juzu Bracelet":44,"Incense Burner":55,"Boot":55,"Burning Blood":0,"Old Coin":29,"ClockworkSouvenir":31,"Centennial Puzzle":10,"Lizard Tail":26,"Kunai":24,"Red Skull":44,"Runic Cube":34,"Pear":40,"Golden Idol":4,"Blue Candle":40,"Thread and Needle":0,"Pen Nib":31,"Letter Opener":6,"MawBank":24,"Du-Vu Doll":46,"Black Star":17,"StrikeDummy":29,"Unceasing Top":46,"Pocketwatch":8},{"Darkstone Periapt":7,"Regal Pillow":6,"Gremlin Horn":5,"Nilry\u0027s Codex":13,"Juzu Bracelet":20,"Incense Burner":26,"Boot":26,"Burning Blood":0,"Old Coin":15,"ClockworkSouvenir":15,"Centennial Puzzle":6,"Lizard Tail":13,"Kunai":13,"Red Skull":20,"Runic Cube":16,"Pear":19,"Golden Idol":2,"Blue Candle":19,"Thread and Needle":0,"Pen Nib":15,"Letter Opener":4,"MawBank":13,"Du-Vu Doll":22,"Black Star":9,"StrikeDummy":15,"Unceasing Top":22,"Pocketwatch":5},{"Darkstone Periapt":30,"Regal Pillow":26,"Gremlin Horn":20,"Nilry\u0027s Codex":53,"Juzu Bracelet":105,"Incense Burner":136,"Boot":136,"Burning Blood":0,"Old Coin":64,"ClockworkSouvenir":64,"Centennial Puzzle":26,"Lizard Tail":53,"Kunai":53,"Red Skull":105,"Runic Cube":81,"Pear":100,"Golden Idol":7,"Blue Candle":100,"Thread and Needle":0,"Pen Nib":64,"Letter Opener":15,"MawBank":53,"Du-Vu Doll":118,"Black Star":38,"StrikeDummy":64,"Unceasing Top":118,"Pocketwatch":20}],"Unceasing Top":[0],"Pocketwatch":[148],"Runic Cube":[45]},"card_choices":[{"not_picked":["Shrug It Off","Perfected Strike"],"picked":"Anger","floor":1.0},{"not_picked":["Power Through","Wild Strike"],"picked":"Headbutt","floor":2.0},{"not_picked":["Twin Strike","Clash"],"picked":"Carnage","floor":5.0},{"not_picked":["Bludgeon","Rampage"],"picked":"Evolve","floor":6},{"not_picked":["Sever Soul","Perfected Strike"],"picked":"Immolate","floor":8},{"not_picked":["Twin Strike","Immolate"],"picked":"Disarm","floor":10},{"not_picked":["Shrug It Off","Feel No Pain"],"picked":"Offering","floor":13},{"not_picked":["Heavy Blade","Twin Strike"],"picked":"Inflame","floor":14},{"not_picked":["Corruption","Impervious"],"picked":"Feed","floor":16},{"not_picked":["Wild Strike","Clash"],"picked":"True Grit+1","floor":18},{"not_picked":["Sword Boomerang","Infernal Blade+1","Cleave"],"picked":"SKIP","floor":19},{"not_picked":["Perfected Strike","Wild Strike"],"picked":"Sentinel","floor":21},{"not_picked":["Perfected Strike","Clash"],"picked":"Corruption","floor":24},{"not_picked":["Anger","Wild Strike"],"picked":"True Grit+1","floor":28},{"not_picked":["Spot Weakness+1","Reckless Charge"],"picked":"Power Through","floor":29},{"not_picked":["Offering","Reaper"],"picked":"Barricade","floor":33},{"not_picked":["Iron Wave","Clothesline"],"picked":"Sentinel","floor":35},{"not_picked":["Wild Strike","Carnage+1"],"picked":"Hemokinesis+1","floor":39},{"not_picked":["Flex","Perfected Strike"],"picked":"Feel No Pain","floor":40},{"not_picked":["Intimidate","Cleave"],"picked":"Warcry+1","floor":44},{"not_picked":["Thunderclap","Flex","Rage"],"picked":"SKIP","floor":45},{"not_picked":["Flex","Immolate"],"picked":"Armaments","floor":46},{"not_picked":["Cleave","Thunderclap+1"],"picked":"Dark Embrace","floor":48},{"not_picked":["Evolve","Headbutt+1","Dual Wield"],"picked":"SKIP","floor":55}],"player_experience":1761337,"relics_obtained":[{"floor":6,"key":"Letter Opener"},{"floor":8,"key":"Pocketwatch"},{"floor":9,"key":"Gremlin Horn"},{"floor":10,"key":"Centennial Puzzle"},{"floor":11,"key":"Regal Pillow"},{"floor":13,"key":"Darkstone Periapt"},{"floor":24,"key":"MawBank"},{"floor":24,"key":"Kunai"},{"floor":26,"key":"Lizard Tail"},{"floor":27,"key":"Nilry\u0027s Codex"},{"floor":29,"key":"StrikeDummy"},{"floor":29,"key":"Old Coin"},{"floor":40,"key":"Pear"},{"floor":40,"key":"Blue Candle"},{"floor":44,"key":"Red Skull"},{"floor":44,"key":"Juzu Bracelet"},{"floor":46,"key":"Du-Vu Doll"},{"floor":46,"key":"Unceasing Top"},{"floor":55,"key":"Boot"},{"floor":55,"key":"Incense Burner"}],"event_choices":[{"damage_healed":0.0,"max_hp_gain":0.0,"max_hp_loss":0.0,"gold_gain":0.0,"event_name":"Liars Game","player_choice":"Ignored","floor":3.0,"gold_loss":0.0,"damage_taken":0.0},{"damage_healed":0.0,"max_hp_gain":0.0,"max_hp_loss":0.0,"gold_gain":0.0,"event_name":"Golden Idol","player_choice":"Take Damage","floor":4.0,"gold_loss":0.0,"damage_taken":23.0,"relics_obtained":["Golden Idol"]},{"damage_healed":0,"gold_gain":0,"cards_transformed":["Strike_R","Strike_R"],"player_choice":"Became Test Subject","damage_taken":0,"max_hp_gain":0,"max_hp_loss":0,"event_name":"Drug Dealer","floor":20,"gold_loss":0,"cards_obtained":["Body Slam","Warcry"]},{"damage_healed":0,"gold_gain":0,"player_choice":"Obtained Book","damage_taken":21,"max_hp_gain":0,"max_hp_loss":0,"event_name":"Cursed Tome","floor":27,"gold_loss":0},{"damage_healed":0,"gold_gain":0,"player_choice":"Joined the Cult","damage_taken":6,"max_hp_gain":0,"max_hp_loss":0,"event_name":"Nest","floor":30,"gold_loss":0,"cards_obtained":["RitualDagger"]},{"damage_healed":0,"gold_gain":333,"player_choice":"Gave Idol","damage_taken":0,"max_hp_gain":0,"max_hp_loss":0,"event_name":"The Moai Head","floor":36,"relics_lost":["Golden Idol"],"gold_loss":0},{"damage_healed":0,"gold_gain":0,"player_choice":"Ignored","damage_taken":0,"max_hp_gain":0,"max_hp_loss":0,"event_name":"Tomb of Lord Red Mask","floor":37,"gold_loss":0},{"damage_healed":0,"gold_gain":0,"player_choice":"Copied","damage_taken":0,"max_hp_gain":0,"max_hp_loss":0,"event_name":"Duplicator","floor":47,"gold_loss":0,"cards_obtained":["Offering"]}],"is_beta":false,"boss_relics":[{"not_picked":["Runic Dome","Fusion Hammer"],"picked":"Black Star"},{"not_picked":["Tiny House","Coffee Dripper"],"picked":"Runic Cube"}],"items_purged_floors":[12,22,38],"is_endless":false,"potions_floor_spawned":[2,6,13,14,18,19,28,33,39,44,45],"ascension_level":20}}