{"host":"fc5kl670efuhtomy","time":1612575605,"event":{"mods":["AchievementEnabler","Arknights","Ascension Reborn","BaseMod","Colored Powertips","Downfall","Duelist Mod","Marisa（F雨　魔理沙）","Minty Spire (QoL Compilation)","Rare Cards Sparkle","Relic Stats","Replay The Spire","StSLib","The Necromancer","The Poker Player","The Servant 0.9.4","WarShipGirlsR/战舰少女R mod"],"gold_per_floor":[116,126,301,45,62,87,103,103,103,103,123,123,123,123,148,159,159,159,159],"floor_reached":18,"language":"ZHS","playtime":749,"items_purged":[],"score":122,"play_id":"e1307b55-a088-46d6-9b26-b20c25242a42","local_time":"20210206094005","is_ascension_mode":true,"campfire_choices":[{"floor":10,"key":"REST"},{"floor":17,"key":"REST"}],"circlet_count":0,"master_deck":["rmod:strick+1","rmod:strick+1","rmod:strick+1","rmod:strick+1","rmod:defend","rmod:defend","rmod:defend","rmod:defend","rmod:basicallowance","rmod:maingunfire","rmod:intelligenceanalysis","rmod:openingtorpedo","rmod:windflower","rmod:maintain","rmod:fletcherpendant","rmod:luckystar","rmod:acesubmarine","rmod:bulid"],"relics":["rmod:firstchargereward","ReplayTheSpireMod:Ninjato","Oddly Smooth Stone","rmod:quickrepair","Replay:Bottled Eggs","Replay:Bottled Snecko"],"acts_visited":["Exordium"],"potions_floor_usage":[18,18],"damage_taken":[{"damage":5,"enemies":"Jaw Worm","floor":1,"turns":4},{"damage":0,"enemies":"Small Slimes","floor":2,"turns":4},{"damage":0,"enemies":"Cultist","floor":5,"turns":2},{"damage":40,"enemies":"Lagavulin","floor":6,"turns":10},{"damage":2,"enemies":"Large Slime","floor":7,"turns":6},{"damage":2,"enemies":"2 Fungi Beasts","floor":11,"turns":3},{"damage":15,"enemies":"Replay:BlueRogue","floor":15,"turns":4},{"damage":6,"enemies":"Exordium Thugs","floor":16,"turns":3},{"damage":37,"enemies":"Hexaghost","floor":18,"turns":9}],"seed_played":"-7208081768119457961","potions_obtained":[{"floor":5,"key":"Dexterity Potion"},{"floor":6,"key":"DistilledChaos"}],"is_trial":false,"path_per_floor":["M","M","?","$","M","E","M","?","T","R","M","PTL","PTL","?","E","M","R","B"],"character_chosen":"PRAEFECT","items_purchased":["ReplayTheSpireMod:Ninjato"],"campfire_rested":2,"item_purchase_floors":[4],"current_hp_per_floor":[77,77,77,77,77,37,35,17,17,41,39,39,39,32,17,11,35,0,0],"gold":159,"neow_bonus":"TEN_PERCENT_HP_BONUS","is_daily":false,"chose_seed":false,"campfire_upgraded":0,"win_rate":0.0,"timestamp":1612575605,"path_taken":["M","M","?","$","M","E","M","?","T","R","M","PTL","PTL","?","E","?","R","BOSS"],"items_purchased_type":["Relic"],"build_version":"2020-12-22","purchased_purges":0,"victory":false,"max_hp_per_floor":[82,82,82,82,82,82,82,82,82,82,82,82,82,82,82,82,82,82,82],"relic_stats":{"counters":[9,45],"obtain_stats":[{"ReplayTheSpireMod:Ninjato":4,"Oddly Smooth Stone":6,"rmod:quickrepair":8,"rmod:firstchargereward":0,"Replay:Bottled Snecko":15,"Replay:Bottled Eggs":9},{"ReplayTheSpireMod:Ninjato":2,"Oddly Smooth Stone":4,"rmod:quickrepair":5,"rmod:firstchargereward":0,"Replay:Bottled Snecko":7,"Replay:Bottled Eggs":5},{"ReplayTheSpireMod:Ninjato":8,"Oddly Smooth Stone":20,"rmod:quickrepair":26,"rmod:firstchargereward":0,"Replay:Bottled Snecko":33,"Replay:Bottled Eggs":26}]},"card_choices":[{"not_picked":["rmod:aluminumsupply","rmod:luckystar"],"picked":"rmod:intelligenceanalysis","floor":1},{"not_picked":["rmod:fletcherpendant","rmod:tearstotiara"],"picked":"rmod:openingtorpedo","floor":2},{"not_picked":["rmod:generalist","rmod:garrisonisland"],"picked":"rmod:windflower","floor":5},{"not_picked":["rmod:secretscript","rmod:supportescort"],"picked":"rmod:maintain","floor":6},{"not_picked":["rmod:supportaircraftcarrier","rmod:fuelsupply"],"picked":"rmod:fletcherpendant","floor":7},{"not_picked":["rmod:unsinkable","rmod:aviationdawn"],"picked":"rmod:luckystar","floor":11},{"not_picked":["rmod:supportescort","rmod:aluminumsupply"],"picked":"rmod:acesubmarine","floor":15},{"not_picked":["rmod:victimresponsibility","rmod:chargemoney"],"picked":"rmod:bulid","floor":16}],"player_experience":174527,"relics_obtained":[{"floor":6,"key":"Oddly Smooth Stone"},{"floor":9,"key":"Replay:Bottled Eggs"},{"floor":15,"key":"Replay:Bottled Snecko"}],"event_choices":[{"damage_healed":0,"gold_gain":175,"player_choice":"AGREE","damage_taken":0,"max_hp_gain":0,"max_hp_loss":0,"event_name":"Liars Game","floor":3,"gold_loss":0,"cards_obtained":["Doubt"]},{"damage_healed":0,"gold_gain":0,"player_choice":"Success","damage_taken":18,"relics_obtained":["rmod:quickrepair"],"max_hp_gain":0,"max_hp_loss":0,"event_name":"Scrap Ooze","floor":8,"gold_loss":0},{"cards_removed":["Doubt"],"damage_healed":0,"gold_gain":0,"player_choice":"Card Removal","damage_taken":7,"max_hp_gain":0,"max_hp_loss":0,"event_name":"Golden Wing","floor":14,"gold_loss":0}],"is_beta":false,"boss_relics":[],"items_purged_floors":[],"is_endless":false,"potions_floor_spawned":[5,6,11,15],"killed_by":"Hexaghost","ascension_level":0}}