{"host":"8is2j71l4wmybkoi","time":1612620154,"event":{"mods":["AchievementEnabler","BaseMod","Colored Map","Minty Spire (QoL Compilation)","Rare Cards Sparkle","StSLib","SuperFastMode"],"gold_per_floor":[110,110,22,22,22,22,36,65,89,105,122,150,150,75,75,149,149,160,160,171,182,39,39,39],"floor_reached":23,"language":"KOR","playtime":813,"items_purged":["Strike_P"],"score":436,"play_id":"d524e565-1d87-44d5-9400-e9b03a512401","local_time":"20210206230234","is_ascension_mode":true,"campfire_choices":[{"data":"Eruption","floor":6,"key":"SMITH"},{"data":"CrushJoints","floor":15,"key":"SMITH"}],"circlet_count":0,"master_deck":["AscendersBane","Strike_P","Strike_P","Strike_P","Defend_P","Defend_P","Defend_P","Defend_P","Eruption+1","Vigilance","CrushJoints+1","FearNoEvil","SignatureMove","Perseverance","Meditate","Establishment","JustLucky","FlurryOfBlows","Collect+1"],"relics":["PureWater","NeowsBlessing","Oddly Smooth Stone","Potion Belt","Shuriken","SlaversCollar","Regal Pillow","Medical Kit"],"acts_visited":["Exordium","TheCity"],"potions_floor_usage":[12,12,20,21,23],"damage_taken":[{"damage":0,"enemies":"Jaw Worm","floor":1,"turns":1},{"damage":0,"enemies":"2 Louse","floor":7,"turns":1},{"damage":0,"enemies":"Lagavulin","floor":8,"turns":1},{"damage":0,"enemies":"Cultist","floor":10,"turns":3},{"damage":0,"enemies":"Exordium Wildlife","floor":11,"turns":3},{"damage":0,"enemies":"3 Sentries","floor":12,"turns":2},{"damage":20,"enemies":"The Guardian","floor":16,"turns":5},{"damage":0,"enemies":"Spheric Guardian","floor":18,"turns":2},{"damage":12,"enemies":"3 Byrds","floor":20,"turns":5},{"damage":22,"enemies":"3 Cultists","floor":21,"turns":6},{"damage":41,"enemies":"Slavers","floor":23,"turns":3}],"seed_played":"8445560760471092661","potions_obtained":[{"floor":1,"key":"ColorlessPotion"},{"floor":5,"key":"BlessingOfTheForge"},{"floor":10,"key":"Fruit Juice"},{"floor":12,"key":"StancePotion"},{"floor":18,"key":"Energy Potion"}],"is_trial":false,"path_per_floor":["M","?","$","?","?","R","M","E","T","M","M","E","T","$","R","B",null,"M","T","M","M","$","E"],"character_chosen":"WATCHER","items_purchased":["FearNoEvil","Fire Potion","Medical Kit"],"campfire_rested":0,"item_purchase_floors":[3,3,22],"current_hp_per_floor":[61,66,66,66,66,66,66,66,66,66,66,66,66,66,66,46,66,66,66,54,32,32,0,0],"gold":39,"neow_bonus":"THREE_ENEMY_KILL","is_daily":false,"chose_seed":false,"campfire_upgraded":2,"win_rate":0.0,"timestamp":1612620154,"path_taken":["M","?","$","?","?","R","?","E","T","M","M","E","?","?","R","BOSS","M","?","M","?","$","E"],"items_purchased_type":["Card","Potion","Relic"],"build_version":"2020-12-22","purchased_purges":1,"victory":false,"max_hp_per_floor":[68,73,73,73,73,73,73,73,73,73,73,73,73,73,73,73,73,73,73,73,73,73,78,78],"card_choices":[{"not_picked":["EmptyBody","ClearTheMind"],"picked":"CrushJoints","floor":1},{"not_picked":["SashWhip","FlyingSleeves"],"picked":"SignatureMove","floor":7},{"not_picked":["WaveOfTheHand","SpiritShield","Wallop"],"picked":"SKIP","floor":8},{"not_picked":["FearNoEvil","Consecrate"],"picked":"Perseverance","floor":10},{"not_picked":["Protect","EmptyBody","ClearTheMind"],"picked":"SKIP","floor":11},{"not_picked":["LikeWater","EmptyMind"],"picked":"Meditate","floor":12},{"not_picked":["LessonLearned","Vault"],"picked":"Establishment","floor":16},{"not_picked":["Consecrate","Vengeance"],"picked":"JustLucky","floor":18},{"not_picked":["ThirdEye","BowlingBash"],"picked":"FlurryOfBlows","floor":20},{"not_picked":["ThirdEye","Protect"],"picked":"Collect+1","floor":21}],"player_experience":1025353,"relics_obtained":[{"floor":8,"key":"Oddly Smooth Stone"},{"floor":9,"key":"Potion Belt"},{"floor":12,"key":"Shuriken"},{"floor":19,"key":"Regal Pillow"}],"event_choices":[{"damage_healed":0,"gold_gain":0,"player_choice":"Donut","damage_taken":0,"max_hp_gain":5,"max_hp_loss":0,"event_name":"Big Fish","floor":2,"gold_loss":0},{"damage_healed":0,"gold_gain":0,"player_choice":"Ignored","damage_taken":0,"max_hp_gain":0,"max_hp_loss":0,"event_name":"Liars Game","floor":4,"gold_loss":0},{"damage_healed":0,"gold_gain":0,"player_choice":"Got Potions","damage_taken":0,"max_hp_gain":0,"max_hp_loss":0,"event_name":"Lab","floor":5,"gold_loss":0}],"is_beta":false,"boss_relics":[{"not_picked":["Snecko Eye","Busted Crown"],"picked":"SlaversCollar"}],"items_purged_floors":[14],"is_endless":false,"potions_floor_spawned":[1,10,12,18],"killed_by":"Slavers","ascension_level":15}}