{"host":"5icjlaq41ghjcr7h","time":1612597728,"event":{"mods":["AchievementEnabler","BaseMod","Colored Map","Minty Spire (QoL Compilation)","SuperFastMode","everything is the same but u backflip on backflip"],"gold_per_floor":[110,110,44,62,137,170,170,199,199,199,199,217,236,247,247,347,347,363,278,291,301,301,329,329,339,339,354,384,402,402,435,435,435,435],"floor_reached":33,"language":"KOR","playtime":919,"items_purged":[],"score":440,"play_id":"c9bf3d30-63d7-48b6-89d1-6195f5898c8f","local_time":"20210206164848","is_ascension_mode":true,"campfire_choices":[{"floor":10,"key":"REST"},{"data":"Storm","floor":15,"key":"SMITH"},{"data":"Electrodynamics","floor":24,"key":"SMITH"},{"floor":32,"key":"REST"}],"circlet_count":0,"master_deck":["Strike_B","Strike_B","Defend_B","Defend_B","Defend_B+1","Defend_B","Zap","Dualcast","Turbo","Hologram+1","Cold Snap","BootSequence","Steam","Storm+1","Electrodynamics","Coolheaded+1","Turbo","Storm+1","Electrodynamics+1","Storm","Conserve Battery","Coolheaded","Decay","Coolheaded+1"],"relics":["Cracked Core","NeowsBlessing","Thread and Needle","Blue Candle","Letter Opener","Singing Bowl","Nuclear Battery","HornCleat","Vajra","Shovel","Toxic Egg 2"],"acts_visited":["Exordium","TheCity"],"potions_floor_usage":[14,21,31,33],"damage_taken":[{"damage":0,"enemies":"Small Slimes","floor":1,"turns":1},{"damage":0,"enemies":"Cultist","floor":4,"turns":1},{"damage":0,"enemies":"Gremlin Nob","floor":6,"turns":1},{"damage":33,"enemies":"Lagavulin","floor":8,"turns":7},{"damage":0,"enemies":"Jaw Worm","floor":12,"turns":3},{"damage":0,"enemies":"Looter","floor":13,"turns":3},{"damage":0,"enemies":"3 Louse","floor":14,"turns":1},{"damage":63,"enemies":"Slime Boss","floor":16,"turns":16},{"damage":0,"enemies":"2 Thieves","floor":18,"turns":3},{"damage":4,"enemies":"3 Byrds","floor":20,"turns":3},{"damage":1,"enemies":"Shelled Parasite and Fungi","floor":21,"turns":8},{"damage":10,"enemies":"Slavers","floor":23,"turns":3},{"damage":10,"enemies":"Snake Plant","floor":25,"turns":3},{"damage":6,"enemies":"Chosen and Byrds","floor":27,"turns":4},{"damage":18,"enemies":"Gremlin Leader","floor":28,"turns":6},{"damage":0,"enemies":"3 Cultists","floor":29,"turns":2},{"damage":0,"enemies":"Slavers","floor":31,"turns":1},{"damage":73,"enemies":"Collector","floor":33,"turns":8}],"seed_played":"-8869495848253721144","potions_obtained":[{"floor":1,"key":"FairyPotion"},{"floor":13,"key":"Explosive Potion"},{"floor":16,"key":"CultistPotion"},{"floor":18,"key":"SteroidPotion"},{"floor":20,"key":"Weak Potion"},{"floor":28,"key":"PowerPotion"}],"is_trial":false,"path_per_floor":["M","?","?","M","?","E","?","E","T","R","?","M","M","M","R","B",null,"M","?","M","M","?","E","R","M","T","M","E","M","?","E","R","B"],"character_chosen":"DEFECT","items_purchased":[],"campfire_rested":2,"item_purchase_floors":[],"current_hp_per_floor":[75,75,75,75,64,64,49,16,16,38,31,31,33,35,35,2,79,79,79,75,76,76,66,66,56,56,52,34,34,34,34,58,0,0],"gold":435,"neow_bonus":"THREE_ENEMY_KILL","is_daily":false,"chose_seed":false,"campfire_upgraded":2,"win_rate":0.0,"timestamp":1612597728,"path_taken":["M","?","?","?","?","E","?","E","T","R","?","M","M","M","R","BOSS","M","?","M","M","?","E","R","?","T","M","E","M","?","E","R","BOSS"],"items_purchased_type":[],"build_version":"2020-12-22","purchased_purges":0,"victory":false,"max_hp_per_floor":[75,75,75,75,75,75,75,75,75,75,75,75,77,79,79,79,79,79,79,79,81,81,81,81,81,81,83,83,83,83,83,83,83,83],"card_choices":[{"not_picked":["Melter","Go for the Eyes"],"picked":"Turbo","floor":1},{"not_picked":["Streamline","Lockon"],"picked":"Cold Snap","floor":4},{"not_picked":["Aggregate","FTL"],"picked":"BootSequence","floor":6},{"not_picked":["Undo","Streamline"],"picked":"Steam","floor":8},{"not_picked":["Leap","Reprogram"],"picked":"Storm","floor":12},{"not_picked":["Hologram","Go for the Eyes","Leap"],"picked":"Singing Bowl","floor":13},{"not_picked":["Leap","BootSequence","Stack"],"picked":"Singing Bowl","floor":14},{"not_picked":["Core Surge","Fission"],"picked":"Electrodynamics","floor":16},{"not_picked":["Streamline+1","Rebound"],"picked":"Coolheaded+1","floor":18},{"not_picked":["Steam+1","Gash+1"],"picked":"Turbo","floor":20},{"not_picked":["Go for the Eyes+1","Hologram","Compile Driver"],"picked":"Singing Bowl","floor":21},{"not_picked":["BootSequence","Conserve Battery"],"picked":"Electrodynamics","floor":23},{"not_picked":["Lockon","Rebound"],"picked":"Storm","floor":25},{"not_picked":["Reprogram","Ball Lightning","Hello World"],"picked":"Singing Bowl","floor":27},{"not_picked":["Lockon","Turbo"],"picked":"Conserve Battery","floor":28},{"not_picked":["Cold Snap","Leap+1"],"picked":"Coolheaded","floor":29},{"not_picked":["Meteor Strike","Multi-Cast+1"],"picked":"Coolheaded+1","floor":31}],"player_experience":156518,"relics_obtained":[{"floor":6,"key":"Blue Candle"},{"floor":8,"key":"Letter Opener"},{"floor":9,"key":"Singing Bowl"},{"floor":23,"key":"Vajra"},{"floor":28,"key":"Shovel"},{"floor":31,"key":"Toxic Egg 2"}],"event_choices":[{"damage_healed":0,"gold_gain":0,"cards_transformed":["Strike_B"],"player_choice":"Change","damage_taken":0,"max_hp_gain":0,"max_hp_loss":0,"event_name":"Living Wall","floor":2,"gold_loss":0,"cards_obtained":["Hologram"]},{"damage_healed":0,"gold_gain":0,"player_choice":"Paid Gold","damage_taken":0,"relics_obtained":["Thread and Needle"],"max_hp_gain":0,"max_hp_loss":0,"event_name":"WeMeetAgain","floor":3,"gold_loss":66},{"damage_healed":0,"gold_gain":75,"player_choice":"Gather Gold","damage_taken":11,"max_hp_gain":0,"max_hp_loss":0,"event_name":"World of Goop","floor":5,"gold_loss":0},{"damage_healed":0,"gold_gain":0,"player_choice":"Entered Light","damage_taken":15,"max_hp_gain":0,"max_hp_loss":0,"event_name":"Shining Light","floor":7,"gold_loss":0,"cards_upgraded":["Defend_B","Hologram"]},{"cards_removed":["Strike_B"],"damage_healed":0,"gold_gain":0,"player_choice":"Card Removal","damage_taken":7,"max_hp_gain":0,"max_hp_loss":0,"event_name":"Golden Wing","floor":11,"gold_loss":0},{"damage_healed":0,"gold_gain":0,"player_choice":"Obtained Relic","damage_taken":0,"relics_obtained":["HornCleat"],"max_hp_gain":0,"max_hp_loss":0,"event_name":"Addict","floor":19,"gold_loss":85},{"damage_healed":0,"gold_gain":0,"player_choice":"Copied","damage_taken":0,"max_hp_gain":0,"max_hp_loss":0,"event_name":"Duplicator","floor":22,"gold_loss":0,"cards_obtained":["Storm"]},{"damage_healed":0,"gold_gain":0,"player_choice":"Smashed Altar","damage_taken":0,"max_hp_gain":0,"max_hp_loss":0,"event_name":"Forgotten Altar","floor":30,"gold_loss":0,"cards_obtained":["Decay"]}],"is_beta":false,"boss_relics":[{"not_picked":["Runic Dome","Calling Bell"],"picked":"Nuclear Battery"}],"items_purged_floors":[],"is_endless":false,"potions_floor_spawned":[1,13,16,18,20,28],"killed_by":"Collector","ascension_level":4}}