{"host":"xp5rvh2jwe2ejyfm","time":1612642091,"event":{"mods":["2.2 Compatiblity","Aspiration","BaseMod","Better Altar","Better Match","Better Note","Better Sensory Stone","Better Skull","BetterRewards","Colored Powertips","Conspire","Downfall","GifTheSpireLib","Gremlin Mod","GungeonMod","Hermit","Hubris","Jorbs\u0027s Wanderer Trilogy","Minty Spire (QoL Compilation)","Potionbrewer","Quick Restart","Replay The Spire","Robot Space Explorer","Shade Mod","Somnambulant","StSLib","The Bug Knight","The Clintock","The Construct","The Cursed","The Disciple","The Forsaken","The Hierophant","The Necromancer","The Runesmith","The Servant 0.9.4","The Valiant","The Witch","TheFirefly","thorton"],"gold_per_floor":[116,81,81,96,106,106,136,136,161,178,178,178,178,192,192,287,287,208,208,208],"floor_reached":19,"language":"ENG","playtime":787,"items_purged":[],"score":267,"play_id":"ad0f474d-08ed-4ec6-b577-7b6f7c46231c","local_time":"20210206150811","is_ascension_mode":false,"campfire_choices":[{"data":"Shade:AnimateDead","floor":6,"key":"SMITH"},{"floor":11,"key":"REST"},{"floor":13,"key":"RECALL"},{"floor":15,"key":"REST"}],"circlet_count":0,"master_deck":["Shade:Strike_Shade","Shade:Strike_Shade","Shade:Strike_Shade","Shade:Strike_Shade","Shade:Defend_Shade","Shade:Defend_Shade","Shade:Defend_Shade","Shade:Defend_Shade","Shade:AnimateDead+1","Shade:CarefulCut","Shade:AuraOfUnlife","Shade:ScuttlingHand","Shade:Bonestorm","Shade:CoffinDance","Shade:FreshBones","Shade:FuneraryArmor","Injury","Shade:TouchOfTheGrave","Shade:FleshToFlesh+1","Shade:OfferingToTheBeyond","Pain","Regret","conspire:NecroticWound","Shade:OpenGraves+1"],"relics":["Shade:YorickSkull","DemoMod:GnawedKey","Anchor","Centennial Puzzle","Toxic Egg 2","Regal Pillow","Replay:Ancient Bell","DemoMod:LamentConfigurum","aspiration:FrozenJewel","Ginger"],"acts_visited":["Exordium","TheCity"],"potions_floor_usage":[7,16,16],"damage_taken":[{"damage":5,"enemies":"Jaw Worm","floor":1,"turns":4},{"damage":2,"enemies":"Small Slimes","floor":4,"turns":3},{"damage":0,"enemies":"2 Louse","floor":5,"turns":3},{"damage":37,"enemies":"Lagavulin","floor":7,"turns":6},{"damage":11,"enemies":"Exordium Thugs","floor":10,"turns":4},{"damage":10,"enemies":"Gremlin Gang","floor":14,"turns":4},{"damage":16,"enemies":"Fading Forest","floor":16,"turns":11},{"damage":62,"enemies":"2 Thieves","floor":18,"turns":5},{"damage":3,"enemies":"conspire:FuzzyDice","floor":19,"turns":2}],"seed_played":"-4924113506117817719","potions_obtained":[{"floor":1,"key":"PowerPotion"},{"floor":7,"key":"ColorlessPotion"},{"floor":14,"key":"SkillPotion"},{"floor":18,"key":"DemoMod:LeadSkinPotion"}],"is_trial":false,"path_per_floor":["M","?","?","M","M","R","E","?","T","M","R","?","R","M","R","B",null,"M","M"],"character_chosen":"SHADE","items_purchased":["DemoMod:GnawedKey","Anchor","Shade:AuraOfUnlife","Shade:ScuttlingHand"],"campfire_rested":2,"item_purchase_floors":[0,0,0,0],"current_hp_per_floor":[47,63,63,61,61,61,24,24,24,13,47,50,50,40,65,49,65,3,0,0],"gold":208,"neow_bonus":"","is_daily":false,"chose_seed":false,"campfire_upgraded":1,"win_rate":0.0,"timestamp":1612642091,"path_taken":["M","?","?","M","M","R","E","?","T","M","R","?","R","M","R","BOSS","M","M"],"items_purchased_type":["Relic","Relic","Card","Card"],"build_version":"2020-12-22","purchased_purges":0,"victory":false,"max_hp_per_floor":[65,65,65,65,65,65,65,65,65,65,65,65,65,65,65,65,65,65,65,65],"card_choices":[{"not_picked":["Shade:MadHubris","Shade:Carnophage"],"picked":"Shade:Bonestorm","floor":1},{"not_picked":["Shade:AblativeArmor","Shade:FeralStrike"],"picked":"Shade:CoffinDance","floor":4},{"not_picked":["Shade:FleshToFlesh","Shade:ClawBack"],"picked":"Shade:FreshBones","floor":5},{"not_picked":["Shade:SanguineRitual","Shade:Premonition"],"picked":"Shade:FuneraryArmor","floor":7},{"not_picked":["Shade:Premonition+1","Shade:Doomsay"],"picked":"Shade:TouchOfTheGrave","floor":10},{"not_picked":["Shade:Putrefaction","Shade:ExtraLimbs"],"picked":"Shade:FleshToFlesh+1","floor":14},{"not_picked":["Shade:SoulPierce","Shade:OneIsEnough"],"picked":"Shade:OfferingToTheBeyond","floor":16},{"not_picked":["Overencumbered","ReplayTheSpireMod:Restless Dread"],"picked":"Pain","floor":17},{"not_picked":["ReplayTheSpireMod:Doomed","ReplayTheSpireMod:Faulty Equipment"],"picked":"Regret","floor":17},{"not_picked":["theForsaken:PlagueCurse","conspire:Blindness"],"picked":"conspire:NecroticWound","floor":17},{"not_picked":["Shade:RitualOffering+1","Shade:GraveStillness+1"],"picked":"Shade:OpenGraves+1","floor":18}],"player_experience":447828,"relics_obtained":[{"floor":7,"key":"Centennial Puzzle"},{"floor":9,"key":"Regal Pillow"}],"event_choices":[{"damage_healed":16,"gold_gain":0,"player_choice":"Healed","damage_taken":0,"max_hp_gain":0,"max_hp_loss":0,"event_name":"The Cleric","floor":2,"gold_loss":35},{"damage_healed":0,"gold_gain":0,"player_choice":"Leave","damage_taken":0,"max_hp_gain":0,"max_hp_loss":0,"event_name":"conspire:Investor","floor":3,"gold_loss":0},{"damage_healed":3,"gold_gain":0,"player_choice":"LEAVE ","damage_taken":0,"relics_obtained":[],"max_hp_gain":0,"max_hp_loss":0,"event_name":"betterSkull:BetterSkull","floor":12,"gold_loss":0,"cards_upgraded":[]}],"is_beta":false,"boss_relics":[{"not_picked":["conspire:SlowCooker","Cursed Key"],"picked":"Replay:Ancient Bell"},{"not_picked":["Potion Belt","ReplayTheSpireMod:TigerMarble"],"picked":"DemoMod:LamentConfigurum"},{"not_picked":["hubris:DuctTape","ReplayTheSpireMod:Shallot"],"picked":"aspiration:FrozenJewel"},{"not_picked":["hubris:64BitClover","Runesmith:Locket"],"picked":"Ginger"}],"items_purged_floors":[],"is_endless":false,"potions_floor_spawned":[1,7,14,18],"killed_by":"conspire:FuzzyDice","ascension_level":0}}