{"host":"ocllwaoi18j60ltd","time":1612627581,"event":{"mods":["BaseMod","DeckTracker","Minty Spire (QoL Compilation)","Permanent Neow","Quick Restart","StSLib","SuperFastMode"],"gold_per_floor":[119,269,285,297,372,372,42,42,42,61,35,54,54,70,70,70,70],"floor_reached":16,"language":"KOR","playtime":192,"items_purged":["Doubt"],"score":184,"play_id":"f174d13b-36d6-4609-bb82-e9b3bf39860c","local_time":"20210207010621","is_ascension_mode":true,"campfire_choices":[{"data":"Terror","floor":6.0,"key":"SMITH"},{"data":"Poisoned Stab","floor":13.0,"key":"SMITH"},{"floor":15,"key":"REST"}],"circlet_count":0,"master_deck":["AscendersBane","Strike_G","Strike_G","Strike_G","Strike_G","Strike_G","Defend_G","Defend_G","Defend_G","Defend_G","Defend_G","Survivor","Neutralize","Poisoned Stab+1","Terror+1","Quick Slash","Calculated Gamble","Grand Finale","Flash of Steel","Tactician","Prepared"],"relics":["Ring of the Snake","Sundial","Question Card"],"acts_visited":["Exordium"],"potions_floor_usage":[14],"damage_taken":[{"damage":1.0,"enemies":"Small Slimes","floor":1.0,"turns":3.0},{"damage":0.0,"enemies":"Jaw Worm","floor":3.0,"turns":3.0},{"damage":3.0,"enemies":"2 Louse","floor":4.0,"turns":3.0},{"damage":12.0,"enemies":"Exordium Thugs","floor":10.0,"turns":5.0},{"damage":1.0,"enemies":"Blue Slaver","floor":12.0,"turns":2.0},{"damage":2,"enemies":"Large Slime","floor":14,"turns":4},{"damage":38,"enemies":"Slime Boss","floor":16,"turns":3}],"seed_played":"3285007132412067689","potions_obtained":[{"floor":1.0,"key":"SteroidPotion"},{"floor":14,"key":"Energy Potion"}],"is_trial":false,"path_per_floor":["M","?","M","M","?","R","$","?","T","M","$","M","R","M","R","B"],"character_chosen":"THE_SILENT","items_purchased":["Grand Finale","Flash of Steel","Prepared"],"campfire_rested":1,"item_purchase_floors":[7,7,11],"current_hp_per_floor":[58,58,58,55,44,44,44,33,33,21,21,20,20,18,37,0,0],"gold":70,"neow_bonus":"THREE_CARDS","is_daily":false,"chose_seed":false,"campfire_upgraded":2,"win_rate":0.0,"timestamp":1612627581,"path_taken":["M","?","M","M","?","R","$","?","T","?","$","M","R","M","R","BOSS"],"items_purchased_type":["Card","Card","Card"],"build_version":"2020-12-22","purchased_purges":1,"victory":false,"max_hp_per_floor":[66,66,66,66,66,66,66,66,66,66,66,66,66,66,66,66,66],"card_choices":[{"not_picked":["Reflex","Outmaneuver"],"picked":"Poisoned Stab","floor":0.0},{"not_picked":["Caltrops","Sucker Punch"],"picked":"Terror","floor":1.0},{"not_picked":["Outmaneuver","Dagger Spray"],"picked":"Quick Slash","floor":3.0},{"not_picked":["Flying Knee","Distraction"],"picked":"Calculated Gamble","floor":4.0},{"not_picked":["Accuracy","Underhanded Strike","Blade Dance"],"picked":"Tactician","floor":10.0},{"not_picked":["Cloak And Dagger","Outmaneuver","Blade Dance","Flying Knee"],"picked":"SKIP","floor":12.0},{"not_picked":["Poisoned Stab","Dodge and Roll","Flying Knee","Bane"],"picked":"SKIP","floor":14}],"player_experience":846575,"relics_obtained":[{"floor":9.0,"key":"Question Card"}],"event_choices":[{"damage_healed":0.0,"max_hp_gain":0.0,"max_hp_loss":0.0,"gold_gain":150.0,"event_name":"Liars Game","player_choice":"AGREE","floor":2.0,"gold_loss":0.0,"damage_taken":0.0,"cards_obtained":["Doubt"]},{"damage_healed":0.0,"max_hp_gain":0.0,"max_hp_loss":0.0,"gold_gain":75.0,"event_name":"World of Goop","player_choice":"Gather Gold","floor":5.0,"gold_loss":0.0,"damage_taken":11.0},{"damage_healed":0.0,"max_hp_gain":0.0,"max_hp_loss":0.0,"gold_gain":0.0,"event_name":"Scrap Ooze","player_choice":"Success","floor":8.0,"gold_loss":0.0,"damage_taken":11.0,"relics_obtained":["Sundial"]}],"is_beta":false,"boss_relics":[],"items_purged_floors":[7],"is_endless":false,"potions_floor_spawned":[1,14],"killed_by":"Slime Boss","ascension_level":20}}