{"host":"test","time":1612634763,"event":{"mods":["BaseMod","Colored Map","Colored Powertips","Minty Spire (QoL Compilation)","Relic Stats","Spire Exporter","StSLib","The Cursed","ojb\u0027s Better Paths Mod","ojb\u0027s Info Mod"],"gold_per_floor":[113,388,406,406,73,73,105,105,105,169,226,346,433,475,475,580,580,599,642,78,78,90,90,90,90,114,152,212,253,285,330,330,454,454,493,536,536,1535,636,668,668,687,687,702,238,238,238,271,271,296,296,296,77,137,162],"floor_reached":56,"language":"JPN","playtime":4970,"items_purged":["TheCursedMod:Strike_TheCursed","Normality","Normality"],"score":1357,"play_id":"08dc4247-1c8a-4e70-b114-af4e53bb31fc","local_time":"20210207030603","is_ascension_mode":false,"campfire_choices":[{"data":"HandOfGreed","floor":6,"key":"SMITH"},{"data":"TheCursedMod:CircleOfFlame","floor":8,"key":"SMITH"},{"data":"TheCursedMod:CursedStaff","floor":15,"key":"SMITH"},{"data":"TheCursedMod:LuckyCharm","floor":23,"key":"SMITH"},{"data":"TheCursedMod:AntiAging","floor":25,"key":"SMITH"},{"data":"TheCursedMod:SpitefulPlan","floor":32,"key":"SMITH"},{"data":"TheCursedMod:CollectTribute","floor":41,"key":"SMITH"},{"floor":47,"key":"RECALL"},{"data":"Thinking Ahead","floor":49,"key":"SMITH"},{"data":"TheCursedMod:LuckyCharm","floor":52,"key":"SMITH"}],"circlet_count":0,"master_deck":["TheCursedMod:CursedWand","TheCursedMod:CleanUpWorkshop","TheCursedMod:CircleOfFlame+1","TheCursedMod:CursedStaff+1","TheCursedMod:Hemoplague","HandOfGreed+1","TheCursedMod:TacticalStrike+1","TheCursedMod:SmokeScreen","TheCursedMod:CursedAmulet","TheCursedMod:Neurasthenia","TheCursedMod:VitalStrike+1","TheCursedMod:CursedSpellbook","TheCursedMod:UltimatePain","TheCursedMod:ParallelWorld","TheCursedMod:Torture","TheCursedMod:SpitefulPray","TheCursedMod:Wield","TheCursedMod:CursedShiv","TheCursedMod:DemonSword","TheCursedMod:AntiAging+1","TheCursedMod:Torture","TheCursedMod:Hemoplague","TheCursedMod:LuckyCharm+1","TheCursedMod:Obscuration","TheCursedMod:LuckyCharm+1","Decay","TheCursedMod:WearCloak","TheCursedMod:Hemoplague","TheCursedMod:CursedArmor","TheCursedMod:SpitefulPlan+1","TheCursedMod:DoubleShield","TheCursedMod:CollectTribute+1","TheCursedMod:CursedAmulet+1","Finesse","Thinking Ahead+1","Sadistic Nature","TheCursedMod:Evocation+1","TheCursedMod:BlessingInDisguise+1","TheCursedMod:AshesToAshes","TheCursedMod:LuckyCharm"],"relics":["TheCursedMod:BlackMagic101","NeowsBlessing","Torii","Gambling Chip","Centennial Puzzle","Pandora\u0027s Box","ClockworkSouvenir","Question Card","Strawberry","Nunchaku","Potion Belt","Philosopher\u0027s Stone","Toolbox","Whetstone","Molten Egg 2","MealTicket","Bottled Tornado","Omamori","Blood Vial"],"acts_visited":["Exordium","TheCity","TheBeyond","TheEnding"],"potions_floor_usage":[11,30,40,40,50,55,55,55,55],"damage_taken":[{"damage":0.0,"enemies":"Jaw Worm","floor":1.0,"turns":1.0},{"damage":0,"enemies":"Cultist","floor":3,"turns":1},{"damage":0,"enemies":"Gremlin Nob","floor":7,"turns":1},{"damage":2,"enemies":"2 Louse","floor":10,"turns":5},{"damage":4,"enemies":"Lagavulin","floor":11,"turns":10},{"damage":4,"enemies":"Lots of Slimes","floor":12,"turns":9},{"damage":2,"enemies":"3 Louse","floor":13,"turns":6},{"damage":0,"enemies":"2 Fungi Beasts","floor":14,"turns":2},{"damage":57,"enemies":"Slime Boss","floor":16,"turns":10},{"damage":9,"enemies":"Shell Parasite","floor":18,"turns":4},{"damage":10,"enemies":"Spheric Guardian","floor":19,"turns":4},{"damage":1,"enemies":"Snake Plant","floor":22,"turns":5},{"damage":2,"enemies":"Cultist and Chosen","floor":27,"turns":6},{"damage":6,"enemies":"Book of Stabbing","floor":28,"turns":7},{"damage":1,"enemies":"Sentry and Sphere","floor":29,"turns":6},{"damage":10,"enemies":"Gremlin Leader","floor":30,"turns":10},{"damage":1,"enemies":"Shelled Parasite and Fungi","floor":31,"turns":6},{"damage":28,"enemies":"Champ","floor":33,"turns":11},{"damage":2,"enemies":"Orb Walker","floor":35,"turns":5},{"damage":8,"enemies":"3 Shapes","floor":36,"turns":5},{"damage":37,"enemies":"Reptomancer","floor":40,"turns":7},{"damage":2,"enemies":"Maw","floor":42,"turns":8},{"damage":2,"enemies":"Writhing Mass","floor":44,"turns":6},{"damage":0,"enemies":"Giant Head","floor":48,"turns":10},{"damage":30,"enemies":"Awakened One","floor":50,"turns":17},{"damage":30,"enemies":"Shield and Spear","floor":54,"turns":7},{"damage":31,"enemies":"The Heart","floor":55,"turns":8}],"seed_played":"-1147810649207877624","potions_obtained":[{"floor":1,"key":"SmokeBomb"},{"floor":10,"key":"GamblersBrew"},{"floor":11,"key":"SmokeBomb"},{"floor":12,"key":"TheCursedMod:DregsPotion"},{"floor":22,"key":"Energy Potion"},{"floor":30,"key":"SteroidPotion"},{"floor":31,"key":"SmokeBomb"},{"floor":35,"key":"DistilledChaos"},{"floor":44,"key":"GamblersBrew"}],"is_trial":false,"path_per_floor":["M","?","M","?","$","R","E","R","T","M","E","M","M","M","R","B",null,"M","M","$","?","M","R","?","R","T","M","E","M","E","M","R","B",null,"M","M","?","?","$","E","R","M","T","M","$","?","R","E","R","B",null,"R","$","E","B",null],"character_chosen":"THE_CURSED","items_purchased":["TheCursedMod:Hemoplague","HandOfGreed","TheCursedMod:TacticalStrike","ClockworkSouvenir","TheCursedMod:Obscuration","Question Card","TheCursedMod:LuckyCharm","Strength Potion","Toolbox","Whetstone","Molten Egg 2","Sadistic Nature","LiquidMemories","Bottled Tornado","TheCursedMod:AshesToAshes","TheCursedMod:LuckyCharm","Block Potion","CultistPotion"],"campfire_rested":0,"item_purchase_floors":[5,5,5,20,20,20,20,20,39,39,39,39,39,45,45,53,53,53],"current_hp_per_floor":[75,75,75,75,75,75,75,75,75,73,69,65,63,63,63,6,75,68,58,58,58,59,59,59,59,66,64,61,63,56,55,55,30,98,102,97,87,87,87,53,53,54,54,55,70,70,70,73,73,46,116,116,116,89,63],"gold":162,"neow_bonus":"THREE_ENEMY_KILL","is_daily":false,"chose_seed":false,"campfire_upgraded":9,"win_rate":0.0,"timestamp":1612634763,"path_taken":["M","?","?","?","$","R","E","R","T","M","E","?","M","M","R","BOSS","M","M","$","?","M","R","?","R","T","M","E","M","E","M","R","BOSS","M","M","?","?","$","E","R","M","T","M","$","?","R","E","R","BOSS","R","$","E","BOSS"],"items_purchased_type":["Card","Card","Card","Relic","Card","Relic","Card","Potion","Relic","Relic","Relic","Card","Potion","Relic","Card","Card","Potion","Potion"],"build_version":"2020-12-18","purchased_purges":3,"victory":true,"max_hp_per_floor":[75,75,75,75,75,75,75,75,75,75,75,75,75,75,75,75,75,77,77,77,77,79,79,79,79,86,86,89,92,95,95,95,98,98,104,107,107,107,107,110,110,113,113,116,116,110,110,113,113,116,116,116,116,119,122],"relic_stats":{"Blood Vial":2,"Centennial Puzzle":[67],"Nunchaku":[11],"Torii":53,"counters":[27,177],"Gambling Chip":[83],"Pandora\u0027s Box":["TheCursedMod:Torture","TheCursedMod:SpitefulPray","TheCursedMod:Wield","TheCursedMod:CursedShiv","TheCursedMod:DemonSword","TheCursedMod:AntiAging","TheCursedMod:Torture"],"MealTicket":15,"Whetstone":["TheCursedMod:TacticalStrike","TheCursedMod:VitalStrike"],"Question Card":17,"obtain_stats":[{"Potion Belt":30,"TheCursedMod:BlackMagic101":0,"NeowsBlessing":0,"Torii":7,"Omamori":48,"Whetstone":39,"Bottled Tornado":45,"Question Card":20,"ClockworkSouvenir":20,"Blood Vial":54,"Centennial Puzzle":11,"Nunchaku":28,"Gambling Chip":9,"Strawberry":26,"Toolbox":39,"Pandora\u0027s Box":17,"Philosopher\u0027s Stone":34,"Molten Egg 2":39,"MealTicket":40},{"Potion Belt":16,"TheCursedMod:BlackMagic101":0,"NeowsBlessing":0,"Torii":3,"Omamori":24,"Whetstone":20,"Bottled Tornado":23,"Question Card":11,"ClockworkSouvenir":11,"Blood Vial":26,"Centennial Puzzle":5,"Nunchaku":14,"Gambling Chip":3,"Strawberry":12,"Toolbox":20,"Pandora\u0027s Box":9,"Philosopher\u0027s Stone":18,"Molten Egg 2":20,"MealTicket":21},{"Potion Belt":87,"TheCursedMod:BlackMagic101":0,"NeowsBlessing":0,"Torii":3,"Omamori":145,"Whetstone":114,"Bottled Tornado":135,"Question Card":53,"ClockworkSouvenir":53,"Blood Vial":169,"Centennial Puzzle":18,"Nunchaku":71,"Gambling Chip":3,"Strawberry":58,"Toolbox":114,"Pandora\u0027s Box":45,"Philosopher\u0027s Stone":104,"Molten Egg 2":114,"MealTicket":121}]},"card_choices":[{"not_picked":["TheCursedMod:TroublousMinions","TheCursedMod:Wield"],"picked":"TheCursedMod:CircleOfFlame","floor":1},{"not_picked":["TheCursedMod:ReleasedStrength","TheCursedMod:EmpowerCircles"],"picked":"TheCursedMod:CursedStaff","floor":3},{"not_picked":["TheCursedMod:EmpowerCircles","TheCursedMod:CircleOfWindfury"],"picked":"TheCursedMod:SmokeScreen","floor":7},{"not_picked":["TheCursedMod:Torture","TheCursedMod:SpitefulStrike"],"picked":"TheCursedMod:CursedAmulet","floor":10},{"not_picked":["TheCursedMod:Evocation","TheCursedMod:SurpriseAttack"],"picked":"TheCursedMod:Neurasthenia","floor":11},{"not_picked":["TheCursedMod:CircleOfCorruption","TheCursedMod:PrepareRite"],"picked":"TheCursedMod:VitalStrike","floor":12},{"not_picked":["TheCursedMod:Torture","TheCursedMod:CircleOfFlame"],"picked":"TheCursedMod:CursedSpellbook","floor":13},{"not_picked":["TheCursedMod:Wield","TheCursedMod:AshesToAshes"],"picked":"TheCursedMod:UltimatePain","floor":14},{"not_picked":["TheCursedMod:DemonSword","TheCursedMod:ShockAndAwe"],"picked":"TheCursedMod:ParallelWorld","floor":16},{"not_picked":["TheCursedMod:HellfireBreathing","TheCursedMod:CursedBlade"],"picked":"TheCursedMod:Hemoplague","floor":18},{"not_picked":["TheCursedMod:TroublousMinions","TheCursedMod:AshesToAshes"],"picked":"TheCursedMod:LuckyCharm","floor":19},{"not_picked":["TheCursedMod:CursedMace","TheCursedMod:VitalStrike","TheCursedMod:FuryStrike"],"picked":"TheCursedMod:WearCloak","floor":22},{"not_picked":["TheCursedMod:CircleOfFlame","TheCursedMod:RavingStaff","TheCursedMod:CursedAmulet"],"picked":"TheCursedMod:Hemoplague","floor":27},{"not_picked":["TheCursedMod:Grudge+1","TheCursedMod:SmokeScreen","TheCursedMod:WearCloak"],"picked":"TheCursedMod:CursedArmor","floor":28},{"not_picked":["TheCursedMod:CursedShiv","TheCursedMod:SaltUponWound+1","TheCursedMod:FleshFromBone"],"picked":"TheCursedMod:SpitefulPlan","floor":29},{"not_picked":["TheCursedMod:DoubleShield","TheCursedMod:AbyssShockwave","TheCursedMod:WearCloak","TheCursedMod:CircleOfFlame"],"picked":"SKIP","floor":30},{"not_picked":["TheCursedMod:AbyssShockwave","TheCursedMod:WearCloak","TheCursedMod:CircleOfFlame"],"picked":"TheCursedMod:DoubleShield","floor":30},{"not_picked":["TheCursedMod:ReleasedKnowledge+1","TheCursedMod:SpitefulStrike","TheCursedMod:Hemoplague","TheCursedMod:CursedShiv"],"picked":"SKIP","floor":31},{"not_picked":["TheCursedMod:StunningStrike","TheCursedMod:DemonicPact","TheCursedMod:DemonSword"],"picked":"TheCursedMod:CollectTribute","floor":33},{"not_picked":["TheCursedMod:CursedMace","TheCursedMod:FleshFromBone","TheCursedMod:VitalStrike+1"],"picked":"TheCursedMod:CursedAmulet+1","floor":35},{"not_picked":["TheCursedMod:Wield+1","TheCursedMod:VitalStrike+1","TheCursedMod:RapidMovement","TheCursedMod:RavingStaff+1"],"picked":"SKIP","floor":36},{"not_picked":["Impatience","Enlightenment","Forethought"],"picked":"Finesse","floor":37},{"not_picked":["Finesse","Deep Breath","Jack Of All Trades"],"picked":"Thinking Ahead","floor":37},{"not_picked":["TheCursedMod:RavingStaff+1","TheCursedMod:CollectTribute","TheCursedMod:WearCloak+1","TheCursedMod:FuryStrike+1"],"picked":"SKIP","floor":40},{"not_picked":["TheCursedMod:FleshFromBone","TheCursedMod:FuryStrike+1","TheCursedMod:DoubleShield"],"picked":"TheCursedMod:Evocation+1","floor":42},{"not_picked":["TheCursedMod:VitalStrike+1","TheCursedMod:RapidMovement","TheCursedMod:HellfireBreathing+1"],"picked":"TheCursedMod:BlessingInDisguise+1","floor":44},{"not_picked":["TheCursedMod:ParallelWorld","TheCursedMod:SurpriseAttack+1","TheCursedMod:SmokeScreen","TheCursedMod:CursedAmulet+1"],"picked":"SKIP","floor":48},{"not_picked":["TheCursedMod:Evocation","TheCursedMod:EmpowerCircles","TheCursedMod:StingEye+1","TheCursedMod:FuryStrike+1"],"picked":"SKIP","floor":54}],"player_experience":2031757,"relics_obtained":[{"floor":7,"key":"Torii"},{"floor":9,"key":"Gambling Chip"},{"floor":11,"key":"Centennial Puzzle"},{"floor":26,"key":"Strawberry"},{"floor":28,"key":"Nunchaku"},{"floor":30,"key":"Potion Belt"},{"floor":40,"key":"MealTicket"},{"floor":48,"key":"Omamori"},{"floor":54,"key":"Blood Vial"}],"event_choices":[{"damage_healed":0,"gold_gain":275,"player_choice":"Desecrate","damage_taken":0,"max_hp_gain":0,"max_hp_loss":0,"event_name":"Golden Shrine","floor":2,"gold_loss":0,"cards_obtained":["Regret"]},{"cards_removed":["Regret","TheCursedMod:Dregs"],"damage_healed":0,"gold_gain":0,"player_choice":"Removed Curses","damage_taken":0,"max_hp_gain":0,"max_hp_loss":0,"event_name":"Fountain of Cleansing","floor":4,"gold_loss":0},{"damage_healed":0,"gold_gain":0,"player_choice":"Smashed Altar","damage_taken":0,"max_hp_gain":0,"max_hp_loss":0,"event_name":"Forgotten Altar","floor":21,"gold_loss":0,"cards_obtained":["Decay"]},{"damage_healed":0,"gold_gain":0,"player_choice":"Ignored","damage_taken":0,"max_hp_gain":0,"max_hp_loss":0,"event_name":"Vampires","floor":24,"gold_loss":0},{"damage_healed":0,"gold_gain":0,"player_choice":"Memory 3","damage_taken":10,"max_hp_gain":0,"max_hp_loss":0,"event_name":"SensoryStone","floor":37,"gold_loss":0},{"damage_healed":0,"gold_gain":999,"player_choice":"Gold","damage_taken":0,"max_hp_gain":0,"max_hp_loss":0,"event_name":"MindBloom","floor":38,"gold_loss":0,"cards_obtained":["Normality","Normality"]},{"damage_healed":0,"gold_gain":0,"player_choice":"Max HP","damage_taken":0,"max_hp_gain":0,"max_hp_loss":6,"event_name":"Winding Halls","floor":46,"gold_loss":0}],"is_beta":true,"boss_relics":[{"not_picked":["Runic Pyramid","Black Star"],"picked":"Pandora\u0027s Box"},{"not_picked":["Snecko Eye","Sozu"],"picked":"Philosopher\u0027s Stone"}],"items_purged_floors":[5,39,45],"is_endless":false,"potions_floor_spawned":[1,10,11,12,22,27,30,31,35,44],"ascension_level":0}}