{"host":"7k2a2omxz3voj5ax","time":1612625231,"event":{"mods":["BaseMod","Marisa£¨ìFÓê¡¡Ä§ÀíÉ³£©","Minty Spire (QoL Compilation)","Quick Restart","Spicy Shops","StSLib","Starting Relic: Pandora\u0027s Box","Yakumo Yukari mod","¡¾ÒÅÎï¿¨ÅÆ¡¿REMEMod","óô»ðÖ¸ÄÏ"],"gold_per_floor":[117,3133,2759,2778,2778,2417,2449,2449,2465,2490,2502,2244,2285,2310,2336,2366,2394,2423,1918,1930,1930],"floor_reached":20,"language":"ZHS","playtime":670,"items_purged":["Clothesline","Heavy Blade","Clash","Havoc","Infernal Blade"],"score":276,"play_id":"b13fa112-99f7-4fbf-b7b3-3053432e15ab","local_time":"20210207002711","is_ascension_mode":true,"campfire_choices":[{"data":"Human_Monster_Realm_purple","floor":8.0,"key":"SMITH"}],"circlet_count":0,"master_deck":["AscendersBane","Bash","Clothesline","Body Slam","Intimidate","Heavy Blade","Human_Monster_Realm_purple+1","Power Through","Body Slam","Human_Monster_Realm_purple","Clumsy","Offering","Feed","Second Wind+1","Dual Wield+1"],"relics":["Pandora\u0027s Box","REME_ComplimentaryCards","NeowsBlessing","Membership Card","DollysMirror","Gremlin Horn","MealTicket","Potion Belt","Art of War","Toy Ornithopter","MawBank","Blue Candle","Lee\u0027s Waffle","Gambling Chip","Ancient Tea Set","Toxic Egg 2","Ornamental Fan","ClockworkSouvenir","Orrery"],"acts_visited":["Exordium"],"potions_floor_usage":[20],"damage_taken":[{"damage":0.0,"enemies":"Cultist","floor":1.0,"turns":1.0},{"damage":6.0,"enemies":"2 Louse","floor":2.0,"turns":2.0},{"damage":4.0,"enemies":"Small Slimes","floor":4.0,"turns":2.0},{"damage":48.0,"enemies":"Lagavulin","floor":7.0,"turns":6.0},{"damage":8.0,"enemies":"Looter","floor":9.0,"turns":2.0},{"damage":8.0,"enemies":"Gremlin Nob","floor":13.0,"turns":3.0},{"damage":12.0,"enemies":"2 Fungi Beasts","floor":14.0,"turns":2.0},{"damage":9.0,"enemies":"Blue Slaver","floor":15.0,"turns":2.0},{"damage":14.0,"enemies":"Looter","floor":16.0,"turns":2.0},{"damage":12.0,"enemies":"2 Fungi Beasts","floor":17.0,"turns":1.0},{"damage":18.0,"enemies":"Exordium Wildlife","floor":18.0,"turns":3.0},{"damage":12,"enemies":"The Guardian","floor":20,"turns":3}],"seed_played":"2108020506739503108","potions_obtained":[{"floor":5.0,"key":"GamblersBrew"},{"floor":5.0,"key":"Ancient Potion"},{"floor":7.0,"key":"EntropicBrew"},{"floor":13.0,"key":"LiquidBronze"},{"floor":15.0,"key":"Energy Potion"},{"floor":17.0,"key":"HeartOfIron"},{"floor":18.0,"key":"FearPotion"}],"is_trial":false,"path_per_floor":["M","M","$","M","?","$","E","R","M","T","T","R","E","M","M","M","M","M","R","B"],"character_chosen":"IRONCLAD","items_purchased":["Membership Card","DollysMirror","Gremlin Horn","MealTicket","Potion Belt","Art of War","Lee\u0027s Waffle","Gambling Chip","Toxic Egg 2","Ornamental Fan","ClockworkSouvenir","Orrery"],"campfire_rested":0,"item_purchase_floors":[3,3,3,6,6,6,12,12,19,19,19,19],"current_hp_per_floor":[68,62,62,58,58,58,10,10,12,12,12,82,79,67,58,44,42,27,27,20,20],"gold":1930,"neow_bonus":"THREE_ENEMY_KILL","is_daily":false,"chose_seed":false,"campfire_upgraded":1,"win_rate":0.0,"timestamp":1612625231,"path_taken":["M","M","$","M","?","$","E","R","M","T","T","R","E","?","M","M","M","M","R","BOSS"],"items_purchased_type":["Relic","Relic","Relic","Relic","Relic","Relic","Relic","Relic","Relic","Relic","Relic","Relic"],"build_version":"2020-12-22","purchased_purges":5,"victory":false,"max_hp_per_floor":[75,75,75,75,75,75,75,75,75,75,75,82,82,82,82,82,82,85,85,85,85],"card_choices":[{"not_picked":["Shrug It Off","Sever Soul"],"picked":"Power Through","floor":1.0},{"not_picked":["Iron Wave","Perfected Strike"],"picked":"Body Slam","floor":2.0},{"not_picked":["Power Through","Rage","Heavy Blade"],"picked":"SKIP","floor":4.0},{"not_picked":["Bludgeon","Wild Strike","Perfected Strike"],"picked":"SKIP","floor":7.0},{"not_picked":["Combust","Warcry","Clash"],"picked":"SKIP","floor":9.0},{"not_picked":["Dropkick","Sever Soul"],"picked":"Offering","floor":13.0},{"not_picked":["Wild Strike","Cleave","True Grit"],"picked":"SKIP","floor":14.0},{"not_picked":["Iron Wave","Thunderclap","Sword Boomerang"],"picked":"SKIP","floor":15.0},{"not_picked":["REME_SingleHolding","Sever Soul","Ghostly Armor"],"picked":"SKIP","floor":16.0},{"not_picked":["Second Wind","Power Through"],"picked":"Feed","floor":17.0},{"not_picked":["Perfected Strike","Blood for Blood","Sword Boomerang"],"picked":"SKIP","floor":18.0},{"not_picked":["Thunderclap","Perfected Strike"],"picked":"Second Wind+1","floor":19},{"not_picked":["Flex+1","Whirlwind"],"picked":"Dual Wield+1","floor":19}],"player_experience":293067,"relics_obtained":[{"floor":7.0,"key":"Toy Ornithopter"},{"floor":10.0,"key":"MawBank"},{"floor":11.0,"key":"Blue Candle"},{"floor":13.0,"key":"Ancient Tea Set"}],"event_choices":[{"damage_healed":0.0,"max_hp_gain":0.0,"max_hp_loss":0.0,"gold_gain":0.0,"event_name":"Lab","player_choice":"Got Potions","floor":5.0,"gold_loss":0.0,"damage_taken":0.0}],"is_beta":false,"boss_relics":[],"items_purged_floors":[3,6,6,12,19],"is_endless":false,"potions_floor_spawned":[7,13,15,17,18],"killed_by":"The Guardian","ascension_level":20}}