{"host":"us276jvng1kxsmoz","time":1612570221,"event":{"mods":["Act Like it!","BaseMod","BetterRewards","Minty Spire (QoL Compilation)"],"gold_per_floor":[109,74,125,138,153,181,1,1,1,1,20,31,64,84,84,161,161,179,40,53,53,69,69,99,99,99],"floor_reached":25,"language":"ITA","playtime":918,"items_purged":["Defend_B","Strike_B"],"score":666,"play_id":"c87204a3-c362-4f8c-8d80-a911809b9f4a","local_time":"20210206011021","is_ascension_mode":true,"campfire_choices":[{"floor":8,"key":"REST"},{"floor":15,"key":"REST"},{"data":"Zap","floor":23,"key":"SMITH"}],"circlet_count":0,"master_deck":["AscendersBane","Strike_B+1","Strike_B+1","Strike_B","Defend_B","Defend_B","Defend_B","Zap+1","Dualcast","Genetic Algorithm","Loop","Self Repair","FTL","Gash","Core Surge","All For One","Gash","BootSequence","Echo Form","Beam Cell","FTL","Aggregate","Gash","Coolheaded+1"],"relics":["Cracked Core","Whetstone","Blood Vial","Eternal Feather","Philosopher\u0027s Stone","Matryoshka"],"acts_visited":["Exordium","TheCity"],"potions_floor_usage":[6,6,12,16,18,24,24],"damage_taken":[{"damage":9,"enemies":"Small Slimes","floor":1,"turns":4},{"damage":2,"enemies":"Jaw Worm","floor":4,"turns":5},{"damage":9,"enemies":"2 Louse","floor":5,"turns":3},{"damage":55,"enemies":"3 Sentries","floor":6,"turns":10},{"damage":6,"enemies":"Lots of Slimes","floor":11,"turns":4},{"damage":6,"enemies":"Looter","floor":12,"turns":3},{"damage":27,"enemies":"Lagavulin","floor":13,"turns":5},{"damage":0,"enemies":"2 Fungi Beasts","floor":14,"turns":2},{"damage":45,"enemies":"The Guardian","floor":16,"turns":11},{"damage":8,"enemies":"Spheric Guardian","floor":18,"turns":4},{"damage":28,"enemies":"Chosen","floor":20,"turns":4},{"damage":23,"enemies":"3 Cultists","floor":22,"turns":6},{"damage":31,"enemies":"Book of Stabbing","floor":24,"turns":5},{"damage":30,"enemies":"Snake Plant","floor":25,"turns":2}],"seed_played":"-406881350692577160","potions_obtained":[{"floor":1,"key":"GamblersBrew"},{"floor":5,"key":"BlessingOfTheForge"},{"floor":11,"key":"DistilledChaos"},{"floor":14,"key":"PowerPotion"},{"floor":16,"key":"EssenceOfSteel"},{"floor":20,"key":"BlessingOfTheForge"},{"floor":22,"key":"PowerPotion"}],"is_trial":false,"path_per_floor":["M","?","T","M","M","E","$","R","T","?","M","M","E","M","R","B",null,"M","$","M","?","M","R","E","M"],"character_chosen":"DEFECT","items_purchased":["Genetic Algorithm","Loop","All For One","FTL"],"campfire_rested":2,"item_purchase_floors":[0,0,7,19],"current_hp_per_floor":[45,62,62,67,65,17,17,38,38,28,31,34,16,18,48,12,56,57,57,45,45,31,43,21,0,0],"gold":99,"neow_bonus":"","is_daily":false,"chose_seed":false,"campfire_upgraded":1,"win_rate":0.0,"timestamp":1612570221,"path_taken":["M","?","?","M","M","E","?","R","T","?","?","M","E","M","R","BOSS","M","$","M","?","M","R","E","M"],"items_purchased_type":["Card","Card","Card","Card"],"build_version":"2020-12-22","purchased_purges":2,"victory":false,"max_hp_per_floor":[71,71,71,71,71,71,71,71,71,71,71,71,71,71,71,71,71,71,71,71,71,71,71,71,71,71],"card_choices":[{"not_picked":["Melter","Chill"],"picked":"Self Repair","floor":1},{"not_picked":["Compile Driver","Conserve Battery"],"picked":"FTL","floor":4},{"not_picked":["Sweeping Beam","Compile Driver"],"picked":"Gash","floor":5},{"not_picked":["Leap","Heatsinks"],"picked":"Core Surge","floor":6},{"not_picked":["Rebound","Go for the Eyes"],"picked":"Gash","floor":11},{"not_picked":["Stack","Force Field","Double Energy"],"picked":"SKIP","floor":12},{"not_picked":["Melter","Conserve Battery"],"picked":"BootSequence","floor":13},{"not_picked":["Cold Snap","Hologram","Storm"],"picked":"SKIP","floor":14},{"not_picked":["Machine Learning","Multi-Cast"],"picked":"Echo Form","floor":16},{"not_picked":["Steam","Rebound"],"picked":"Beam Cell","floor":18},{"not_picked":["Ball Lightning","Heatsinks"],"picked":"Aggregate","floor":20},{"not_picked":["Steam Power","Rainbow"],"picked":"Coolheaded+1","floor":22},{"not_picked":["Sweeping Beam","Meteor Strike","Self Repair"],"picked":"SKIP","floor":24}],"player_experience":4235056,"relics_obtained":[{"floor":3,"key":"Whetstone"},{"floor":6,"key":"Blood Vial"},{"floor":13,"key":"Eternal Feather"},{"floor":24,"key":"Matryoshka"}],"event_choices":[{"damage_healed":17,"gold_gain":0,"player_choice":"Healed","damage_taken":0,"max_hp_gain":0,"max_hp_loss":0,"event_name":"The Cleric","floor":2,"gold_loss":35},{"damage_healed":0,"gold_gain":0,"player_choice":"Damaged","damage_taken":10,"max_hp_gain":0,"max_hp_loss":0,"event_name":"Wheel of Change","floor":10,"gold_loss":0},{"damage_healed":0,"gold_gain":0,"player_choice":"Read","damage_taken":0,"max_hp_gain":0,"max_hp_loss":0,"event_name":"The Library","floor":21,"gold_loss":0,"cards_obtained":["Gash"]}],"is_beta":false,"boss_relics":[{"not_picked":["Calling Bell","Cursed Key"],"picked":"Philosopher\u0027s Stone"}],"items_purged_floors":[0,19],"is_endless":false,"potions_floor_spawned":[1,5,11,14,16,20,22],"killed_by":"Snake Plant","ascension_level":20}}