{"host":"8pvw2tcf9wctlvur","time":1612633598,"event":{"mods":["BaseMod","Better Third Choice","Colored Powertips","Curses Come First","Minty Spire (QoL Compilation)","Rare Cards Sparkle","Relic Stats","StSLib","SuperFastMode"],"gold_per_floor":[113,128,128,80,98,125,145,145,145,156,183,183,71,97,97,201,201,219,71,91,102,119,119,44,63,63,9,24,49,148,162,162,264,264,284,384,398,23,36,64,64,74,143,161,79,79,106,124,124,124],"floor_reached":51,"language":"ENG","playtime":4495,"items_purged":["Heavy Blade","Bash"],"score":824,"play_id":"03056fef-96d4-4c86-a58b-e15089402ed9","local_time":"20210206104638","is_ascension_mode":true,"campfire_choices":[{"floor":8,"key":"REST"},{"data":"Barricade","floor":15,"key":"SMITH"},{"floor":23,"key":"REST"},{"floor":32,"key":"REST"},{"floor":41,"key":"REST"},{"floor":46,"key":"REST"},{"floor":49,"key":"REST"}],"circlet_count":0,"master_deck":["Strike_R","Defend_R","Defend_R","Defend_R","Defend_R","Impervious","Ghostly Armor","Apotheosis+1","Body Slam","Dark Embrace","Sever Soul","True Grit","Iron Wave","Barricade+1","Power Through","Headbutt","Double Tap","Disarm+1","Headbutt","Ghostly Armor+1","Warcry+1","Havoc","Feel No Pain","Flex+1","Berserk","Anger+1","Battle Trance+1","Clothesline+1","Evolve","Fire Breathing+1","Feel No Pain","Body Slam","Parasite","Flame Barrier+1","Thunderclap+1","Body Slam+1","Combust+1","Second Wind","Impervious","Flame Barrier+1"],"relics":["Burning Blood","Self Forming Clay","Ice Cream","TungstenRod","InkBottle","Runic Cube","TheAbacus","Letter Opener","Potion Belt","Astrolabe","Orichalcum","Blood Vial","Meat on the Bone","Oddly Smooth Stone"],"acts_visited":["Exordium","TheCity","TheBeyond"],"potions_floor_usage":[10,10,11,16,18,22,22,25,28,35,39,40,47,50],"damage_taken":[{"damage":13,"enemies":"Jaw Worm","floor":1,"turns":4},{"damage":16,"enemies":"Cultist","floor":2,"turns":4},{"damage":7,"enemies":"2 Louse","floor":5,"turns":2},{"damage":21,"enemies":"Gremlin Nob","floor":6,"turns":5},{"damage":2,"enemies":"Exordium Wildlife","floor":7,"turns":3},{"damage":4,"enemies":"Exordium Thugs","floor":10,"turns":5},{"damage":7,"enemies":"3 Sentries","floor":11,"turns":8},{"damage":15,"enemies":"Gremlin Nob","floor":14,"turns":4},{"damage":8,"enemies":"Hexaghost","floor":16,"turns":10},{"damage":0,"enemies":"Spheric Guardian","floor":18,"turns":6},{"damage":5,"enemies":"Chosen","floor":20,"turns":4},{"damage":17,"enemies":"Snake Plant","floor":21,"turns":7},{"damage":48,"enemies":"3 Cultists","floor":22,"turns":6},{"damage":5,"enemies":"Chosen and Byrds","floor":25,"turns":11},{"damage":10,"enemies":"Shelled Parasite and Fungi","floor":28,"turns":8},{"damage":33,"enemies":"Slavers","floor":29,"turns":8},{"damage":0,"enemies":"Snecko","floor":31,"turns":4},{"damage":29,"enemies":"Collector","floor":33,"turns":13},{"damage":24,"enemies":"3 Darklings","floor":35,"turns":6},{"damage":13,"enemies":"Orb Walker","floor":37,"turns":5},{"damage":22,"enemies":"Writhing Mass","floor":39,"turns":6},{"damage":16,"enemies":"Nemesis","floor":40,"turns":11},{"damage":21,"enemies":"4 Shapes","floor":42,"turns":7},{"damage":26,"enemies":"3 Darklings","floor":44,"turns":5},{"damage":65,"enemies":"Reptomancer","floor":47,"turns":8},{"damage":0,"enemies":"Sphere and 2 Shapes","floor":48,"turns":6},{"damage":14,"enemies":"Time Eater","floor":50,"turns":7}],"seed_played":"-3824473052934633635","potions_obtained":[{"floor":5,"key":"BlessingOfTheForge"},{"floor":10,"key":"EntropicBrew"},{"floor":12,"key":"AttackPotion"},{"floor":16,"key":"SkillPotion"},{"floor":22,"key":"PowerPotion"},{"floor":25,"key":"Regen Potion"},{"floor":33,"key":"EssenceOfSteel"},{"floor":35,"key":"ElixirPotion"},{"floor":37,"key":"Regen Potion"},{"floor":44,"key":"ColorlessPotion"},{"floor":48,"key":"SpeedPotion"}],"is_trial":false,"path_per_floor":["M","M","?","$","M","E","M","R","T","M","E","?","$","E","R","B",null,"M","$","M","M","M","R","?","M","T","$","M","E","?","M","R","B",null,"M","?","M","$","M","E","R","M","T","M","$","R","E","M","R","B",null],"character_chosen":"IRONCLAD","items_purchased":["Body Slam","Power Through","TheAbacus","Havoc","Orichalcum","Feel No Pain","Body Slam","Second Wind"],"campfire_rested":6,"item_purchase_floors":[4,13,19,27,38,38,38,45],"current_hp_per_floor":[73,63,63,63,62,47,51,75,75,77,76,76,76,67,67,65,80,80,80,80,69,27,51,51,52,52,52,63,36,36,42,66,43,80,62,62,55,55,54,44,68,55,55,49,49,73,28,48,72,66],"gold":124,"neow_bonus":"ONE_RANDOM_RARE_CARD","is_daily":false,"chose_seed":false,"campfire_upgraded":1,"win_rate":0.0,"timestamp":1612633598,"path_taken":["M","M","?","$","M","E","M","R","T","M","E","?","$","E","R","BOSS","M","$","M","?","M","R","?","M","T","$","M","E","?","M","R","BOSS","M","?","M","$","M","E","R","M","T","M","?","R","E","M","R","BOSS"],"items_purchased_type":["Card","Card","Relic","Card","Relic","Card","Card","Card"],"build_version":"2020-12-22","purchased_purges":2,"victory":true,"max_hp_per_floor":[80,80,80,80,80,80,80,80,80,80,80,80,80,80,80,80,80,80,80,80,80,80,80,80,80,80,80,80,80,80,80,80,80,80,80,80,80,80,80,80,80,80,80,80,80,80,80,80,80,80],"relic_stats":{"counters":[27,173],"Self Forming Clay":[162],"Astrolabe":["Anger","Battle Trance","Clothesline"],"Letter Opener":[199],"Orichalcum":[24],"Burning Blood":155,"Blood Vial":10,"TheAbacus":[120],"obtain_stats":[{"Ice Cream":9,"Potion Belt":29,"Self Forming Clay":6,"Astrolabe":34,"Oddly Smooth Stone":47,"Letter Opener":26,"Orichalcum":38,"Burning Blood":0,"Blood Vial":40,"TheAbacus":19,"TungstenRod":11,"InkBottle":14,"Runic Cube":17,"Meat on the Bone":43},{"Ice Cream":5,"Potion Belt":16,"Self Forming Clay":4,"Astrolabe":18,"Oddly Smooth Stone":25,"Letter Opener":14,"Orichalcum":20,"Burning Blood":0,"Blood Vial":22,"TheAbacus":10,"TungstenRod":7,"InkBottle":8,"Runic Cube":9,"Meat on the Bone":23},{"Ice Cream":18,"Potion Belt":95,"Self Forming Clay":15,"Astrolabe":112,"Oddly Smooth Stone":160,"Letter Opener":79,"Orichalcum":123,"Burning Blood":0,"Blood Vial":140,"TheAbacus":51,"TungstenRod":31,"InkBottle":35,"Runic Cube":45,"Meat on the Bone":147}],"TungstenRod":64,"InkBottle":[43],"Runic Cube":[45],"Meat on the Bone":36},"card_choices":[{"not_picked":["Twin Strike","Power Through"],"picked":"Heavy Blade","floor":1},{"not_picked":["Flame Barrier","Cleave"],"picked":"Ghostly Armor","floor":2},{"not_picked":["Clash","Sentinel"],"picked":"Dark Embrace","floor":5},{"not_picked":["Armaments","Pommel Strike"],"picked":"Sever Soul","floor":6},{"not_picked":["Clash","Infernal Blade"],"picked":"True Grit","floor":7},{"not_picked":["Shockwave","Bloodletting"],"picked":"Iron Wave","floor":10},{"not_picked":["Pommel Strike","Brutality"],"picked":"Barricade","floor":11},{"not_picked":["Clothesline","Armaments"],"picked":"Headbutt","floor":14},{"not_picked":["Corruption","Brutality"],"picked":"Double Tap","floor":16},{"not_picked":["Shrug It Off","Pommel Strike+1"],"picked":"Disarm+1","floor":18},{"not_picked":["Clash","Pommel Strike","Seeing Red"],"picked":"SKIP","floor":20},{"not_picked":["Clothesline","True Grit"],"picked":"Headbutt","floor":21},{"not_picked":["Pommel Strike","Cleave"],"picked":"Ghostly Armor+1","floor":22},{"not_picked":["Reaper","Headbutt"],"picked":"Warcry+1","floor":25},{"not_picked":["Cleave","Wild Strike"],"picked":"Feel No Pain","floor":28},{"not_picked":["Twin Strike","Clash","Pommel Strike"],"picked":"SKIP","floor":29},{"not_picked":["Heavy Blade","Wild Strike"],"picked":"Flex+1","floor":31},{"not_picked":["Offering","Double Tap"],"picked":"Berserk","floor":33},{"not_picked":["Anger","Thunderclap+1"],"picked":"Evolve","floor":35},{"not_picked":["Pommel Strike","Havoc+1"],"picked":"Fire Breathing+1","floor":37},{"not_picked":["Headbutt","Wild Strike+1"],"picked":"Flame Barrier+1","floor":39},{"not_picked":["Flex+1","Heavy Blade"],"picked":"Thunderclap+1","floor":40},{"not_picked":["Metallicize+1","Clothesline+1"],"picked":"Body Slam+1","floor":42},{"not_picked":["Flex","Anger"],"picked":"Combust+1","floor":44},{"not_picked":["Shockwave","Heavy Blade"],"picked":"Impervious","floor":47},{"not_picked":["Havoc","True Grit"],"picked":"Flame Barrier+1","floor":48}],"player_experience":271931,"relics_obtained":[{"floor":6,"key":"Self Forming Clay"},{"floor":9,"key":"Ice Cream"},{"floor":11,"key":"TungstenRod"},{"floor":14,"key":"InkBottle"},{"floor":26,"key":"Letter Opener"},{"floor":29,"key":"Potion Belt"},{"floor":40,"key":"Blood Vial"},{"floor":43,"key":"Meat on the Bone"},{"floor":47,"key":"Oddly Smooth Stone"}],"event_choices":[{"damage_healed":63,"gold_gain":0,"player_choice":"Embrace","damage_taken":0,"max_hp_gain":0,"max_hp_loss":80,"event_name":"betterThird:BetterShining","floor":3,"gold_loss":0},{"damage_healed":0,"gold_gain":0,"player_choice":"Got Potions","damage_taken":0,"max_hp_gain":0,"max_hp_loss":0,"event_name":"Lab","floor":12,"gold_loss":0},{"cards_removed":["Strike_R"],"damage_healed":0,"gold_gain":0,"player_choice":"Gave Gold","damage_taken":0,"max_hp_gain":0,"max_hp_loss":0,"event_name":"Beggar","floor":24,"gold_loss":75},{"damage_healed":0,"gold_gain":99,"player_choice":"Steal","damage_taken":0,"max_hp_gain":0,"max_hp_loss":0,"event_name":"betterThird:BetterNest","floor":30,"gold_loss":0},{"damage_healed":0,"gold_gain":100,"player_choice":"Pray","damage_taken":0,"max_hp_gain":0,"max_hp_loss":0,"event_name":"Golden Shrine","floor":36,"gold_loss":0}],"is_beta":false,"boss_relics":[{"not_picked":["Runic Pyramid","Velvet Choker"],"picked":"Runic Cube"},{"not_picked":["Busted Crown","Snecko Eye"],"picked":"Astrolabe"}],"items_purged_floors":[13,38],"is_endless":false,"potions_floor_spawned":[5,10,14,16,22,25,33,35,37,44,48],"ascension_level":2}}