{"host":"d8cz15m779bv9isj","time":1612625075,"event":{"mods":["Aspiration","BaseMod","Colored Map","Colored Powertips","DeckTracker","Downfall","Hermit","Highlight Path","Hubris","Infinite Spire","Minty Spire (QoL Compilation)","Quick Restart","Random Character Button","Relic Sorter","Replay The Spire","StSLib","SuperFastMode","Synergy Search","The Cursed","The Disciple","The Jungle","The Runesmith"],"gold_per_floor":[109,12,29,47,47,47,60,87,97,97,97,110,183,7,7,42,42,42,42],"floor_reached":18,"language":"ENG","playtime":619,"items_purged":[],"score":122,"play_id":"45812d28-d73c-4ed1-9bd8-da69057ee858","local_time":"20210206162435","is_ascension_mode":false,"campfire_choices":[{"floor":15,"key":"REST"},{"floor":17,"key":"REST"}],"circlet_count":0,"master_deck":["TheCursedMod:Strike_TheCursed","TheCursedMod:Strike_TheCursed","TheCursedMod:Strike_TheCursed","TheCursedMod:Strike_TheCursed","TheCursedMod:Defend_TheCursed","TheCursedMod:Defend_TheCursed","TheCursedMod:Defend_TheCursed","TheCursedMod:Defend_TheCursed","TheCursedMod:CursedWand","TheCursedMod:CleanUpWorkshop","TheCursedMod:Dregs","TheCursedMod:CursedMace","TheCursedMod:RapidMovement","TheCursedMod:CursedShiv","TheCursedMod:Obscuration","TheCursedMod:Obscuration","TheCursedMod:OutForBlood","TheCursedMod:CursedAmulet","TheCursedMod:SurpriseAttack","TheCursedMod:SurpriseAttack","TheCursedMod:Neurasthenia","TheCursedMod:Wield","TheCursedMod:Wield","TheCursedMod:SurpriseAttack"],"relics":["TheCursedMod:BlackMagic101","Replay:Wax Seal","HornCleat","aspiration:FrozenJewel","NeowsBlessing","Golden Idol","Omamori"],"acts_visited":["Exordium"],"potions_floor_usage":[16,16],"damage_taken":[{"damage":0,"enemies":"Cultist","floor":1,"turns":1},{"damage":0,"enemies":"Jaw Worm","floor":3,"turns":1},{"damage":0,"enemies":"Small Slimes","floor":4,"turns":1},{"damage":3,"enemies":"3 Louse","floor":7,"turns":4},{"damage":5,"enemies":"3 Sentries","floor":8,"turns":14},{"damage":11,"enemies":"2 Fungi Beasts","floor":9,"turns":4},{"damage":0,"enemies":"Blue Slaver","floor":12,"turns":4},{"damage":23,"enemies":"Gremlin Nob","floor":13,"turns":5},{"damage":30,"enemies":"Gremlin Nob","floor":16,"turns":6},{"damage":29,"enemies":"Slime Boss","floor":18,"turns":3}],"seed_played":"-4412867080416417445","potions_obtained":[{"floor":7,"key":"Energy Potion"},{"floor":9,"key":"hexamod:SoulburnPotion"},{"floor":13,"key":"Dexterity Potion"}],"is_trial":false,"path_per_floor":["M","$","M","M","PTL","PTL","M","E","M","?","T","M","?","$","R","E","R","B"],"character_chosen":"THE_CURSED","items_purchased":["TheCursedMod:RapidMovement","TheCursedMod:CursedShiv","TheCursedMod:Neurasthenia","TheCursedMod:Wield"],"campfire_rested":2,"item_purchase_floors":[2,2,14,14],"current_hp_per_floor":[75,75,75,75,75,75,72,67,56,38,38,38,15,15,37,7,29,0,0],"gold":42,"neow_bonus":"THREE_ENEMY_KILL","is_daily":false,"chose_seed":false,"campfire_upgraded":0,"win_rate":0.0,"timestamp":1612625075,"path_taken":["M","$","M","M","PTL","PTL","?","E","M","?","T","M","?","$","R","E","R","BOSS"],"items_purchased_type":["Card","Card","Card","Card"],"build_version":"2020-12-22","purchased_purges":0,"victory":false,"max_hp_per_floor":[75,75,75,75,75,75,75,75,75,75,75,75,75,75,75,75,75,75,75],"card_choices":[{"not_picked":["TheCursedMod:Torture","TheCursedMod:CircleOfBlood"],"picked":"TheCursedMod:CursedMace","floor":1},{"not_picked":["TheCursedMod:SmokeScreen","TheCursedMod:CursedBoomerang"],"picked":"TheCursedMod:Obscuration","floor":3},{"not_picked":["TheCursedMod:CircleOfBlood","TheCursedMod:CircleOfCorruption"],"picked":"TheCursedMod:Obscuration","floor":4},{"not_picked":["TheCursedMod:RavingStaff","TheCursedMod:CircleOfCorruption","TheCursedMod:VitalStrike"],"picked":"SKIP","floor":7},{"not_picked":["TheCursedMod:CircleOfCorruption","TheCursedMod:WearCloak"],"picked":"TheCursedMod:OutForBlood","floor":8},{"not_picked":["TheCursedMod:CursedShiv","TheCursedMod:SmokeScreen"],"picked":"TheCursedMod:CursedAmulet","floor":9},{"not_picked":["TheCursedMod:WearCloak","TheCursedMod:SmokeScreen"],"picked":"TheCursedMod:SurpriseAttack","floor":12},{"not_picked":["TheCursedMod:Stigma","TheCursedMod:SoulReap"],"picked":"TheCursedMod:SurpriseAttack","floor":13},{"not_picked":["TheCursedMod:SpitefulStrike","TheCursedMod:RapidMovement"],"picked":"TheCursedMod:SurpriseAttack","floor":16}],"player_experience":232246,"relics_obtained":[{"floor":8,"key":"aspiration:FrozenJewel"},{"floor":11,"key":"HornCleat"},{"floor":13,"key":"Omamori"},{"floor":16,"key":"Replay:Wax Seal"}],"event_choices":[{"damage_healed":0,"gold_gain":0,"player_choice":"Take Damage","damage_taken":18,"relics_obtained":["Golden Idol"],"max_hp_gain":0,"max_hp_loss":0,"event_name":"Golden Idol","floor":10,"gold_loss":0},{"damage_healed":0,"gold_gain":30,"player_choice":"Searched \u00272\u0027 times","damage_taken":0,"max_hp_gain":0,"max_hp_loss":0,"event_name":"Dead Adventurer","floor":13,"gold_loss":0}],"is_beta":false,"boss_relics":[],"items_purged_floors":[],"is_endless":false,"potions_floor_spawned":[7,9,13],"killed_by":"Slime Boss","ascension_level":0}}