{"host":"2q4w55ev63ot6isg","time":1612580413,"event":{"mods":["Aspiration","BaseMod","Downfall","Hubris","Marisa????????","Minty Spire (QoL Compilation)","Replay The Spire","StSLib","The Cursed","The Jungle","The Servant 0.9.4"],"gold_per_floor":[164,164,164,174,190,190,41,41,41,74,85,10,10,27,27,131,131,142,242,242,242,99,116,132,132,142,142,142,171,183,183,208,227,227,332,332,344,354,44,60,60,60,60,60,60,70,70,81,81,81,81,81],"floor_reached":53,"language":"ENG","playtime":2319,"items_purged":["Strike_S"],"score":808,"play_id":"44e8e9b3-ac79-4364-93d9-49f1e1723b30","local_time":"20210205190013","is_ascension_mode":true,"campfire_choices":[{"data":"ForgedInTime","floor":6,"key":"SMITH"},{"data":"Rewind","floor":8,"key":"SMITH"},{"data":"FloweringNight","floor":13,"key":"SMITH"},{"floor":15,"key":"DIG"},{"data":"Potential","floor":25,"key":"SMITH"},{"data":"SilverBlades","floor":27,"key":"SMITH"},{"data":"Potential","floor":34,"key":"SMITH"},{"data":"BottledTime","floor":42,"key":"SMITH"},{"data":"Exchange","floor":44,"key":"SMITH"},{"data":"TimeWarp","floor":47,"key":"SMITH"},{"data":"Advance","floor":49,"key":"SMITH"},{"data":"KidneyShot","floor":51,"key":"SMITH"}],"circlet_count":0,"master_deck":["Strike_S","Defend_S","Defend_S","Defend_S","Defend_S+1","KidneyShot+1","Exchange+1","Potential+1","SurpressingFire+1","Rewind+1","ForgedInTime+1","FloweringNight+1","BottledTime+1","Potential+1","SoulSculpture+1","GearUp","Rewind+1","TimeWarp+1","SilverBlades+1","Manipulate","FanOfKnives+1","ShiftingGears","LightFlow","MoonPhase+1","Advance+1"],"relics":["Tiny House","Blood Vial","Mirror","ReplayTheSpireMod:Lightbulb","Broom","Sozu","Guardian:PocketSentry","Replay:Kaleidoscope","Letter Opener","hubris:BundleOfHerbs","aspiration:WatcherSkillbook","Replay:Wax Seal","hubris:GlazedTorus","hubris:CuriousFeather","champ:DuelingGlove"],"acts_visited":["Exordium","TheCity","TheBeyond"],"potions_floor_usage":[10,11,14,52,52],"damage_taken":[{"damage":1,"enemies":"Jaw Worm","floor":1,"turns":4},{"damage":7,"enemies":"2 Louse","floor":4,"turns":3},{"damage":1,"enemies":"Cultist","floor":5,"turns":4},{"damage":12,"enemies":"Replay:BlueRogue","floor":10,"turns":11},{"damage":5,"enemies":"Lots of Slimes","floor":11,"turns":7},{"damage":0,"enemies":"Large Slime","floor":14,"turns":6},{"damage":7,"enemies":"The Guardian","floor":16,"turns":8},{"damage":0,"enemies":"Shell Parasite","floor":18,"turns":3},{"damage":7,"enemies":"2 Thieves","floor":23,"turns":4},{"damage":0,"enemies":"3 Cultists","floor":24,"turns":5},{"damage":0,"enemies":"Shelled Parasite and Fungi","floor":26,"turns":4},{"damage":0,"enemies":"Replay:Snechameleon","floor":29,"turns":5},{"damage":0,"enemies":"Cultist and Chosen","floor":30,"turns":3},{"damage":0,"enemies":"Book of Stabbing","floor":32,"turns":4},{"damage":2,"enemies":"Sentry and Sphere","floor":33,"turns":3},{"damage":9,"enemies":"Champ","floor":35,"turns":7},{"damage":0,"enemies":"3 Shapes","floor":37,"turns":4},{"damage":0,"enemies":"Orb Walker","floor":38,"turns":3},{"damage":19,"enemies":"3 Darklings","floor":40,"turns":4},{"damage":0,"enemies":"Transient","floor":46,"turns":5},{"damage":1,"enemies":"4 Shapes","floor":48,"turns":5},{"damage":28,"enemies":"hubris:GrandSnecko","floor":52,"turns":7}],"seed_played":"-423334363789812859","potions_obtained":[{"floor":0,"key":"ColorlessPotion"},{"floor":4,"key":"Dexterity Potion"},{"floor":10,"key":"Regen Potion"},{"floor":11,"key":"hexamod:SoulburnPotion"},{"floor":16,"key":"SpeedPotion"}],"is_trial":false,"path_per_floor":["M","?","?","M","M","R","$","R","T","E","M","$","R","M","R","B",null,"M","?","PTL","PTL","$","M","M","R","M","R","T","E","M","?","E","M","R","B",null,"M","M","$","M","?","R","?","R","T","M","R","M","R","T","R","B",null],"character_chosen":"THE_SERVANT","items_purchased":["Blood Vial","Guardian:PocketSentry","Replay:Wax Seal","hubris:GlazedTorus"],"campfire_rested":0,"item_purchase_floors":[7,22,39,39],"current_hp_per_floor":[69,69,62,55,54,54,54,54,54,44,56,56,56,58,58,53,70,70,70,70,70,70,63,65,65,67,67,67,69,70,70,70,68,68,67,70,70,70,70,51,51,51,51,51,51,53,53,70,70,70,70,48],"gold":81,"neow_bonus":"BOSS_RELIC","is_daily":false,"chose_seed":false,"campfire_upgraded":11,"win_rate":0.0,"timestamp":1612580413,"path_taken":["M","?","?","M","M","R","?","R","T","E","?","$","R","M","R","BOSS","M","?","PTL","PTL","$","M","M","R","M","R","T","E","?","?","E","M","R","BOSS","M","M","$","M","?","R","?","R","T","M","R","M","R","?","R","BOSS"],"items_purchased_type":["Relic","Relic","Relic","Relic"],"build_version":"2020-12-22","purchased_purges":1,"victory":true,"max_hp_per_floor":[70,70,70,70,70,70,70,70,70,70,70,70,70,70,70,70,70,70,70,70,70,70,70,70,70,70,70,70,70,70,70,70,70,70,70,70,70,70,70,70,70,70,70,70,70,70,70,70,70,70,70,70],"card_choices":[{"not_picked":["Foresight","Rewind"],"picked":"Potential","floor":0},{"not_picked":["Revamp","TimeWarp"],"picked":"SurpressingFire","floor":1},{"not_picked":["ShatteredReality","Revamp"],"picked":"Rewind","floor":4},{"not_picked":["InstantArmor","BottledTime"],"picked":"ForgedInTime","floor":5},{"not_picked":["Rewind","Contraction"],"picked":"FloweringNight","floor":10},{"not_picked":["FastForward","StarChef"],"picked":"BottledTime","floor":11},{"not_picked":["Contraction","Collapse"],"picked":"Potential","floor":14},{"not_picked":["ForgedInTime","Deny"],"picked":"SoulSculpture","floor":16},{"not_picked":["Defy+1","Alleviate"],"picked":"GearUp","floor":18},{"not_picked":["Contraction","ShatteredReality"],"picked":"Rewind+1","floor":23},{"not_picked":["Spin","Foresight+1"],"picked":"TimeWarp","floor":24},{"not_picked":["Potential","DualDimension+1"],"picked":"SilverBlades","floor":26},{"not_picked":["Unruled","Gouge","Defy"],"picked":"SKIP","floor":29},{"not_picked":["Rearm","Desolation+1"],"picked":"Manipulate","floor":30},{"not_picked":["SpecialFormula+1","Defy"],"picked":"FanOfKnives+1","floor":32},{"not_picked":["Potential","Snipe+1"],"picked":"ShiftingGears","floor":33},{"not_picked":["Initiator","ForgedInTime"],"picked":"LightFlow","floor":35},{"not_picked":["Replay:ManipulateFuture","Misdirection","Replay:Cycle"],"picked":"MoonPhase+1","floor":37},{"not_picked":["Rearm+1","ForeignInfluence","Rewind","ReturningBlade"],"picked":"SKIP","floor":38},{"not_picked":["WindmillStrike","FlurryOfBlows+1","CrushJoints","Foresight"],"picked":"SKIP","floor":40},{"not_picked":["EmptyFist+1","WheelKick+1","Gouge","ClearTheMind+1"],"picked":"SKIP","floor":46},{"not_picked":["WasteNot+1","DoubleEdge+1","Consecrate+1"],"picked":"Advance","floor":48}],"player_experience":226849,"relics_obtained":[{"floor":9,"key":"Mirror"},{"floor":10,"key":"ReplayTheSpireMod:Lightbulb"},{"floor":15,"key":"Broom"},{"floor":28,"key":"Replay:Kaleidoscope"},{"floor":29,"key":"Letter Opener"},{"floor":32,"key":"hubris:BundleOfHerbs"},{"floor":45,"key":"hubris:CuriousFeather"},{"floor":50,"key":"champ:DuelingGlove"}],"event_choices":[{"damage_healed":0,"gold_gain":0,"player_choice":"Grow","damage_taken":0,"max_hp_gain":0,"max_hp_loss":0,"event_name":"Living Wall","floor":2,"gold_loss":0,"cards_upgraded":["SurpressingFire"]},{"cards_removed":["Strike_S"],"damage_healed":0,"gold_gain":0,"player_choice":"Card Removal","damage_taken":7,"max_hp_gain":0,"max_hp_loss":0,"event_name":"Golden Wing","floor":3,"gold_loss":0},{"damage_healed":0,"gold_gain":100,"player_choice":"Pray","damage_taken":0,"max_hp_gain":0,"max_hp_loss":0,"event_name":"Golden Shrine","floor":19,"gold_loss":0},{"damage_healed":0,"gold_gain":0,"player_choice":"Ignored","damage_taken":0,"max_hp_gain":0,"max_hp_loss":0,"event_name":"Ghosts","floor":31,"gold_loss":0},{"cards_removed":["Strike_S"],"damage_healed":0,"gold_gain":0,"player_choice":"Removed Attack","damage_taken":0,"max_hp_gain":0,"max_hp_loss":0,"event_name":"Falling","floor":41,"gold_loss":0}],"is_beta":false,"boss_relics":[{"not_picked":["Honey Jar","bronze:MakeshiftBattery"],"picked":"Sozu"},{"not_picked":["aspiration:FutureDiary","ReplayTheSpireMod:DimensionalGlitch"],"picked":"aspiration:WatcherSkillbook"}],"items_purged_floors":[12],"is_endless":false,"potions_floor_spawned":[4,10,11,16,24,26,29,35,37,38],"ascension_level":1}}