{"host":"sc0o2qwpf9j16a4i","time":1612641673,"event":{"mods":["AchievementEnabler","BaseMod","BetterRewards","Block Reminder","Colored Map","Colored Powertips","Custom Start","Highlight Path","Minty Spire (QoL Compilation)","Relic Stats"],"gold_per_floor":[115,390,403,417,417,417,444,444,492,567,567,587,613,629,629,730,730,730],"floor_reached":17,"language":"ENG","playtime":417,"items_purged":[],"score":165,"play_id":"9bf46cba-b4dd-45aa-bdb8-48285fc0af37","local_time":"20210206220113","daily_mods":["Heirloom","Blue Cards","Binary"],"is_ascension_mode":false,"campfire_choices":[{"data":"Bash","floor":6,"key":"SMITH"},{"data":"Go for the Eyes","floor":8,"key":"SMITH"},{"data":"Infernal Blade","floor":11,"key":"SMITH"},{"floor":15,"key":"REST"}],"circlet_count":0,"master_deck":["Strike_R","Strike_R","Strike_R","Strike_R","Strike_R","Defend_R","Defend_R","Defend_R","Defend_R","Bash+1","Go for the Eyes+1","Regret","Headbutt","Infernal Blade+1","Regret","Hologram","Rupture","Carnage","Reboot","Bludgeon"],"relics":["Burning Blood","Unceasing Top","Strawberry","Pantograph","Dream Catcher","Tiny Chest","SlaversCollar"],"acts_visited":["Exordium","TheCity"],"potions_floor_usage":[7,12],"damage_taken":[{"damage":0,"enemies":"Small Slimes","floor":1,"turns":4},{"damage":13,"enemies":"Jaw Worm","floor":3,"turns":5},{"damage":2,"enemies":"2 Louse","floor":4,"turns":3},{"damage":19,"enemies":"Gremlin Nob","floor":7,"turns":4},{"damage":0,"enemies":"Blue Slaver","floor":12,"turns":1},{"damage":29,"enemies":"Lagavulin","floor":13,"turns":6},{"damage":18,"enemies":"Exordium Wildlife","floor":14,"turns":4},{"damage":60,"enemies":"The Guardian","floor":16,"turns":15}],"seed_played":"-794282516195167965","potions_obtained":[{"floor":1,"key":"BlessingOfTheForge"},{"floor":7,"key":"SneckoOil"},{"floor":16,"key":"FearPotion"}],"is_trial":true,"path_per_floor":["M","?","M","M","?","R","E","R","T","?","R","M","E","M","R","B",null],"character_chosen":"IRONCLAD","items_purchased":[],"campfire_rested":1,"item_purchase_floors":[],"current_hp_per_floor":[80,80,73,77,84,84,71,71,71,60,60,66,43,31,57,28,87,87],"gold":730,"neow_bonus":"","is_daily":false,"chose_seed":false,"campfire_upgraded":3,"win_rate":0.0,"timestamp":1612641673,"path_taken":["M","?","?","M","?","R","E","R","T","?","R","M","E","M","R","BOSS"],"items_purchased_type":[],"build_version":"2020-12-22","purchased_purges":0,"victory":false,"max_hp_per_floor":[80,80,80,80,87,87,87,87,87,87,87,87,87,87,87,87,87,87],"relic_stats":{"Dream Catcher":1,"counters":[8,42],"Pantograph":25,"Tiny Chest":0,"obtain_stats":[{"SlaversCollar":17,"Dream Catcher":9,"Strawberry":5,"Pantograph":7,"Tiny Chest":13,"Burning Blood":0,"Unceasing Top":0},{"SlaversCollar":8,"Dream Catcher":4,"Strawberry":3,"Pantograph":4,"Tiny Chest":6,"Burning Blood":0,"Unceasing Top":0},{"SlaversCollar":42,"Dream Catcher":16,"Strawberry":12,"Pantograph":16,"Tiny Chest":23,"Burning Blood":0,"Unceasing Top":0}],"Burning Blood":42,"Unceasing Top":[0]},"card_choices":[{"not_picked":["Carnage"],"picked":"Go for the Eyes","floor":1},{"not_picked":["Wild Strike"],"picked":"Headbutt","floor":3},{"not_picked":["Sweeping Beam"],"picked":"Infernal Blade","floor":4},{"not_picked":["Steam"],"picked":"Hologram","floor":7},{"not_picked":["Havoc"],"picked":"Rupture","floor":12},{"not_picked":["Shrug It Off"],"picked":"Carnage","floor":13},{"not_picked":["Force Field","Perfected Strike"],"picked":"SKIP","floor":14},{"not_picked":["Thunderclap"],"picked":"Reboot","floor":15},{"not_picked":["Reboot"],"picked":"Bludgeon","floor":16}],"player_experience":1247437,"relics_obtained":[{"floor":7,"key":"Pantograph"},{"floor":9,"key":"Dream Catcher"},{"floor":13,"key":"Tiny Chest"}],"event_choices":[{"damage_healed":0,"gold_gain":275,"player_choice":"Desecrate","damage_taken":0,"max_hp_gain":0,"max_hp_loss":0,"event_name":"Golden Shrine","floor":2,"gold_loss":0,"cards_obtained":["Regret"]},{"damage_healed":0,"gold_gain":0,"player_choice":"Box","damage_taken":0,"relics_obtained":["Strawberry"],"max_hp_gain":0,"max_hp_loss":0,"event_name":"Big Fish","floor":5,"gold_loss":0,"cards_obtained":["Regret"]},{"damage_healed":0,"gold_gain":75,"player_choice":"Gather Gold","damage_taken":11,"max_hp_gain":0,"max_hp_loss":0,"event_name":"World of Goop","floor":10,"gold_loss":0}],"is_beta":false,"boss_relics":[{"not_picked":["Runic Dome","Runic Pyramid"],"picked":"SlaversCollar"}],"items_purged_floors":[],"is_endless":false,"potions_floor_spawned":[1,7,16],"ascension_level":0}}