{"host":"q93rjlrw0j2mc0ku","time":1612589875,"event":{"mods":["BaseMod","Better Altar","Better Match","Better Note","Better Sensory Stone","Better Skull","Better Third Choice","Better Vampires","BetterRewards","Bossed Relics","Colored Map","Conspire","Downfall","Evolution","Grow up Mod","Hubris","Infinite Spire","Minty Spire (QoL Compilation)","Permanent Neow","Poor People Problems","Relic Stats","Reliquary","Replay The Spire","Shop Mod","StSLib","The Alterego","The Construct","Uncapped","Waifu the Spire"],"gold_per_floor":[113,129,78,111,121,153,153,185,185,41,52,52,78,95,95,195,195,215,156,156,56,68,96,446,471,471,490,490,490,525,525,525,678,678,694,694,681,681,694,694,728,728,782,810,660,676,676,676,676],"floor_reached":48,"language":"ENG","playtime":8610,"items_purged":["construct:AttackMode","construct:ShiftStrike","Overencumbered","Spreading Infection"],"score":718,"play_id":"0946dded-12d8-4ed8-97c2-73a88cb2d80e","local_time":"20210205213755","is_ascension_mode":true,"campfire_choices":[{"data":"construct:DefenseMode","floor":7,"key":"SMITH"},{"data":"construct:LaserCore+1","floor":12,"key":"SMITH"},{"data":"construct:Autoturret","floor":12,"key":"SMITH"},{"data":"construct:Backup","floor":15,"key":"SMITH"},{"data":"construct:Autoturret+1","floor":15,"key":"SMITH"},{"data":"construct:Backup+1","floor":28,"key":"SMITH"},{"data":"construct:DefenseMode+1","floor":28,"key":"SMITH"},{"data":"construct:ModeShift","floor":32,"key":"PURGE"},{"data":"construct:Autoturret","floor":40,"key":"SMITH"},{"data":"construct:Autoturret+1","floor":40,"key":"SMITH"}],"circlet_count":0,"master_deck":["construct:Strike_Gold","construct:Strike_Gold","construct:Strike_Gold","construct:Strike_Gold","construct:Defend_Gold","construct:Defend_Gold","construct:Defend_Gold","construct:Defend_Gold+2","construct:Defend_Gold","construct:DefenseMode+2","construct:Reinforce","construct:LaserCore+2","construct:Autoturret+2","construct:Backup+2","construct:ReactiveShield","construct:PanicFire","construct:Autoturret","construct:Autoturret+2","construct:LaserCore+1","ReplayTheSpireMod:Splinters"],"relics":["construct:ClockworkPhoenix","EVO:Axolotl","Omamori","Bird Faced Urn","Replay:Arrowhead","MerchantsRug","reliquary:RedPaperclip","Replay:Towering Pillar of Hats","Ring of Greed","Old Coin","hubris:MobiusCoin","construct:MegaBattery","alterego_mod:FleetingLove","reliquary:PorcupineQuills","betterThird:NestCultRelic","reliquary:WritOfMandamus","hubris:Icosahedron","infinitespire:BottledMercury","Ancient Tea Set","Centennial Puzzle","reliquary:BallBearing"],"acts_visited":["Exordium","TheCity","TheBeyond"],"potions_floor_usage":[44],"damage_taken":[{"damage":6,"enemies":"Cultist","floor":1,"turns":3},{"damage":1,"enemies":"2 Louse","floor":2,"turns":4},{"damage":38,"enemies":"conspire:MimicChest","floor":4,"turns":5},{"damage":4,"enemies":"Small Slimes","floor":5,"turns":3},{"damage":26,"enemies":"Replay:BlueRogue","floor":6,"turns":5},{"damage":69,"enemies":"Gremlin Nob","floor":8,"turns":6},{"damage":22,"enemies":"Looter","floor":11,"turns":4},{"damage":13,"enemies":"3 Sentries","floor":13,"turns":11},{"damage":20,"enemies":"2 Fungi Beasts","floor":14,"turns":5},{"damage":0,"enemies":"Fading Forest","floor":16,"turns":11},{"damage":2,"enemies":"Spheric Guardian","floor":18,"turns":5},{"damage":22,"enemies":"Shell Parasite","floor":22,"turns":6},{"damage":76,"enemies":"Gremlin Leader","floor":23,"turns":8},{"damage":31,"enemies":"conspire:Head Lice","floor":25,"turns":7},{"damage":18,"enemies":"Cultist and Chosen","floor":27,"turns":5},{"damage":18,"enemies":"Book of Stabbing","floor":30,"turns":6},{"damage":48,"enemies":"Automaton","floor":33,"turns":14},{"damage":49,"enemies":"Orb Walker","floor":35,"turns":6},{"damage":65,"enemies":"3 Shapes","floor":39,"turns":8},{"damage":177,"enemies":"Nemesis","floor":41,"turns":17},{"damage":126,"enemies":"R_Hoarder","floor":44,"turns":28},{"damage":61,"enemies":"Writhing Mass","floor":46,"turns":7},{"damage":179,"enemies":"Reptomancer","floor":48,"turns":5}],"seed_played":"7204816159731404753","potions_obtained":[{"floor":1,"key":"Strength Potion"},{"floor":11,"key":"Weak Potion"},{"floor":13,"key":"ColorlessPotion"},{"floor":14,"key":"sneckomod:MuddlingPotion"},{"floor":23,"key":"FearPotion"},{"floor":33,"key":"Cursed Concoction"},{"floor":39,"key":"Fruit Juice"},{"floor":44,"key":"Cursed Concoction"}],"is_trial":false,"path_per_floor":["M","M","$","?","M","E","R","E","T","$","M","R","E","M","R","B",null,"M","$","?","$","M","E","?","E","T","M","R","?","E","?","R_BF","B",null,"M","?","$","?","M","R","E","T","T","E","$","M","?","E"],"character_chosen":"THE_CONSTRUCT_MOD","items_purchased":["construct:LaserCore+1","MerchantsRug","construct:Autoturret"],"campfire_rested":0,"item_purchase_floors":[3,10,19],"current_hp_per_floor":[99,108,118,90,96,80,90,31,41,51,43,53,52,48,58,88,265,273,283,293,303,303,251,261,254,264,270,280,290,296,306,316,288,435,408,418,428,438,393,403,250,260,270,171,181,144,154,0,0],"gold":676,"neow_bonus":"","is_daily":false,"chose_seed":false,"campfire_upgraded":9,"win_rate":0.0,"timestamp":1612589875,"path_taken":["M","M","$","?","M","E","R","E","T","$","M","R","E","M","R","BOSS","M","$","?","$","M","E","?","E","T","M","R","?","E","?","R_BF","BOSS","M","?","$","?","M","R","E","?","T","E","$","?","?","E"],"items_purchased_type":["Card","Relic","Card"],"build_version":"2020-12-22","purchased_purges":4,"victory":false,"max_hp_per_floor":[105,115,125,135,145,155,165,175,185,195,205,215,225,235,245,255,265,275,285,295,305,315,325,335,345,355,365,375,385,395,405,415,425,435,445,455,465,475,485,495,505,515,525,540,550,560,570,570,570],"relic_stats":{"Centennial Puzzle":[9],"counters":[27,169],"Bird Faced Urn":[168],"obtain_stats":[{"infinitespire:BottledMercury":41,"hubris:CrystalStatue":26,"EVO:Axolotl":17,"construct:ClockworkPhoenix":0,"Ancient Tea Set":42,"Old Coin":24,"Yang_Lob":2,"Blood Vial":13,"CogitoBucket":0,"alterego_mod:FleetingLove":29,"Centennial Puzzle":43,"hubris:Icosahedron":38,"MerchantsRug":10,"hubris:MobiusCoin":24,"Replay:Towering Pillar of Hats":23,"betterThird:NestCultRelic":31,"Omamori":6,"Ring of Greed":24,"Replay:Arrowhead":9,"reliquary:RedPaperclip":17,"reliquary:PorcupineQuills":30,"Bird Faced Urn":8,"reliquary:BallBearing":44,"LetterFromLob":1,"hubris:ToyBattleship":4,"construct:MegaBattery":25,"reliquary:WritOfMandamus":34},{"infinitespire:BottledMercury":24,"hubris:CrystalStatue":18,"EVO:Axolotl":14,"construct:ClockworkPhoenix":0,"Ancient Tea Set":24,"Old Coin":17,"Yang_Lob":2,"Blood Vial":12,"CogitoBucket":0,"alterego_mod:FleetingLove":19,"Centennial Puzzle":24,"hubris:Icosahedron":22,"MerchantsRug":10,"hubris:MobiusCoin":17,"Replay:Towering Pillar of Hats":17,"betterThird:NestCultRelic":20,"Omamori":9,"Ring of Greed":17,"Replay:Arrowhead":10,"reliquary:RedPaperclip":14,"reliquary:PorcupineQuills":20,"Bird Faced Urn":10,"reliquary:BallBearing":25,"LetterFromLob":1,"hubris:ToyBattleship":7,"construct:MegaBattery":18,"reliquary:WritOfMandamus":21},{"infinitespire:BottledMercury":131,"hubris:CrystalStatue":81,"EVO:Axolotl":59,"construct:ClockworkPhoenix":0,"Ancient Tea Set":131,"Old Coin":75,"Yang_Lob":4,"Blood Vial":44,"CogitoBucket":0,"alterego_mod:FleetingLove":85,"Centennial Puzzle":131,"hubris:Icosahedron":108,"MerchantsRug":31,"hubris:MobiusCoin":75,"Replay:Towering Pillar of Hats":75,"betterThird:NestCultRelic":90,"Omamori":26,"Ring of Greed":75,"Replay:Arrowhead":31,"reliquary:RedPaperclip":59,"reliquary:PorcupineQuills":90,"Bird Faced Urn":31,"reliquary:BallBearing":158,"LetterFromLob":3,"hubris:ToyBattleship":18,"construct:MegaBattery":81,"reliquary:WritOfMandamus":103}]},"card_choices":[{"not_picked":["construct:NuclearCore","construct:VentSteam"],"picked":"construct:ShiftStrike","floor":1},{"not_picked":["construct:Accumulate","construct:Overcharge"],"picked":"construct:ModeShift","floor":2},{"not_picked":["construct:SweepLaser","construct:ClockworkEgg"],"picked":"construct:Autoturret","floor":5},{"not_picked":["construct:SuppressiveFire","construct:Rollout","construct:OmegaCannon"],"picked":"SKIP","floor":6},{"not_picked":["construct:Backfire","construct:Antimatter"],"picked":"construct:Backup","floor":8},{"not_picked":["construct:SaveState","construct:FlammableFog","construct:SuppressiveFire"],"picked":"SKIP","floor":11},{"not_picked":["construct:CreateCores","construct:FocusedBeam"],"picked":"construct:ReactiveShield","floor":13},{"not_picked":["construct:GoldenBullet","construct:Versatility","construct:Boost"],"picked":"SKIP","floor":14},{"not_picked":["construct:HammerDown","construct:SiegeForm"],"picked":"construct:PanicFire","floor":16},{"not_picked":["construct:FocusedBeam","construct:Backfire+1","construct:FierceBash"],"picked":"SKIP","floor":18},{"not_picked":["construct:Boost","construct:FocusedBeam","ReplayTheSpireMod:Mirror System"],"picked":"SKIP","floor":22},{"not_picked":["construct:FierceBash","construct:DarkFlames","construct:Isolate"],"picked":"SKIP","floor":23},{"not_picked":["construct:MoltenSmash","construct:SweepLaser","construct:SuppressiveFire+1"],"picked":"SKIP","floor":25},{"not_picked":["construct:SyphonStrike+1","construct:FlakBarrage","construct:MoltenSmash"],"picked":"SKIP","floor":27},{"not_picked":["construct:HeavyBolt","construct:FlammableFog","construct:SyphonStrike+1"],"picked":"SKIP","floor":30},{"not_picked":["construct:FocusedBeam+1","construct:HeavyBolt"],"picked":"construct:LaserCore+1","floor":35},{"not_picked":["construct:Construct_Overclock","construct:Accumulate","construct:SaveState"],"picked":"SKIP","floor":39},{"not_picked":["construct:NuclearCore","construct:Tumble+1","construct:SweepLaser"],"picked":"SKIP","floor":41},{"not_picked":["construct:PowerUp+1","construct:Antimatter","construct:FierceBash"],"picked":"SKIP","floor":44},{"not_picked":["construct:Missile+1","construct:SuppressiveFire+1","construct:Isolate"],"picked":"SKIP","floor":46}],"player_experience":607958,"relics_obtained":[{"floor":4,"key":"hubris:ToyBattleship"},{"floor":6,"key":"Omamori"},{"floor":8,"key":"Bird Faced Urn"},{"floor":9,"key":"Replay:Arrowhead"},{"floor":13,"key":"Blood Vial"},{"floor":23,"key":"Replay:Towering Pillar of Hats"},{"floor":24,"key":"Ring of Greed"},{"floor":24,"key":"Old Coin"},{"floor":24,"key":"hubris:MobiusCoin"},{"floor":25,"key":"construct:MegaBattery"},{"floor":26,"key":"hubris:CrystalStatue"},{"floor":30,"key":"reliquary:PorcupineQuills"},{"floor":41,"key":"infinitespire:BottledMercury"},{"floor":42,"key":"Ancient Tea Set"},{"floor":43,"key":"Centennial Puzzle"},{"floor":44,"key":"reliquary:BallBearing"}],"event_choices":[{"damage_healed":0,"gold_gain":0,"player_choice":"Choice 1","damage_taken":0,"relics_obtained":["alterego_mod:FleetingLove"],"max_hp_gain":0,"max_hp_loss":0,"event_name":"Secret Garden","floor":29,"gold_loss":0},{"damage_healed":0,"gold_gain":0,"player_choice":"Madness","damage_taken":0,"relics_obtained":["betterThird:NestCultRelic"],"max_hp_gain":0,"max_hp_loss":0,"event_name":"betterThird:BetterNest","floor":31,"gold_loss":0},{"cards_removed":["construct:Strike_Gold"],"damage_healed":0,"gold_gain":0,"player_choice":"Removed Attack","damage_taken":0,"max_hp_gain":0,"max_hp_loss":0,"event_name":"Falling","floor":36,"gold_loss":0},{"damage_healed":0,"gold_gain":0,"player_choice":"Ignored","damage_taken":0,"max_hp_gain":0,"max_hp_loss":0,"event_name":"Tomb of Lord Red Mask","floor":47,"gold_loss":0}],"is_beta":false,"boss_relics":[{"not_picked":["conspire:SeveredTorchhead","Replay:Bronze Core"],"picked":"reliquary:RedPaperclip"},{"not_picked":["Replay:Drink Me","Snecko Eye"],"picked":"reliquary:WritOfMandamus"}],"items_purged_floors":[19,21,37,45],"is_endless":false,"potions_floor_spawned":[1,11,13,14,16,18,23,33,39,44,46],"killed_by":"Reptomancer","ascension_level":1}}