{"host":"rdkn868dy8jmb7gs","time":1612609882,"event":{"mods":["Act Like it!","Arknights","BaseMod","BetterRewards","Colored Map","Colored Powertips","Gensokyo","Marisa£®ÏF”Í°°ƒß¿Ì…≥£©","Minty Spire (QoL Compilation)","Reimu£®≤©¿ˆ¡È√Œ£©","Remilia£®¿Ÿ√◊¿Ú—«£©","Replay The Spire","Spicy Shops","StSLib","The Servant 0.9.4","Youmu£®ªÍ∆«—˝√Œ£©","[IsaacMod]“‘»ˆº‚À˛","ÛÙª÷∏ƒœ"],"gold_per_floor":[118,129,140,140,153,179,179,209,209,220,220,220,249,249,249,350,350,364,106,123,123,457,1048,1048,1083,1083,1348,1348,659,709,894,894,1260,1260,1273,1289,731,745,745,772,772,802,829,855,866,866,893,916,435,415,415],"floor_reached":50,"language":"ZHS","playtime":2815,"items_purged":["ats:Strike S","ats:Strike C","Gensokyo:MonkeysPaw","ats:Strike V"],"score":1296,"play_id":"3d374e02-915d-4552-a29e-46f0a6d2ab89","local_time":"20210206191122","is_ascension_mode":true,"campfire_choices":[{"data":"ats:Emotion Absorption","floor":7.0,"key":"SMITH"},{"data":"ats:Red Shift","floor":11.0,"key":"SMITH"},{"data":"ats:Shadow Assault","floor":15.0,"key":"SMITH"},{"data":"ats:Assault Order","floor":32.0,"key":"SMITH"},{"data":"Pot Of Greed","floor":41,"key":"SMITH"},{"data":"Pot Of Greed","floor":46,"key":"SMITH"}],"circlet_count":0,"master_deck":["ats:Strike G","ats:Armor Crushing Shot","ats:Defend+1","ats:Defend+1","ats:Defend+1","ats:Defend+1","ats:Emotion Absorption+1","ats:Cat Scratch","ats:Curse Doll","ats:Demon Strength","ats:Shell Defense","ats:Nebulous Foxfire","ats:Hammer On","ats:Soul Rend","ats:Apocalypse","ats:Red Shift+1","ats:Part Time Job","ats:Shell Defense","ats:Shadow Assault+1","CurseOfTheBell","ats:Defend Order","ats:Closed Bolt Burst Fire","ats:Counter Healing Mode+1","Reinforced Body","ats:Hook Shot","ats:Rat Pack+1","ats:Thorns","ats:Thorns","ats:Assault Order+1","ats:Fractured Body","Pot Of Greed+1","Pot Of Greed+1","Pot Of Greed","ReplayUltimateDefense+1","ats:LN2 Cannon","Apotheosis","Pot Of Greed"],"relics":["ats:Sanity","HushsDoor","SteamSale","ats:Industrial Water Cannon","Eternal Feather","D4","HandDrill","ats:Originium","MoneyPower","Bronze Scales","Replay:Bottled Eggs","Blue Doll","Happy Flower","Calling Bell","ats:Hidden Killer","Garlic","Mango","Smiling Mask","ats:Rhine Circuitry","Letter Opener","Tiny Chest","Anchor","TheBean","Replay:Baseball","ats:Cure","ats:Berate","Nunchaku","Singing Bowl","Art of War","TentaclePot:ReiMu","AntiCross","UnicornStump","Quantum Egg","RedLine:ReiMu","Grinning Jar","ReplayTheSpireMod:Shallot","ats:Bonebreaker","CeramicFish","Gensokyo:TheCrow","BelialBook","ReplayTheSpireMod:TigerMarble","DeadEye","Centennial Puzzle","Gremlin Horn","DeathBook","Vajra","SatanicBible","ats:Emergency Defibrillator","Membership Card","ReplayTheSpireMod:ShopPack"],"acts_visited":["Exordium","Gensokyo:Gensokyo","Gensokyo:Gensokyoer"],"potions_floor_usage":[42,45,50],"damage_taken":[{"damage":3.0,"enemies":"Gensokyo:Gryphon","floor":1.0,"turns":4.0},{"damage":3.0,"enemies":"Gensokyo:Python","floor":2.0,"turns":4.0},{"damage":11.0,"enemies":"Gensokyo:2_Kodama","floor":3.0,"turns":13.0},{"damage":0.0,"enemies":"Gensokyo:5_Fairies","floor":5.0,"turns":4.0},{"damage":8.0,"enemies":"Gensokyo:Mamizou","floor":6.0,"turns":7.0},{"damage":39.0,"enemies":"Gensokyo:Cirno","floor":8.0,"turns":8.0},{"damage":0.0,"enemies":"Gensokyo:VengefulSpirit","floor":10.0,"turns":4.0},{"damage":3.0,"enemies":"Gensokyo:Aya","floor":13.0,"turns":4.0},{"damage":12.0,"enemies":"Gensokyo:Kokoro","floor":16.0,"turns":8.0},{"damage":8.0,"enemies":"Gensokyo:AngelMirror","floor":18.0,"turns":3.0},{"damage":17.0,"enemies":"Gensokyo:CosmicMonolith","floor":20.0,"turns":4.0},{"damage":66.0,"enemies":"Gensokyo:Mirror_and_Dog","floor":22.0,"turns":12.0},{"damage":71.0,"enemies":"Gensokyo:Koishi","floor":23.0,"turns":7.0},{"damage":31.0,"enemies":"Gensokyo:Tenshi","floor":25.0,"turns":6.0},{"damage":24.0,"enemies":"Gensokyo:Reisen","floor":27.0,"turns":5.0},{"damage":0.0,"enemies":"Hiden Room Battle","floor":30.0,"turns":3.0},{"damage":16.0,"enemies":"Gensokyo:Koishi","floor":31.0,"turns":3.0},{"damage":48,"enemies":"Gensokyo:Kaguya","floor":33,"turns":9},{"damage":33,"enemies":"Gensokyo:AncientGuardian","floor":35,"turns":7},{"damage":0,"enemies":"Gensokyo:3_Bats","floor":36,"turns":2},{"damage":0,"enemies":"Gensokyo:3_Boulders","floor":38,"turns":2},{"damage":16,"enemies":"Gensokyo:Doremy","floor":40,"turns":4},{"damage":42,"enemies":"Gensokyo:Kasen","floor":42,"turns":4},{"damage":38,"enemies":"Gensokyo:Marisa","floor":44,"turns":4},{"damage":0,"enemies":"Gensokyo:Sharpion","floor":45,"turns":2},{"damage":0,"enemies":"Gensokyo:Kasen","floor":47,"turns":2},{"damage":300,"enemies":"Gensokyo:Shinki","floor":50,"turns":12}],"seed_played":"-688404564885045668","potions_obtained":[{"floor":1.0,"key":"ats:Emergency Sanity Potion"},{"floor":6.0,"key":"Elixir"},{"floor":13.0,"key":"FearPotion"},{"floor":16.0,"key":"Explosive Potion"},{"floor":18.0,"key":"Swift Potion"},{"floor":23.0,"key":"Milkshake"},{"floor":40,"key":"Adrenaline Potion"},{"floor":42,"key":"FearPotion"},{"floor":44,"key":"EssenceOfSteel"}],"is_trial":false,"path_per_floor":["M","M","M","?","M","E","R","E","T","M","R","?","E","?","R","B",null,"M","COS","M","?","M","E","?","E","T","E","T","$","?","E","R","B",null,"M","M","$","M","?","E","R","E","T","E","M","R","E","T","R","B"],"character_chosen":"DOCTOR_CLASS","items_purchased":["ats:Cat Scratch","ats:Curse Doll","ats:Industrial Water Cannon","ats:Demon Strength","Eternal Feather","HandDrill","ats:Cure","ats:Berate","Nunchaku","Singing Bowl","Art of War","TentaclePot:ReiMu","ats:Rat Pack+1","ats:Thorns","Adrenaline Potion","ats:Assault Order","SteroidPotion","Grinning Jar","ReplayTheSpireMod:Shallot","ats:Bonebreaker","CeramicFish","FairyPotion","ReplayUltimateDefense+1","ats:LN2 Cannon","Vajra","SatanicBible","ats:Emergency Defibrillator","Membership Card","Energy Potion","Swift Potion","ReplayTheSpireMod:ShopPack"],"campfire_rested":0,"item_purchase_floors":[0,0,0,0,0,0,29,29,29,29,29,29,29,29,29,29,29,37,37,37,37,37,37,37,49,49,49,49,49,49,49],"current_hp_per_floor":[44,41,72,72,72,66,72,50,50,61,70,70,72,72,72,72,86,78,78,73,73,74,29,29,41,41,46,46,46,33,19,37,82,82,68,73,73,75,75,71,90,55,55,25,27,48,53,53,76,0,0],"gold":415,"neow_bonus":"","is_daily":false,"chose_seed":false,"campfire_upgraded":6,"win_rate":0.0,"timestamp":1612609882,"path_taken":["M","M","M","?","M","E","R","E","T","M","R","?","E","?","R","BOSS","M","COS","M","?","?","E","?","E","T","E","?","$","?","E","R","BOSS","M","M","$","M","?","E","R","E","T","E","M","R","E","?","R","BOSS"],"items_purchased_type":["Card","Card","Relic","Card","Relic","Relic","Relic","Relic","Relic","Relic","Relic","Relic","Card","Card","Potion","Card","Potion","Relic","Relic","Relic","Relic","Potion","Card","Card","Relic","Relic","Relic","Relic","Potion","Potion","Relic"],"build_version":"2020-12-22","purchased_purges":4,"victory":false,"max_hp_per_floor":[72,72,72,72,72,72,72,72,72,72,72,72,72,72,72,72,86,86,86,86,78,78,78,78,78,78,78,78,78,80,82,82,82,82,84,86,86,88,88,90,90,92,92,94,96,96,98,98,100,100,100],"card_choices":[{"not_picked":[],"picked":"Bomb","floor":0.0},{"not_picked":["ats:Cat Scratch","ats:Leaping Hammer"],"picked":"ats:Shell Defense","floor":1.0},{"not_picked":["ats:Consecutive Shot Auto","ats:Hammer On"],"picked":"ats:Nebulous Foxfire","floor":2.0},{"not_picked":["ats:Ignite","ats:Neurotoxin"],"picked":"ats:Thermite Blade","floor":3.0},{"not_picked":["ats:Shell Defense","ats:Blood Oath"],"picked":"ats:Hammer On","floor":5.0},{"not_picked":["ats:Directed Diagnosis","ats:Poison Spread"],"picked":"ats:Soul Rend","floor":6.0},{"not_picked":["ats:Cat Scratch","ats:Flexible Camouflage"],"picked":"ats:Apocalypse","floor":8.0},{"not_picked":["ats:Magnetic Hammer","ats:Blood Oath"],"picked":"ats:Red Shift","floor":10.0},{"not_picked":["ats:Powerful Strike","ats:LN2 Cannon"],"picked":"ats:Part Time Job","floor":12.0},{"not_picked":["ats:Steam Pump","ats:Hammer On"],"picked":"ats:Shell Defense","floor":12.0},{"not_picked":["ats:Soul Absorption","ats:Shell Defense"],"picked":"ats:Shadow Assault","floor":13.0},{"not_picked":["ats:Fractured Body","ats:Volcano"],"picked":"ats:True Silver Slash","floor":16.0},{"not_picked":["ats:Absolute Focus","ats:Mental Burst+1","ats:Rapid Magazine"],"picked":"SKIP","floor":18.0},{"not_picked":["ats:Absolute Focus","ats:LN2 Cannon+1"],"picked":"ats:Defend Order","floor":20.0},{"not_picked":["Gensokyo:Doppelganger","Gensokyo:ManorOfTheDishes"],"picked":"Gensokyo:MonkeysPaw","floor":21.0},{"not_picked":["ats:Ignite","ats:Explosion Area Strengthen"],"picked":"ats:Closed Bolt Burst Fire","floor":22.0},{"not_picked":["ats:Consecutive Shot Auto+1","ats:Curse Doll"],"picked":"ats:Counter Healing Mode+1","floor":23.0},{"not_picked":["ats:Leaping Hammer+1","ats:Poison Spread"],"picked":"ats:Hook Shot","floor":25.0},{"not_picked":["ats:Chain Hook","ats:Consecutive Shot Auto+1","ats:Leaping Hammer"],"picked":"SKIP","floor":27.0},{"not_picked":["ats:Blood Oath+1","ats:Curse Doll","ats:Overload+1"],"picked":"Singing Bowl","floor":30.0},{"not_picked":["ats:Part Time Job","ats:Sashimi Platter","ats:Explosion Area Strengthen"],"picked":"Singing Bowl","floor":31.0},{"not_picked":["ats:Soul Rend","ats:Nebulous Foxfire"],"picked":"ats:Fractured Body","floor":33},{"not_picked":["ats:Defend Order","ats:Counter Healing Mode+1","ats:Soul Absorption"],"picked":"Singing Bowl","floor":35},{"not_picked":["ats:Cat Scratch+1","ats:Magnetic Hammer+1","ats:Consecutive Shot Auto"],"picked":"Singing Bowl","floor":36},{"not_picked":["ats:Steam Pump","ats:Powerful Strike","ats:Guard Mode+1"],"picked":"Singing Bowl","floor":38},{"not_picked":["ats:Ignite","ats:Encircling Forest","ats:Part Time Job+1"],"picked":"Singing Bowl","floor":40},{"not_picked":["ats:Assault Order+1","ats:Flexible Camouflage","ats:Sunburst+1"],"picked":"Singing Bowl","floor":42},{"not_picked":["ats:Apocalypse+1","ats:Composite Medical Shells+1","ats:Rat Pack"],"picked":"Singing Bowl","floor":44},{"not_picked":["ats:Shell Defense+1","ats:Consecutive Shot Auto","ats:Assault Order"],"picked":"Singing Bowl","floor":45},{"not_picked":["ats:Closed Bolt Burst Fire+1","ats:Poison Spread+1","ats:Hammer On"],"picked":"Singing Bowl","floor":47},{"not_picked":["ReplayUltimateDefense","Panache"],"picked":"Apotheosis","floor":49},{"not_picked":["BettingIsNotGood","Flash of Steel"],"picked":"ChaosCard","floor":49},{"not_picked":["Flash of Steel","Replay:Sssssssssstrike","PanicButton"],"picked":"Singing Bowl","floor":49}],"player_experience":436878,"relics_obtained":[{"floor":6.0,"key":"ats:Originium"},{"floor":6.0,"key":"MoneyPower"},{"floor":8.0,"key":"ats:Originium"},{"floor":8.0,"key":"Bronze Scales"},{"floor":9.0,"key":"Replay:Bottled Eggs"},{"floor":13.0,"key":"ats:Originium"},{"floor":13.0,"key":"Blue Doll"},{"floor":17.0,"key":"ats:Hidden Killer"},{"floor":17.0,"key":"Garlic"},{"floor":17.0,"key":"Mango"},{"floor":23.0,"key":"ats:Originium"},{"floor":23.0,"key":"ats:Rhine Circuitry"},{"floor":25.0,"key":"Tiny Chest"},{"floor":26.0,"key":"Anchor"},{"floor":27.0,"key":"TheBean"},{"floor":28.0,"key":"Replay:Baseball"},{"floor":30.0,"key":"AntiCross"},{"floor":30.0,"key":"UnicornStump"},{"floor":31.0,"key":"Quantum Egg"},{"floor":40,"key":"BelialBook"},{"floor":42,"key":"ReplayTheSpireMod:TigerMarble"},{"floor":43,"key":"DeadEye"},{"floor":44,"key":"Centennial Puzzle"},{"floor":47,"key":"Gremlin Horn"},{"floor":48,"key":"DeathBook"}],"event_choices":[{"damage_healed":0.0,"max_hp_gain":0.0,"max_hp_loss":0.0,"gold_gain":0.0,"event_name":"HidenRoomEvent","player_choice":"Fight","floor":30.0,"gold_loss":0.0,"damage_taken":0.0}],"is_beta":false,"boss_relics":[{"not_picked":["ChewingGum","Ectoplasm"],"picked":"Calling Bell"},{"not_picked":[]},{"not_picked":["Velvet Choker","SacredBark"],"picked":"RedLine:ReiMu"},{"not_picked":[]}],"items_purged_floors":[0,29,37,49],"is_endless":false,"potions_floor_spawned":[1,6,13,16,18,23,40,42,44],"killed_by":"Gensokyo:Shinki","ascension_level":1}}