{"host":"tpad8qsc9e0g0pa5","time":1612612276,"event":{"mods":["BaseMod","Minty Spire (QoL Compilation)","Quick Restart","StSLib","The Cursed"],"gold_per_floor":[114,289,289,9,24,52,52,62,62,62,80,80,99,113,113,234,234,257,272,7,7,28,28,41,41,41,41,56,76,76,76,76,204,204,227,560,560,579,5,5,16,16,16,31,31,31,43,43,43,43],"floor_reached":51,"language":"ZHS","playtime":3950,"items_purged":["Doubt","Slice"],"score":854,"play_id":"e31df4a4-ee0d-44d7-a427-8e2a01092db3","local_time":"20210206195116","is_ascension_mode":true,"campfire_choices":[{"floor":7.0,"key":"REST"},{"data":"After Image","floor":10.0,"key":"SMITH"},{"data":"Dagger Spray","floor":15.0,"key":"SMITH"},{"data":"Apotheosis","floor":23.0,"key":"SMITH"},{"data":"Bullet Time","floor":30.0,"key":"SMITH"},{"data":"Dodge and Roll","floor":32.0,"key":"SMITH"},{"data":"Secret Technique","floor":40.0,"key":"SMITH"},{"data":"Acrobatics","floor":46,"key":"SMITH"},{"data":"Footwork","floor":49,"key":"SMITH"}],"circlet_count":0,"master_deck":["Survivor","Neutralize","Outmaneuver","After Image+1","Acrobatics+1","Flying Knee","Flying Knee","Dash","Backflip","Dagger Spray+1","Bullet Time+1","Sucker Punch+1","Dodge and Roll+1","Apotheosis+1","Bullet Time+1","Predator+1","Blur","Night Terror","Blur","Reflex","Malaise","Footwork+1","Escape Plan","Deadly Poison","Finisher","Dagger Spray+1","Secret Technique+1","Well Laid Plans+1"],"relics":["Ring of the Serpent","Incense Burner","Blue Candle","Ice Cream","Shuriken","HornCleat","Pandora\u0027s Box","Omamori","Medical Kit","Frozen Egg 2","Letter Opener"],"acts_visited":["TheCity","TheBeyond"],"potions_floor_usage":[50,50],"damage_taken":[{"damage":5.0,"enemies":"Jaw Worm","floor":1.0,"turns":6.0},{"damage":1.0,"enemies":"Small Slimes","floor":5.0,"turns":4.0},{"damage":19.0,"enemies":"3 Sentries","floor":6.0,"turns":11.0},{"damage":0.0,"enemies":"Cultist","floor":8.0,"turns":5.0},{"damage":1.0,"enemies":"Exordium Wildlife","floor":11.0,"turns":3.0},{"damage":2.0,"enemies":"Lots of Slimes","floor":13.0,"turns":4.0},{"damage":0.0,"enemies":"2 Fungi Beasts","floor":14.0,"turns":3.0},{"damage":1.0,"enemies":"Slime Boss","floor":16.0,"turns":8.0},{"damage":6.0,"enemies":"3 Byrds","floor":18.0,"turns":4.0},{"damage":13.0,"enemies":"Shell Parasite","floor":19.0,"turns":6.0},{"damage":19.0,"enemies":"Shelled Parasite and Fungi","floor":22.0,"turns":6.0},{"damage":0.0,"enemies":"Snecko","floor":24.0,"turns":4.0},{"damage":0.0,"enemies":"3 Cultists","floor":28.0,"turns":7.0},{"damage":0.0,"enemies":"Centurion and Healer","floor":29.0,"turns":5.0},{"damage":24.0,"enemies":"Automaton","floor":33.0,"turns":10.0},{"damage":8.0,"enemies":"3 Darklings","floor":35.0,"turns":6.0},{"damage":0.0,"enemies":"Orb Walker","floor":38.0,"turns":4.0},{"damage":1,"enemies":"Maw","floor":41,"turns":7},{"damage":1,"enemies":"Sphere and 2 Shapes","floor":44,"turns":4},{"damage":0,"enemies":"Jaw Worm Horde","floor":47,"turns":4},{"damage":0,"enemies":"Donu and Deca","floor":50,"turns":9}],"seed_played":"-6613138763618217143","potions_obtained":[{"floor":5.0,"key":"Poison Potion"},{"floor":6.0,"key":"Regen Potion"},{"floor":8.0,"key":"SteroidPotion"},{"floor":22.0,"key":"Strength Potion"},{"floor":24.0,"key":"Block Potion"},{"floor":27.0,"key":"Energy Potion"},{"floor":28.0,"key":"Fire Potion"},{"floor":41,"key":"EssenceOfSteel"},{"floor":44,"key":"Fire Potion"},{"floor":47,"key":"DistilledChaos"}],"is_trial":false,"path_per_floor":["M","?","?","$","M","E","R","M","T","R","M","?","M","M","R","B",null,"M","M","$","?","M","R","M","?","T","?","M","M","R","?","R","B",null,"M","?","?","M","$","R","M","T","T","M","$","R","M","?","R","B",null],"character_chosen":"THE_SILENT","items_purchased":["Blue Candle","Acrobatics","Apotheosis","Secret Technique","Omamori","Medical Kit"],"campfire_rested":1,"item_purchase_floors":[4,4,20,39,39,39],"current_hp_per_floor":[58,58,58,58,57,38,56,56,56,56,55,40,38,38,38,37,63,57,44,44,44,25,25,25,25,25,25,39,39,39,39,39,15,63,55,55,55,55,55,55,54,54,54,53,53,53,53,53,53,53],"gold":43,"neow_bonus":"ONE_RARE_RELIC","is_daily":false,"chose_seed":false,"campfire_upgraded":8,"win_rate":0.0,"timestamp":1612612276,"path_taken":["M","?","?","$","M","E","R","M","T","R","?","?","M","M","R","BOSS","M","M","$","?","M","R","?","?","T","?","M","?","R","?","R","BOSS","M","?","?","M","$","R","?","?","T","M","$","R","?","?","R","BOSS"],"items_purchased_type":["Relic","Card","Card","Card","Relic","Relic"],"build_version":"2020-12-22","purchased_purges":2,"victory":true,"max_hp_per_floor":[63,63,63,63,63,63,63,63,63,63,63,63,63,63,63,63,63,63,63,63,63,63,63,63,63,63,63,63,63,63,63,63,63,63,63,63,60,60,60,60,60,60,60,60,60,60,60,60,60,60],"card_choices":[{"not_picked":["Dodge and Roll","Deflect"],"picked":"Outmaneuver","floor":1.0},{"not_picked":["Deadly Poison","Dodge and Roll"],"picked":"Flying Knee","floor":5.0},{"not_picked":["Accuracy","Setup"],"picked":"Flying Knee","floor":6.0},{"not_picked":["Bouncing Flask","Setup"],"picked":"Dash","floor":8.0},{"not_picked":["Flying Knee","Sucker Punch"],"picked":"Backflip","floor":11.0},{"not_picked":["Sucker Punch","Dodge and Roll"],"picked":"Dagger Spray","floor":13.0},{"not_picked":["Sucker Punch","Prepared","Choke"],"picked":"SKIP","floor":14.0},{"not_picked":["Tools of the Trade","Night Terror"],"picked":"Bullet Time","floor":16.0},{"not_picked":["Eviscerate+1","Deflect"],"picked":"Sucker Punch+1","floor":18.0},{"not_picked":["Cloak And Dagger","Slice"],"picked":"Dodge and Roll","floor":19.0},{"not_picked":["Dodge and Roll+1","Choke","Flying Knee"],"picked":"SKIP","floor":22.0},{"not_picked":["Tools of the Trade","Backflip","Poisoned Stab"],"picked":"SKIP","floor":24.0},{"not_picked":["Dash+1","Backflip"],"picked":"Predator+1","floor":28.0},{"not_picked":["Deflect","Escape Plan"],"picked":"Blur","floor":29.0},{"not_picked":["Tools of the Trade","Envenom"],"picked":"Night Terror","floor":33.0},{"not_picked":["PiercingWail","Cloak And Dagger+1"],"picked":"Dagger Spray+1","floor":35.0},{"not_picked":["Footwork+1","Backflip","Tactician"],"picked":"SKIP","floor":38.0},{"not_picked":["Deadly Poison","Poisoned Stab","Backflip"],"picked":"SKIP","floor":41},{"not_picked":["Prepared+1","Dagger Spray"],"picked":"Well Laid Plans+1","floor":44},{"not_picked":["Distraction+1","Underhanded Strike","Poisoned Stab"],"picked":"SKIP","floor":47}],"player_experience":259567,"relics_obtained":[{"floor":6.0,"key":"Ice Cream"},{"floor":9.0,"key":"Shuriken"},{"floor":26.0,"key":"HornCleat"},{"floor":42,"key":"Frozen Egg 2"},{"floor":43,"key":"Letter Opener"}],"event_choices":[{"damage_healed":0.0,"max_hp_gain":0.0,"max_hp_loss":0.0,"gold_gain":175.0,"event_name":"Liars Game","player_choice":"AGREE","floor":2.0,"gold_loss":0.0,"damage_taken":0.0,"cards_obtained":["Doubt"]},{"damage_healed":0.0,"max_hp_gain":0.0,"max_hp_loss":0.0,"gold_gain":0.0,"cards_transformed":["Defend_G"],"event_name":"Transmorgrifier","player_choice":"Transformed","floor":3.0,"gold_loss":0.0,"damage_taken":0.0,"cards_obtained":["After Image"]},{"damage_healed":0.0,"max_hp_gain":0.0,"max_hp_loss":0.0,"gold_gain":0.0,"event_name":"Golden Idol","player_choice":"Take Damage","floor":12.0,"gold_loss":0.0,"damage_taken":15.0,"relics_obtained":["Golden Idol"]},{"damage_healed":0.0,"max_hp_gain":0.0,"max_hp_loss":0.0,"gold_gain":0.0,"event_name":"Duplicator","player_choice":"Copied","floor":21.0,"gold_loss":0.0,"damage_taken":0.0,"cards_obtained":["Bullet Time"]},{"cards_removed":["Defend_G"],"damage_healed":0.0,"max_hp_gain":0.0,"max_hp_loss":0.0,"gold_gain":0.0,"event_name":"Back to Basics","player_choice":"Elegance","floor":25.0,"gold_loss":0.0,"damage_taken":0.0},{"damage_healed":0.0,"max_hp_gain":0.0,"max_hp_loss":0.0,"gold_gain":0.0,"event_name":"Lab","player_choice":"Got Potions","floor":27.0,"gold_loss":0.0,"damage_taken":0.0},{"damage_healed":0.0,"max_hp_gain":0.0,"max_hp_loss":0.0,"gold_gain":0.0,"event_name":"Accursed Blacksmith","player_choice":"Forge","floor":31.0,"gold_loss":0.0,"damage_taken":0.0,"cards_upgraded":["Bullet Time"]},{"damage_healed":0.0,"max_hp_gain":0.0,"max_hp_loss":0.0,"gold_gain":333.0,"event_name":"The Moai Head","player_choice":"Gave Idol","floor":36.0,"relics_lost":["Golden Idol"],"gold_loss":0.0,"damage_taken":0.0},{"damage_healed":0.0,"max_hp_gain":0.0,"max_hp_loss":3.0,"gold_gain":0.0,"event_name":"Winding Halls","player_choice":"Max HP","floor":37.0,"gold_loss":0.0,"damage_taken":0.0},{"damage_healed":0,"gold_gain":0,"player_choice":"Ignored","damage_taken":0,"max_hp_gain":0,"max_hp_loss":0,"event_name":"Mysterious Sphere","floor":48,"gold_loss":0}],"is_beta":false,"boss_relics":[{"not_picked":["Snecko Eye","Ectoplasm"],"picked":"Ring of the Serpent"},{"not_picked":["WristBlade","Runic Dome"],"picked":"Pandora\u0027s Box"}],"items_purged_floors":[20,39],"is_endless":false,"potions_floor_spawned":[5,6,8,22,24,28,41,44,47],"ascension_level":3}}