{"host":"zr590xw2unlz0wv7","time":1612638183,"event":{"mods":["BaseMod","Minty Spire (QoL Compilation)","READ ME - Guardian Mod","StSLib"],"gold_per_floor":[109,284,284,295,310,310,344,344,370,385,413,378,390,408,408,508,508,479,259,259,279,299,299,332,357,357,272,272,272,272],"floor_reached":29,"language":"ZHS","playtime":1184,"items_purged":["Doubt"],"score":341,"play_id":"714ff7ff-5c90-4068-b2fd-d2bf9917ce48","local_time":"20210207030303","is_ascension_mode":true,"campfire_choices":[{"data":"Eruption","floor":6,"key":"SMITH"},{"data":"Collect","floor":8,"key":"SMITH"},{"floor":15,"key":"REST"},{"floor":23,"key":"REST"},{"floor":28,"key":"REST"}],"circlet_count":0,"master_deck":["Strike_P","Strike_P","Strike_P","Strike_P","Defend_P","Defend_P","Defend_P","Defend_P","Eruption+1","Vigilance","CutThroughFate","Collect+1","JustLucky","FollowUp","DeusExMachina","FlurryOfBlows","EmptyFist","ConjureBlade"],"relics":["PureWater","NeowsBlessing","Toy Ornithopter","Kunai","Mango","Fusion Hammer","Strawberry","Anchor","Question Card","Vajra","Akabeko","Dream Catcher"],"acts_visited":["Exordium","TheCity"],"potions_floor_usage":[10,11,13,16,24],"damage_taken":[{"damage":0,"enemies":"2 Louse","floor":1,"turns":1},{"damage":0,"enemies":"Small Slimes","floor":4,"turns":1},{"damage":0,"enemies":"Cultist","floor":5,"turns":1},{"damage":32,"enemies":"Gremlin Nob","floor":7,"turns":3},{"damage":16,"enemies":"Blue Slaver","floor":10,"turns":4},{"damage":24,"enemies":"Lagavulin","floor":11,"turns":7},{"damage":11,"enemies":"Exordium Wildlife","floor":13,"turns":3},{"damage":22,"enemies":"Large Slime","floor":14,"turns":7},{"damage":37,"enemies":"The Guardian","floor":16,"turns":13},{"damage":39,"enemies":"2 Thieves","floor":18,"turns":5},{"damage":5,"enemies":"Spheric Guardian","floor":21,"turns":3},{"damage":1,"enemies":"Snecko","floor":22,"turns":4},{"damage":39,"enemies":"Slavers","floor":24,"turns":6},{"damage":26,"enemies":"Centurion and Healer","floor":29,"turns":3}],"seed_played":"-2370150883144919459","potions_obtained":[{"floor":5,"key":"Swift Potion"},{"floor":7,"key":"Regen Potion"},{"floor":10,"key":"FairyPotion"},{"floor":11,"key":"Energy Potion"},{"floor":13,"key":"Dexterity Potion"},{"floor":18,"key":"ColorlessPotion"},{"floor":21,"key":"Ancient Potion"}],"is_trial":false,"path_per_floor":["M","?","?","M","M","R","E","R","T","M","E","?","M","M","R","B",null,"M","$","?","M","M","R","E","T","T","?","R","M"],"character_chosen":"WATCHER","items_purchased":["Strawberry"],"campfire_rested":3,"item_purchase_floors":[19],"current_hp_per_floor":[72,72,72,72,72,72,40,40,40,41,36,57,51,29,54,22,70,31,38,38,33,32,59,25,25,25,25,52,26,26],"gold":272,"neow_bonus":"THREE_ENEMY_KILL","is_daily":false,"chose_seed":false,"campfire_upgraded":2,"win_rate":0.0,"timestamp":1612638183,"path_taken":["M","?","?","M","?","R","E","R","T","M","E","?","M","M","R","BOSS","M","$","?","M","M","R","E","?","T","?","R","?"],"items_purchased_type":["Relic"],"build_version":"2020-12-22","purchased_purges":1,"victory":false,"max_hp_per_floor":[72,72,72,72,72,72,72,72,72,72,86,86,86,86,86,86,86,86,93,93,93,93,93,93,93,93,93,93,93,93],"card_choices":[{"not_picked":["CutThroughFate","TalkToTheHand","Halt"],"picked":"SKIP","floor":1},{"not_picked":["Evaluate","Perseverance"],"picked":"CutThroughFate","floor":4},{"not_picked":["Collect","Consecrate","CrushJoints"],"picked":"SKIP","floor":5},{"not_picked":["ForeignInfluence","CrushJoints"],"picked":"Collect","floor":7},{"not_picked":["Protect","Conclude"],"picked":"JustLucky","floor":10},{"not_picked":["Vengeance","Indignation"],"picked":"FollowUp","floor":11},{"not_picked":["Evaluate","TalkToTheHand"],"picked":"DeusExMachina","floor":13},{"not_picked":["Crescendo","WaveOfTheHand"],"picked":"FlurryOfBlows","floor":14},{"not_picked":["ThirdEye","FearNoEvil","Wireheading"],"picked":"SKIP","floor":18},{"not_picked":["SashWhip","Sanctity+1","CrushJoints"],"picked":"SKIP","floor":21},{"not_picked":["Evaluate+1","WheelKick"],"picked":"EmptyFist","floor":22},{"not_picked":["Study+1","ForeignInfluence","Prostrate+1"],"picked":"SKIP","floor":24},{"not_picked":["SandsOfTime","WheelKick+1","MentalFortress"],"picked":"ConjureBlade","floor":28}],"player_experience":551512,"relics_obtained":[{"floor":3,"key":"Toy Ornithopter"},{"floor":7,"key":"Kunai"},{"floor":11,"key":"Mango"},{"floor":24,"key":"Question Card"},{"floor":25,"key":"Vajra"},{"floor":26,"key":"Akabeko"}],"event_choices":[{"damage_healed":0,"gold_gain":175,"player_choice":"AGREE","damage_taken":0,"max_hp_gain":0,"max_hp_loss":0,"event_name":"Liars Game","floor":2,"gold_loss":0,"cards_obtained":["Doubt"]},{"damage_healed":0,"gold_gain":0,"player_choice":"Relic","damage_taken":0,"max_hp_gain":0,"max_hp_loss":0,"event_name":"Wheel of Change","floor":3,"gold_loss":0},{"damage_healed":21,"gold_gain":0,"player_choice":"Healed","damage_taken":0,"max_hp_gain":0,"max_hp_loss":0,"event_name":"The Cleric","floor":12,"gold_loss":35},{"damage_healed":0,"gold_gain":0,"player_choice":"Opened","damage_taken":0,"relics_obtained":["Anchor"],"max_hp_gain":0,"max_hp_loss":0,"event_name":"The Mausoleum","floor":20,"gold_loss":0},{"damage_healed":0,"gold_gain":0,"player_choice":"Obtained Relic","damage_taken":0,"relics_obtained":["Dream Catcher"],"max_hp_gain":0,"max_hp_loss":0,"event_name":"Addict","floor":27,"gold_loss":85}],"is_beta":false,"boss_relics":[{"not_picked":["SacredBark","Philosopher\u0027s Stone"],"picked":"Fusion Hammer"}],"items_purged_floors":[19],"is_endless":false,"potions_floor_spawned":[5,7,10,11,13,18,21],"killed_by":"Centurion and Healer","ascension_level":5}}