{"host":"l2dnabsh5e0fsksb","time":1612620633,"event":{"mods":["2.2 Compatiblity","BaseMod","Downfall","Minty Spire (QoL Compilation)","Quick Restart","StSLib"],"gold_per_floor":[99,99,99,99,99,99,123,123,157,307,334,354,254,4,17,89,89,89,102,202,214,233,233,233,233,233,263,81,91,91,107,120,199,199,199,212,229,62,62,78,78,93,93,93,93,147,247,263,275,275],"floor_reached":51,"language":"ENG","playtime":2503,"items_purged":["Doubt"],"score":1228,"play_id":"ef7953bc-f1e0-494b-86d5-9a0fbb6a6e22","local_time":"20210207004033","is_ascension_mode":true,"campfire_choices":[{"floor":1.0,"key":"RECALL"},{"data":"bronze:HardenedForm","floor":13.0,"key":"SMITH"},{"data":"bronze:Format","floor":18.0,"key":"SMITH"},{"floor":23.0,"key":"REST"},{"data":"bronze:DonuBeam","floor":30.0,"key":"SMITH"},{"data":"bronze:Fortify","floor":35.0,"key":"SMITH"},{"floor":44,"key":"REST"}],"circlet_count":0,"master_deck":["AscendersBane","bronze:Strike+1","bronze:Strike+1","bronze:Defend+1","bronze:Defend+1","bronze:Defend+1","bronze:Replicate","bronze:FollowUp","bronze:HardenedForm+1","bronze:Fortify+1","bronze:WildBeam","bronze:FineTuning","bronze:Frontload","bronze:Iterate","bronze:ForceShield","bronze:Constructor","bronze:DelayedSlice","bronze:Format+1","bronze:DonuBeam+1","bronze:DelayedGuard","bronze:Flail","bronze:Frontload+1","bronze:CutThrough+1","bronze:DelayedSlice","Parasite"],"relics":["bronze:BronzeCore","downfall:HeartsMalice","Oddly Smooth Stone","Incense Burner","Matryoshka","downfall:HeartBlessingRed","Vajra","Busted Crown","Gremlin Horn","Bottled Tornado","Eternal Feather","Lee\u0027s Waffle","Sozu","Bronze Scales","ClockworkSouvenir","Regal Pillow","Centennial Puzzle","Happy Flower","Toy Ornithopter"],"acts_visited":["Exordium","TheCity","TheBeyond"],"potions_floor_usage":[50],"damage_taken":[{"damage":0.0,"enemies":"downfall:FleeingMerchant","floor":4.0,"turns":1.0},{"damage":0.0,"enemies":"Small Slimes","floor":5.0,"turns":1.0},{"damage":0.0,"enemies":"2 Louse","floor":8.0,"turns":1.0},{"damage":21.0,"enemies":"Gremlin Nob","floor":9.0,"turns":4.0},{"damage":4.0,"enemies":"Lagavulin","floor":11.0,"turns":9.0},{"damage":0.0,"enemies":"Cultist","floor":12.0,"turns":2.0},{"damage":0.0,"enemies":"downfall:FleeingMerchant","floor":14.0,"turns":4.0},{"damage":7.0,"enemies":"Exordium Wildlife","floor":15.0,"turns":6.0},{"damage":1.0,"enemies":"DF_ARCHETYPE_STREAMLINE","floor":16.0,"turns":9.0},{"damage":0.0,"enemies":"Chosen","floor":19.0,"turns":5.0},{"damage":30.0,"enemies":"Chosen","floor":20.0,"turns":5.0},{"damage":9.0,"enemies":"Shelled Parasite and Fungi","floor":21.0,"turns":5.0},{"damage":11.0,"enemies":"Snake Plant","floor":22.0,"turns":5.0},{"damage":7.0,"enemies":"Book of Stabbing","floor":27.0,"turns":6.0},{"damage":0.0,"enemies":"downfall:FleeingMerchant","floor":28.0,"turns":4.0},{"damage":0.0,"enemies":"Chosen and Byrds","floor":29.0,"turns":3.0},{"damage":0.0,"enemies":"Cultist and Chosen","floor":31.0,"turns":5.0},{"damage":0.0,"enemies":"Snecko","floor":32.0,"turns":3.0},{"damage":5.0,"enemies":"SI_MIRROR_ARCHETYPE","floor":33.0,"turns":6.0},{"damage":0.0,"enemies":"3 Darklings","floor":36.0,"turns":2.0},{"damage":0.0,"enemies":"3 Shapes","floor":37.0,"turns":6.0},{"damage":0.0,"enemies":"downfall:FleeingMerchant","floor":38.0,"turns":4.0},{"damage":0.0,"enemies":"Maw","floor":40.0,"turns":4.0},{"damage":41.0,"enemies":"Transient","floor":42.0,"turns":6.0},{"damage":1,"enemies":"downfall:LadyInBlue","floor":47,"turns":6},{"damage":0,"enemies":"Jaw Worm Horde","floor":48,"turns":2},{"damage":8,"enemies":"Writhing Mass","floor":49,"turns":3},{"damage":2,"enemies":"WA_ARCHETYPE_DIVINITY","floor":50,"turns":13}],"seed_played":"2446170905318401817","potions_obtained":[{"floor":9.0,"key":"GamblersBrew"},{"floor":11.0,"key":"SpeedPotion"},{"floor":27.0,"key":"bronze:FreeFunctionsPotion"},{"floor":29.0,"key":"Dexterity Potion"}],"is_trial":false,"path_per_floor":["R","?","?","$","M","?","T","M","E","?","E","M","R","$","M","B",null,"R","M","?","M","M","R","T","?","?","E","$","M","R","M","M","B",null,"R","M","M","$","?","M","T","M","$","R","$","?","?","M","M","B",null],"character_chosen":"THE_AUTOMATON","items_purchased":["Vajra","Lee\u0027s Waffle","Bronze Scales","ClockworkSouvenir","Regal Pillow"],"campfire_rested":2,"item_purchase_floors":[14,28,38,38,38],"current_hp_per_floor":[57,57,57,57,57,57,57,57,36,36,32,32,32,32,25,24,53,53,53,23,14,3,21,21,21,21,14,70,70,70,70,70,65,69,70,70,70,70,70,70,70,29,29,70,70,70,69,69,61,64],"gold":275,"neow_bonus":"THREE_ENEMY_KILL","is_daily":false,"chose_seed":false,"campfire_upgraded":4,"win_rate":0.0,"timestamp":1612620633,"path_taken":["R","?","?","$","?","?","T","M","E","?","E","M","R","$","M","BOSS","R","M","?","M","M","R","T","?","?","E","?","M","R","M","M","BOSS","R","M","M","?","?","M","T","?","$","R","$","?","?","M","M","BOSS"],"items_purchased_type":["Relic","Relic","Relic","Relic","Relic"],"build_version":"2020-12-22","purchased_purges":1,"victory":true,"max_hp_per_floor":[63,63,63,63,63,63,63,63,63,63,63,63,63,63,63,63,63,63,63,63,63,63,63,63,63,63,63,70,70,70,70,70,70,70,70,70,70,70,70,70,70,70,70,70,70,70,70,70,70,70],"card_choices":[{"not_picked":["bronze:DelayedGuard","bronze:CutThrough"],"picked":"bronze:HardenedForm","floor":4.0},{"not_picked":["bronze:WildBeam","bronze:Branch"],"picked":"bronze:Fortify","floor":5.0},{"not_picked":["bronze:Safeguard","bronze:Deprecate"],"picked":"bronze:FineTuning","floor":8.0},{"not_picked":["bronze:Overheat","bronze:CloningBeam"],"picked":"bronze:Frontload","floor":9.0},{"not_picked":["bronze:Branch","bronze:FindAndReplace"],"picked":"bronze:Iterate","floor":11.0},{"not_picked":["bronze:Fortify","bronze:FineTuning"],"picked":"bronze:ForceShield","floor":12.0},{"not_picked":["bronze:Overheat","bronze:DigitalCarnage"],"picked":"bronze:Constructor","floor":14.0},{"not_picked":["bronze:DarkDash","bronze:Separator"],"picked":"bronze:DelayedSlice","floor":15.0},{"not_picked":["bronze:Break","bronze:FindAndReplace"],"picked":"bronze:Format","floor":16.0},{"not_picked":["bronze:Separator"],"picked":"SKIP","floor":19.0},{"not_picked":[],"picked":"bronze:DonuBeam","floor":20.0},{"not_picked":["bronze:Refactor+1"],"picked":"SKIP","floor":21.0},{"not_picked":["bronze:Deprecate"],"picked":"SKIP","floor":22.0},{"not_picked":[],"picked":"bronze:DelayedGuard","floor":27.0},{"not_picked":["bronze:MaxOutput"],"picked":"SKIP","floor":28.0},{"not_picked":[],"picked":"bronze:Flail","floor":29.0},{"not_picked":["bronze:WildBeam"],"picked":"SKIP","floor":31.0},{"not_picked":[],"picked":"bronze:Frontload+1","floor":32.0},{"not_picked":["bronze:Frontload"],"picked":"SKIP","floor":36.0},{"not_picked":[],"picked":"bronze:CutThrough+1","floor":37.0},{"not_picked":["bronze:Branch"],"picked":"SKIP","floor":38.0},{"not_picked":["bronze:DelayedGuard"],"picked":"SKIP","floor":40.0},{"not_picked":[],"picked":"bronze:DelayedSlice","floor":42.0},{"not_picked":["bronze:Turbo"],"picked":"SKIP","floor":48},{"not_picked":["bronze:Turbo"],"picked":"SKIP","floor":49}],"player_experience":1908882,"relics_obtained":[{"floor":7.0,"key":"Oddly Smooth Stone"},{"floor":9.0,"key":"Incense Burner"},{"floor":11.0,"key":"Matryoshka"},{"floor":24.0,"key":"Gremlin Horn"},{"floor":24.0,"key":"Bottled Tornado"},{"floor":27.0,"key":"Eternal Feather"},{"floor":41.0,"key":"Centennial Puzzle"},{"floor":46,"key":"Happy Flower"},{"floor":47,"key":"Toy Ornithopter"}],"event_choices":[{"damage_healed":0.0,"max_hp_gain":0.0,"max_hp_loss":0.0,"gold_gain":0.0,"event_name":"Ghosts","player_choice":"Ignored","floor":26.0,"gold_loss":0.0,"damage_taken":0.0}],"is_beta":false,"boss_relics":[{"not_picked":["Velvet Choker","Pandora\u0027s Box"],"picked":"Busted Crown"},{"not_picked":["Astrolabe","Black Star"],"picked":"Sozu"}],"items_purged_floors":[14],"is_endless":false,"potions_floor_spawned":[9,11,27,29,32,37,40,42,47,48],"ascension_level":17}}