{"host":"nlh1m2716594vj2h","time":1612575798,"event":{"mods":["AchievementEnabler","BaseMod","Beaked The Cultist","BetterRewards","Downfall","Glutton Mod","Googly Eyes","Gremlin Mod","Hermit","Hubris","Infinite Spire","Jorbs\u0027s Wanderer Trilogy","Marisa????????","Minty Spire (QoL Compilation)","Replay The Spire","Shop Mod","StSLib","The Animator","The Blackbeard","The Bug Knight","The Cursed","The Hierophant","The Necromancer","The Poker Player","The Runesmith","The Servant 0.9.4"],"gold_per_floor":[110,110,34,52,68,98,98,98,98,117,137,237,249,269,269,373,373,389,407,322,322,322,322,322,337,337,348,348,348,366,382,382,483,483,501,572,572,572,572,578,578,592,674,674,674,674,674,674,687,687,687,687,687,687,71,71,71,71],"floor_reached":56,"language":"ENG","playtime":5421,"items_purged":["CommonCold","Writhe","ReplayTheSpireMod:Splinters"],"score":602,"play_id":"0080b4aa-c4a2-4fee-b0e0-21b6fd358b82","local_time":"20210205204318","is_ascension_mode":false,"metric_token":1682,"campfire_choices":[{"floor":7,"key":"RECALL"},{"data":"PokerPlayerMod:Manipulation","floor":15,"key":"SMITH"},{"data":"PokerPlayerMod:WasteCollection","floor":23,"key":"SMITH"},{"data":"hubris:Fate","floor":28,"key":"SMITH"},{"data":"PokerPlayerMod:SpadeStrike","floor":32,"key":"SMITH"},{"data":"hierophant:ChurchCoffers","floor":44,"key":"SMITH"},{"data":"PokerPlayerMod:BadJoker","floor":48,"key":"SMITH"},{"data":"PokerPlayerMod:DartThrow","floor":51,"key":"SMITH"},{"data":"PokerPlayerMod:HeartStrike","floor":54,"key":"SMITH"}],"circlet_count":0,"master_deck":["PokerPlayerMod:Diamond1","PokerPlayerMod:Diamond2","PokerPlayerMod:Diamond3","PokerPlayerMod:Diamond4","PokerPlayerMod:Diamond5","PokerPlayerMod:Spade1","PokerPlayerMod:Spade2","PokerPlayerMod:Spade3","PokerPlayerMod:Spade4","PokerPlayerMod:Club1","PokerPlayerMod:Club2","PokerPlayerMod:Heart3","PokerPlayerMod:TrumpStrike","PokerPlayerMod:BadJoker+1","PokerPlayerMod:Mulligan","PokerPlayerMod:Spade4","PokerPlayerMod:Spade4","PokerPlayerMod:SpadeStrike+1","PokerPlayerMod:Manipulation+1","PokerPlayerMod:ClubStrike+1","PokerPlayerMod:CardBurn","PokerPlayerMod:Spade8","PokerPlayerMod:HeartStrike+1","PokerPlayerMod:Diamond10+","PokerPlayerMod:CloakAndDiamond","PokerPlayerMod:Fold","PokerPlayerMod:DartThrow+1","PokerPlayerMod:WasteCollection+1","PokerPlayerMod:Configure+1","PokerPlayerMod:Diamond5","hubris:Fate+1","PokerPlayerMod:Diamond1","stsjorbsmod:Withering","hubris:Wrath","PokerPlayerMod:Raise","PokerPlayerMod:Spade1","PokerPlayerMod:Diamond6","PokerPlayerMod:WildCard+1","Spreading Infection","hierophant:ChurchCoffers+1","PokerPlayerMod:RoyalStrike+1","Replay:Sssssssssstrike","ReplayTheSpireMod:Book of Names+1","PokerPlayerMod:Harden+1","PokerPlayerMod:Club6","PokerPlayerMod:ClubsClub+1","PokerPlayerMod:Mulligan","PokerPlayerMod:CloakAndDiamond+1","PokerPlayerMod:Diamond3","Injury","Injury","PokerPlayerMod:ClubStrike+1","PokerPlayerMod:Sharpen+1","PokerPlayerMod:Sharpen+1","Midas Touch+1","PokerPlayerMod:Trickery+1","Mind Blast+1"],"relics":["PokerPlayerMod:DeckCase","hubris:GlazedTorus","Durian","Blue Doll","WingedGreaves","infinitespire:CheckeredPen","PokerPlayerMod:AceCard","infinitespire:Lychee Nut","Frozen Egg 2","downfall:ExtraCursedKey","infinitespire:Magic Flask","Golden Egg","ReplayTheSpireMod:SealedPack","Replay:Mystery Machine","PokerPlayerMod:StuffedPocket","hubris:SlimyHat","Empty Cage","hubris:Towel","Membership Card","Anchor","CaptainsWheel"],"acts_visited":["Exordium","TheCity","TheBeyond","TheEnding"],"potions_floor_usage":[6,33,52,52,52,56,56,56],"damage_taken":[{"damage":2,"enemies":"2 Louse","floor":1,"turns":2},{"damage":4,"enemies":"Cultist","floor":4,"turns":3},{"damage":3,"enemies":"Jaw Worm","floor":5,"turns":4},{"damage":8,"enemies":"Gremlin Nob","floor":6,"turns":4},{"damage":17,"enemies":"Lots of Slimes","floor":10,"turns":2},{"damage":0,"enemies":"2 Fungi Beasts","floor":11,"turns":2},{"damage":0,"enemies":"Exordium Wildlife","floor":13,"turns":2},{"damage":5,"enemies":"Blue Slaver","floor":14,"turns":4},{"damage":2,"enemies":"Fading Forest","floor":16,"turns":11},{"damage":5,"enemies":"3 Byrds","floor":18,"turns":5},{"damage":0,"enemies":"2 Thieves","floor":19,"turns":3},{"damage":0,"enemies":"Snake Plant","floor":25,"turns":2},{"damage":5,"enemies":"Cultist and Chosen","floor":27,"turns":2},{"damage":0,"enemies":"3 Cultists","floor":30,"turns":3},{"damage":15,"enemies":"Chosen and Byrds","floor":31,"turns":4},{"damage":20,"enemies":"Automaton","floor":33,"turns":3},{"damage":27,"enemies":"3 Darklings","floor":35,"turns":4},{"damage":4,"enemies":"Giant Head","floor":40,"turns":4},{"damage":9,"enemies":"3 Shapes","floor":42,"turns":4},{"damage":1,"enemies":"Writhing Mass","floor":49,"turns":6},{"damage":35,"enemies":"Awakened One","floor":52,"turns":7},{"damage":55,"enemies":"Shield and Spear","floor":56,"turns":3}],"seed_played":"48474368428545471","potions_obtained":[{"floor":5,"key":"PowerPotion"},{"floor":8,"key":"Death Potion"},{"floor":8,"key":"Elixir"},{"floor":8,"key":"Ancient Potion"},{"floor":14,"key":"Reflective Coating"},{"floor":25,"key":"champ:CounterPotion"},{"floor":35,"key":"Fire Potion"}],"is_trial":false,"path_per_floor":["M","?","$","M","M","E","R","?","T","M","M","?","M","M","R","B",null,"M","M","?","T","?","R","?","M","T","M","R","AVR","M","M","R","B",null,"M","?","?","T","?","E","AVR","M","T","R","?","PTL","PTL","R","M","?","R","B",null,"R","$","E"],"character_chosen":"THE_POKER_PLAYER","items_purchased":["hubris:GlazedTorus","Blue Doll","PokerPlayerMod:Spade4","PokerPlayerMod:Manipulation","PokerPlayerMod:ClubStrike+1","Membership Card","Anchor","CaptainsWheel","PokerPlayerMod:Sharpen+1","AttackPotion","Elixir","champ:CounterPotion","Midas Touch+1","PokerPlayerMod:Trickery","Mind Blast"],"campfire_rested":0,"item_purchase_floors":[0,0,0,3,3,55,55,55,55,55,55,55,55,55,55],"current_hp_per_floor":[44,44,44,40,41,37,37,37,37,23,30,30,30,43,43,55,57,57,57,42,42,47,47,36,47,47,42,42,42,47,47,47,35,47,24,24,36,36,36,47,47,47,47,47,47,47,47,47,46,46,46,16,47,47,47,0,0,0],"gold":71,"neow_bonus":"","is_daily":false,"chose_seed":false,"campfire_upgraded":8,"win_rate":0.0,"timestamp":1612575798,"path_taken":["M","?","$","M","M","E","R","?","T","M","?","?","?","M","R","BOSS","M","M","?","?","?","R","?","M","T","M","R","AVR","?","M","R","BOSS","M","?","?","?","?","E","AVR","?","T","R","?","PTL","PTL","R","M","?","R","BOSS","R","$","E"],"items_purchased_type":["Relic","Relic","Card","Card","Card","Relic","Relic","Relic","Card","Potion","Potion","Potion","Card","Card","Card"],"build_version":"2020-12-22","purchased_purges":3,"victory":false,"max_hp_per_floor":[57,57,57,57,57,57,57,57,57,57,57,57,57,57,57,57,57,57,57,42,42,47,47,47,47,47,47,47,47,47,47,47,47,47,47,47,47,47,47,47,47,47,47,47,47,47,47,47,47,47,47,47,47,47,47,47,47,47],"card_choices":[{"not_picked":["PokerPlayerMod:FillThePot","PokerPlayerMod:Spade4"],"picked":"PokerPlayerMod:SpadeStrike","floor":1},{"not_picked":["PokerPlayerMod:DamnStraight","PokerPlayerMod:Spade1"],"picked":"PokerPlayerMod:CardBurn","floor":4},{"not_picked":["PokerPlayerMod:Spade5","PokerPlayerMod:Diamond4"],"picked":"PokerPlayerMod:Spade8","floor":5},{"not_picked":["PokerPlayerMod:Diamond7","PokerPlayerMod:Diamond3"],"picked":"PokerPlayerMod:HeartStrike","floor":6},{"not_picked":["PokerPlayerMod:Sharpen","PokerPlayerMod:ClubsClub"],"picked":"PokerPlayerMod:Diamond10+","floor":10},{"not_picked":["PokerPlayerMod:Diamond4","PokerPlayerMod:Diamond1"],"picked":"PokerPlayerMod:CloakAndDiamond","floor":11},{"not_picked":["PokerPlayerMod:Diamond1","PokerPlayerMod:Raise"],"picked":"PokerPlayerMod:Fold","floor":13},{"not_picked":["PokerPlayerMod:Diamond1","PokerPlayerMod:Club3"],"picked":"PokerPlayerMod:DartThrow","floor":14},{"not_picked":["PokerPlayerMod:WildCard","PokerPlayerMod:Duplicate"],"picked":"PokerPlayerMod:WasteCollection","floor":16},{"not_picked":["PokerPlayerMod:Diamond2","PokerPlayerMod:CardBurn"],"picked":"PokerPlayerMod:Configure+1","floor":18},{"not_picked":["PokerPlayerMod:SpadeStrike","PokerPlayerMod:Diamond1"],"picked":"PokerPlayerMod:Diamond5","floor":19},{"not_picked":["infinitespire:TheBestDefense","ReplayTheSpireMod:Echo Chamber"],"picked":"hubris:Fate","floor":24},{"not_picked":["PokerPlayerMod:CloakAndDiamond","PokerPlayerMod:Spade2"],"picked":"PokerPlayerMod:Diamond1","floor":25},{"not_picked":["PokerPlayerMod:Spade3","PokerPlayerMod:ClubsClub"],"picked":"PokerPlayerMod:Raise","floor":27},{"not_picked":["PokerPlayerMod:Diamond2","PokerPlayerMod:HiddenCard"],"picked":"PokerPlayerMod:Spade1","floor":30},{"not_picked":["PokerPlayerMod:CardBurn","PokerPlayerMod:Diamond2"],"picked":"PokerPlayerMod:Diamond6","floor":31},{"not_picked":["PokerPlayerMod:Spade9","PokerPlayerMod:FakeSymbols+1"],"picked":"PokerPlayerMod:WildCard","floor":33},{"not_picked":["Dualcast","stsjorbsmod:FreshAdventure"],"picked":"hierophant:ChurchCoffers","floor":34},{"not_picked":["PokerPlayerMod:VarietyAttack","PokerPlayerMod:StackedDeck"],"picked":"PokerPlayerMod:RoyalStrike","floor":34},{"not_picked":["hubris:Insight","Purity"],"picked":"Replay:Sssssssssstrike","floor":34},{"not_picked":["hubris:Rewind","infinitespire:Starlight"],"picked":"ReplayTheSpireMod:Book of Names","floor":34},{"not_picked":["PokerPlayerMod:Diamond1","PokerPlayerMod:SpadeStrike"],"picked":"PokerPlayerMod:Harden+1","floor":35},{"not_picked":["PokerPlayerMod:Raise","PokerPlayerMod:Spade6"],"picked":"PokerPlayerMod:Club6","floor":36},{"not_picked":["PokerPlayerMod:Diamond3","PokerPlayerMod:Diamond4"],"picked":"PokerPlayerMod:ClubsClub+1","floor":36},{"not_picked":["PokerPlayerMod:Club3","PokerPlayerMod:Overdeal"],"picked":"PokerPlayerMod:CloakAndDiamond+1","floor":40},{"not_picked":["PokerPlayerMod:Heart2","PokerPlayerMod:Heart3"],"picked":"PokerPlayerMod:Diamond3","floor":42},{"not_picked":["PokerPlayerMod:Club3","PokerPlayerMod:DartThrow"],"picked":"PokerPlayerMod:ClubStrike+1","floor":49}],"player_experience":471608,"relics_obtained":[{"floor":6,"key":"WingedGreaves"},{"floor":9,"key":"infinitespire:CheckeredPen"},{"floor":21,"key":"Frozen Egg 2"},{"floor":26,"key":"infinitespire:Magic Flask"},{"floor":36,"key":"Replay:Mystery Machine"},{"floor":38,"key":"PokerPlayerMod:StuffedPocket"},{"floor":40,"key":"hubris:SlimyHat"}],"event_choices":[{"damage_healed":0,"gold_gain":0,"player_choice":"Got Potions","damage_taken":0,"max_hp_gain":0,"max_hp_loss":0,"event_name":"Lab","floor":8,"gold_loss":0},{"damage_healed":0,"gold_gain":100,"player_choice":"Pray","damage_taken":0,"max_hp_gain":0,"max_hp_loss":0,"event_name":"Golden Shrine","floor":12,"gold_loss":0},{"damage_healed":0,"gold_gain":0,"player_choice":"Obtained Relic","damage_taken":0,"relics_obtained":["infinitespire:Lychee Nut"],"max_hp_gain":0,"max_hp_loss":0,"event_name":"Addict","floor":20,"gold_loss":85},{"damage_healed":12,"gold_gain":0,"player_choice":"Writhe","damage_taken":0,"max_hp_gain":0,"max_hp_loss":0,"event_name":"Winding Halls","floor":37,"gold_loss":0,"cards_obtained":["Writhe"]},{"damage_healed":0,"gold_gain":0,"player_choice":"1 cards matched","damage_taken":0,"max_hp_gain":0,"max_hp_loss":0,"event_name":"Match and Keep!","floor":39,"gold_loss":0,"cards_obtained":["PokerPlayerMod:Mulligan"]},{"cards_removed":["Meteor Strike"],"damage_healed":0,"gold_gain":0,"player_choice":"Took Card","damage_taken":0,"max_hp_gain":0,"max_hp_loss":0,"event_name":"NoteForYourself","floor":50,"gold_loss":0,"cards_obtained":["Meteor Strike"]}],"is_beta":false,"boss_relics":[{"not_picked":["infinitespire:Cupcake","hubris:RunicObelisk"],"picked":"PokerPlayerMod:AceCard"},{"not_picked":["Ring of Chaos","Fusion Hammer"],"picked":"ReplayTheSpireMod:SealedPack"}],"items_purged_floors":[29,41,55],"is_endless":false,"potions_floor_spawned":[5,10,11,14,25,27,31,35],"killed_by":"Shield and Spear","ascension_level":0}}