{"host":"hf83sijwe64ts2lm","time":1612643475,"event":{"mods":["2.2 Compatiblity","BaseMod","Better Altar","Better Match","Better Note","Better Sensory Stone","Better Skull","Better Third Choice","Colored Map","Colored Powertips","Highlight Path","Hubris","Infinite Spire","Minty Spire (QoL Compilation)","Quick Restart","Rare Cards Sparkle","Relic Stats","Reliquary","Replay The Spire","Shop Mod","Spicy Shops","Spire Arcade","StSLib","Thieving Mod"],"gold_per_floor":[109,109,123,6,6,6,36,46,95,95,95,112,129,148,148,148,148],"floor_reached":16,"language":"ENG","playtime":212,"items_purged":[],"score":127,"play_id":"7618b3d7-f114-4ea5-bc63-cbd9de99a89c","local_time":"20210206153115","is_ascension_mode":false,"campfire_choices":[{"floor":6.0,"key":"RECALL"},{"floor":11.0,"key":"REST"},{"floor":15.0,"key":"REST"}],"circlet_count":0,"master_deck":["Strike_P","Strike_P","Strike_P","Strike_P","Defend_P","Defend_P","Defend_P","Defend_P","Eruption","Vigilance","BattleHymn","FollowUp","Sickly","ReplayTheSpireMod:Brewmster","BowlingBash","FlyingSleeves","Burn","Consecrate","Replay:BluntJabs","DeusExMachina"],"relics":["PureWater","NeowsBlessing","ReplayTheSpireMod:CursedCoin","Blue Candle","reliquary:PartyBalloon","Blue Doll"],"acts_visited":["Exordium"],"potions_floor_usage":[],"damage_taken":[{"damage":0.0,"enemies":"Small Slimes","floor":1.0,"turns":1.0},{"damage":0.0,"enemies":"2 Louse","floor":3.0,"turns":1.0},{"damage":0.0,"enemies":"Replay:BlueRogue","floor":7.0,"turns":1.0},{"damage":7.0,"enemies":"Cultist","floor":8.0,"turns":4.0},{"damage":13.0,"enemies":"3 Louse","floor":12.0,"turns":2.0},{"damage":10.0,"enemies":"Exordium Thugs","floor":13.0,"turns":4.0},{"damage":12.0,"enemies":"Blue Slaver","floor":14.0,"turns":3.0},{"damage":0,"enemies":"Hexaghost","floor":16,"turns":1}],"seed_played":"760177965340979304","potions_obtained":[{"floor":3.0,"key":"Milkshake"},{"floor":8.0,"key":"Elixir"}],"is_trial":false,"path_per_floor":["M","?","M","$","?","R","E","M","T","?","R","M","M","M","R","B"],"character_chosen":"WATCHER","items_purchased":["ReplayTheSpireMod:CursedCoin","ReplayTheSpireMod:Brewmster"],"campfire_rested":2,"item_purchase_floors":[4,4],"current_hp_per_floor":[72,72,72,72,72,72,72,65,65,65,72,59,49,37,58,58,58],"gold":148,"neow_bonus":"THREE_ENEMY_KILL","is_daily":false,"chose_seed":false,"campfire_upgraded":0,"win_rate":0.0,"timestamp":1612643475,"path_taken":["M","?","M","$","?","R","E","?","T","?","R","M","M","M","R","BOSS"],"items_purchased_type":["Relic","Card"],"build_version":"2020-12-22","purchased_purges":0,"victory":false,"max_hp_per_floor":[72,72,72,72,72,72,72,72,72,72,72,72,72,72,72,72,72],"relic_stats":{"counters":[8,17],"Blue Candle":[0],"obtain_stats":[{"NeowsBlessing":0,"ReplayTheSpireMod:CursedCoin":4,"reliquary:PartyBalloon":7,"Blue Candle":5,"Blue Doll":9,"PureWater":0},{"NeowsBlessing":0,"ReplayTheSpireMod:CursedCoin":2,"reliquary:PartyBalloon":3,"Blue Candle":2,"Blue Doll":4,"PureWater":0},{"NeowsBlessing":0,"ReplayTheSpireMod:CursedCoin":2,"reliquary:PartyBalloon":3,"Blue Candle":2,"Blue Doll":7,"PureWater":0}]},"card_choices":[{"not_picked":["Sanctity","EmptyBody"],"picked":"BattleHymn","floor":1.0},{"not_picked":["EmptyBody","Replay:ManipulateFuture"],"picked":"FollowUp","floor":3.0},{"not_picked":["ClearTheMind","FlurryOfBlows"],"picked":"BowlingBash","floor":7.0},{"not_picked":["Meditate","JustLucky"],"picked":"FlyingSleeves","floor":8.0},{"not_picked":["Halt","Collect"],"picked":"Consecrate","floor":12.0},{"not_picked":["FearNoEvil","BowlingBash"],"picked":"Replay:BluntJabs","floor":13.0},{"not_picked":["FlurryOfBlows","SandsOfTime"],"picked":"DeusExMachina","floor":14.0}],"player_experience":145115,"relics_obtained":[{"floor":7.0,"key":"reliquary:PartyBalloon"},{"floor":9.0,"key":"Blue Doll"}],"event_choices":[{"damage_healed":0.0,"max_hp_gain":0.0,"max_hp_loss":0.0,"gold_gain":0.0,"event_name":"The Cleric","player_choice":"Leave","floor":2.0,"gold_loss":0.0,"damage_taken":0.0},{"damage_healed":0.0,"max_hp_gain":0.0,"max_hp_loss":0.0,"gold_gain":0.0,"event_name":"WeMeetAgain","player_choice":"Gave Potion","floor":5.0,"gold_loss":0.0,"damage_taken":0.0,"relics_obtained":["Blue Candle"]},{"damage_healed":65.0,"max_hp_gain":0.0,"max_hp_loss":72.0,"gold_gain":0.0,"event_name":"betterThird:BetterShining","player_choice":"Embrace Burn","floor":10.0,"gold_loss":0.0,"damage_taken":0.0}],"is_beta":false,"boss_relics":[],"items_purged_floors":[],"is_endless":false,"potions_floor_spawned":[3,8,13],"killed_by":"Hexaghost","ascension_level":0}}