{"host":"1focbxb2e8qu7ccd","time":1612585557,"event":{"mods":["BaseMod","Bestiary","Highlight Path","Minty Spire (QoL Compilation)","Relic Stats"],"gold_per_floor":[117,117,137,137,137,156,168,195,195,31,31,50,50,80,80,153,153,164,189,61,61,75,75,91,91,91],"floor_reached":25,"language":"ENG","playtime":1197,"items_purged":["Strike_G"],"score":422,"play_id":"a354fe48-b581-4e1e-b973-fbc1631a3c21","local_time":"20210205232557","is_ascension_mode":true,"campfire_choices":[{"data":"Catalyst","floor":11,"key":"SMITH"},{"data":"Wraith Form v2","floor":13,"key":"SMITH"},{"data":"Bouncing Flask","floor":15,"key":"SMITH"},{"data":"Footwork","floor":23,"key":"SMITH"}],"circlet_count":0,"master_deck":["AscendersBane","Strike_G","Strike_G","Defend_G","Defend_G","Defend_G","Defend_G","Defend_G","Survivor","Neutralize","Wraith Form v2+1","Bouncing Flask+1","Poisoned Stab","Catalyst+1","Slice","Dagger Spray","Dagger Throw","Corpse Explosion","Calculated Gamble","Deadly Poison","Bullet Time","Malaise","Dodge and Roll+1","PiercingWail","Footwork+1","Acrobatics+1","Leg Sweep"],"relics":["Ring of the Snake","Bag of Preparation","Mercury Hourglass","Orrery","Girya","Black Star","Red Mask"],"acts_visited":["Exordium","TheCity"],"potions_floor_usage":[8,19],"damage_taken":[{"damage":0,"enemies":"2 Louse","floor":1,"turns":4},{"damage":1,"enemies":"Cultist","floor":3,"turns":4},{"damage":2,"enemies":"Small Slimes","floor":6,"turns":3},{"damage":4,"enemies":"Looter","floor":7,"turns":3},{"damage":8,"enemies":"Gremlin Nob","floor":8,"turns":3},{"damage":1,"enemies":"2 Fungi Beasts","floor":12,"turns":2},{"damage":5,"enemies":"3 Sentries","floor":14,"turns":4},{"damage":6,"enemies":"Hexaghost","floor":16,"turns":7},{"damage":0,"enemies":"Spheric Guardian","floor":18,"turns":2},{"damage":10,"enemies":"Masked Bandits","floor":19,"turns":3},{"damage":7,"enemies":"3 Byrds","floor":22,"turns":4},{"damage":18,"enemies":"Snecko","floor":24,"turns":6},{"damage":25,"enemies":"Gremlin Leader","floor":25,"turns":2}],"seed_played":"1590573801258716207","potions_obtained":[{"floor":1,"key":"Swift Potion"},{"floor":6,"key":"Fire Potion"},{"floor":12,"key":"LiquidMemories"},{"floor":22,"key":"SmokeBomb"}],"is_trial":false,"path_per_floor":["M","?","M","?","?","M","M","E","T","$","R","M","R","E","R","B",null,"M","?","$","?","M","R","M","E"],"character_chosen":"THE_SILENT","items_purchased":["Orrery","PiercingWail"],"campfire_rested":0,"item_purchase_floors":[10,20],"current_hp_per_floor":[44,44,43,43,48,46,42,34,34,34,34,33,33,28,28,22,59,59,49,49,49,42,42,24,0,0],"gold":91,"neow_bonus":"THREE_RARE_CARDS","is_daily":false,"chose_seed":false,"campfire_upgraded":4,"win_rate":0.0,"timestamp":1612585557,"path_taken":["M","?","?","?","?","M","M","E","T","$","R","M","R","E","R","BOSS","M","?","$","?","M","R","M","E"],"items_purchased_type":["Relic","Card"],"build_version":"2020-12-22","purchased_purges":1,"victory":false,"max_hp_per_floor":[66,66,66,66,71,71,71,71,71,71,71,71,71,71,71,71,71,71,71,71,71,71,71,71,71,71],"relic_stats":{"counters":[13,47],"Bag of Preparation":[16],"Black Star":0,"obtain_stats":[{"Girya":14,"Orrery":10,"Bag of Preparation":8,"Black Star":17,"Red Mask":19,"Ring of the Snake":0,"Mercury Hourglass":9},{"Girya":7,"Orrery":5,"Bag of Preparation":5,"Black Star":8,"Red Mask":10,"Ring of the Snake":0,"Mercury Hourglass":5},{"Girya":23,"Orrery":17,"Bag of Preparation":17,"Black Star":30,"Red Mask":35,"Ring of the Snake":0,"Mercury Hourglass":17}],"Ring of the Snake":[26],"Mercury Hourglass":[117]},"card_choices":[{"not_picked":["Malaise","Unload"],"picked":"Wraith Form v2","floor":0},{"not_picked":["Eviscerate","Infinite Blades"],"picked":"Bouncing Flask","floor":1},{"not_picked":["Expertise","Acrobatics"],"picked":"Poisoned Stab","floor":3},{"not_picked":["Underhanded Strike","Acrobatics"],"picked":"Slice","floor":6},{"not_picked":["Blade Dance","Cloak And Dagger"],"picked":"Dagger Spray","floor":7},{"not_picked":["Prepared","Sucker Punch"],"picked":"Dagger Throw","floor":8},{"not_picked":["Dagger Throw","Deadly Poison"],"picked":"Corpse Explosion","floor":10},{"not_picked":["Outmaneuver","Dodge and Roll"],"picked":"Calculated Gamble","floor":10},{"not_picked":["Well Laid Plans","Sucker Punch"],"picked":"Deadly Poison","floor":10},{"not_picked":["Quick Slash","Endless Agony"],"picked":"Bullet Time","floor":12},{"not_picked":["Corpse Explosion","Backstab","Slice"],"picked":"SKIP","floor":14},{"not_picked":["Envenom","Phantasmal Killer"],"picked":"Malaise","floor":16},{"not_picked":["Poisoned Stab","Cloak And Dagger","Blade Dance+1"],"picked":"SKIP","floor":18},{"not_picked":["Deadly Poison+1","Blade Dance"],"picked":"Dodge and Roll+1","floor":19},{"not_picked":["Deflect","Well Laid Plans"],"picked":"Acrobatics+1","floor":22},{"not_picked":["Crippling Poison","Quick Slash"],"picked":"Leg Sweep","floor":24}],"player_experience":884401,"relics_obtained":[{"floor":8,"key":"Bag of Preparation"},{"floor":9,"key":"Mercury Hourglass"},{"floor":14,"key":"Girya"},{"floor":19,"key":"Red Mask"}],"event_choices":[{"cards_removed":["Strike_G"],"damage_healed":0,"gold_gain":0,"player_choice":"Purged","damage_taken":0,"max_hp_gain":0,"max_hp_loss":0,"event_name":"Purifier","floor":2,"gold_loss":0},{"damage_healed":0,"gold_gain":0,"cards_transformed":["Strike_G"],"player_choice":"Change","damage_taken":0,"max_hp_gain":0,"max_hp_loss":0,"event_name":"Living Wall","floor":4,"gold_loss":0,"cards_obtained":["Catalyst"]},{"damage_healed":0,"gold_gain":0,"player_choice":"Donut","damage_taken":0,"max_hp_gain":5,"max_hp_loss":0,"event_name":"Big Fish","floor":5,"gold_loss":0},{"damage_healed":0,"gold_gain":0,"player_choice":"Fought Bandits","damage_taken":0,"max_hp_gain":0,"max_hp_loss":0,"event_name":"Masked Bandits","floor":19,"gold_loss":0},{"damage_healed":0,"gold_gain":0,"player_choice":"Read","damage_taken":0,"max_hp_gain":0,"max_hp_loss":0,"event_name":"The Library","floor":21,"gold_loss":0,"cards_obtained":["Footwork"]}],"is_beta":false,"boss_relics":[{"not_picked":["Coffee Dripper","HoveringKite"],"picked":"Black Star"}],"items_purged_floors":[20],"is_endless":false,"potions_floor_spawned":[1,6,7,12,14,18,22],"killed_by":"Gremlin Leader","ascension_level":20}}