{"host":"xp5rvh2jwe2ejyfm","time":1612621995,"event":{"mods":["2.2 Compatiblity","Aspiration","BaseMod","BetterRewards","Colored Powertips","Conspire","Downfall","GifTheSpireLib","Gremlin Mod","Hermit","Hubris","Jorbs\u0027s Wanderer Trilogy","Minty Spire (QoL Compilation)","Quick Restart","Replay The Spire","Robot Space Explorer","Shade Mod","Somnambulant","StSLib","The Bug Knight","The Clintock","The Construct","The Cursed","The Disciple","The Forsaken","The Hierophant","The Necromancer","The Runesmith","The Servant 0.9.4","The Valiant","The Witch","TheFirefly","thorton"],"gold_per_floor":[11,27,43,62,77,104,104,136,161,161,175,195,247,422,422,526,526,540,540,66,66,66,66,66],"floor_reached":23,"language":"ENG","playtime":1009,"items_purged":["Doubt"],"score":251,"play_id":"76b35ad3-c37b-4d72-a82d-2bf7369f58de","local_time":"20210206093315","is_ascension_mode":false,"campfire_choices":[{"floor":7,"key":"REST"},{"floor":10,"key":"RECALL"},{"floor":15,"key":"REST"}],"circlet_count":0,"master_deck":["thefirefly:Strike","thefirefly:Strike","thefirefly:Strike","thefirefly:Strike","thefirefly:Defend","thefirefly:Defend","thefirefly:Defend","thefirefly:Defend","thefirefly:StealthMode","thefirefly:PhotonBlast","thefirefly:StarCinder","thefirefly:Quine","thefirefly:PotentAmmunition+1","thefirefly:NebulaVeil","thefirefly:Lamentation+1","thefirefly:ShieldGenerator","thefirefly:EMP","thefirefly:AlphaStrike","thefirefly:FlakCannon","thefirefly:Nova","CurseOfTheBell","Injury","Harmlessness","thefirefly:PotentAmmunition+1","thefirefly:Lamentation"],"relics":["thefirefly:StealthSystem","Pocketwatch","Replay:Bottled Steam","ReplayTheSpireMod:Lightbulb","aspiration:Lifesprig","Replay:Ancient Bell","PreservedInsect","Meat on the Bone","Runesmith:Locket","hubris:Icosahedron","DollysMirror","Replay:Bottled Eggs"],"acts_visited":["Exordium","TheCity"],"potions_floor_usage":[6,6,16,16,23],"damage_taken":[{"damage":3,"enemies":"Cultist","floor":1,"turns":3},{"damage":1,"enemies":"2 Louse","floor":2,"turns":2},{"damage":0,"enemies":"conspire:RoseBush","floor":3,"turns":3},{"damage":0,"enemies":"3 Louse","floor":4,"turns":3},{"damage":7,"enemies":"Blue Slaver","floor":5,"turns":4},{"damage":11,"enemies":"Lagavulin","floor":6,"turns":10},{"damage":8,"enemies":"3 Sentries","floor":8,"turns":6},{"damage":6,"enemies":"Looter","floor":11,"turns":3},{"damage":0,"enemies":"Red Slaver","floor":12,"turns":4},{"damage":0,"enemies":"Slime Boss","floor":16,"turns":6},{"damage":10,"enemies":"Shell Parasite","floor":18,"turns":7},{"damage":49,"enemies":"Book of Stabbing","floor":23,"turns":6}],"seed_played":"2982637489187548752","potions_obtained":[{"floor":1,"key":"PowerPotion"},{"floor":4,"key":"Strength Potion"},{"floor":6,"key":"FearPotion"},{"floor":11,"key":"CultistPotion"},{"floor":18,"key":"LiquidMemories"}],"is_trial":false,"path_per_floor":["M","M","M","M","M","E","R","E","T","R","M","M","?","?","R","B",null,"M","?","$","?","$","E"],"character_chosen":"THE_FIREFLY","items_purchased":["DollysMirror","Replay:Bottled Eggs"],"campfire_rested":2,"item_purchase_floors":[20,20],"current_hp_per_floor":[52,51,51,51,44,33,49,41,41,41,35,35,35,35,51,51,55,45,45,45,45,45,0,0],"gold":66,"neow_bonus":"ONE_RARE_RELIC","is_daily":false,"chose_seed":false,"campfire_upgraded":0,"win_rate":0.0,"timestamp":1612621995,"path_taken":["M","M","M","M","M","E","R","E","T","R","?","M","?","?","R","BOSS","M","?","$","?","$","E"],"items_purchased_type":["Relic","Relic"],"build_version":"2020-12-22","purchased_purges":1,"victory":false,"max_hp_per_floor":[55,55,55,55,55,55,55,55,55,55,55,55,55,55,55,55,55,55,55,55,55,55,55,55],"card_choices":[{"not_picked":["thefirefly:EnergyShield","thefirefly:RollBack"],"picked":"thefirefly:StarCinder","floor":1},{"not_picked":["thefirefly:Teleport","thefirefly:Ruminate"],"picked":"thefirefly:Quine","floor":2},{"not_picked":["thefirefly:FlareScreen","thefirefly:DataMiner"],"picked":"thefirefly:PotentAmmunition","floor":3},{"not_picked":["thefirefly:FullProjection","thefirefly:Reposition"],"picked":"thefirefly:NebulaVeil","floor":4},{"not_picked":["thefirefly:Reposition","thefirefly:CreateClone"],"picked":"thefirefly:Lamentation","floor":5},{"not_picked":["thefirefly:ArtillleryBeam","thefirefly:ShieldArray"],"picked":"thefirefly:ShieldGenerator","floor":6},{"not_picked":["thefirefly:AuroralDischarge","thefirefly:StoredPower"],"picked":"thefirefly:EMP","floor":8},{"not_picked":["thefirefly:Reposition","thefirefly:EvasiveManeuver"],"picked":"thefirefly:AlphaStrike","floor":11},{"not_picked":["thefirefly:DataMiner","thefirefly:Exile"],"picked":"thefirefly:FlakCannon","floor":12},{"not_picked":["thefirefly:Unburden","thefirefly:AlphaStrike"],"picked":"thefirefly:Nova","floor":16},{"not_picked":["Voices","SwitchThreat"],"picked":"CurseOfTheBell","floor":17},{"not_picked":["hubris:Lust","Normality"],"picked":"Injury","floor":17},{"not_picked":["EternalThirst","conspire:Blindness"],"picked":"Harmlessness","floor":17},{"not_picked":["thefirefly:QuantumTunneling","thefirefly:ShieldArray"],"picked":"thefirefly:PotentAmmunition","floor":18}],"player_experience":442106,"relics_obtained":[{"floor":6,"key":"Replay:Bottled Steam"},{"floor":8,"key":"ReplayTheSpireMod:Lightbulb"},{"floor":9,"key":"aspiration:Lifesprig"}],"event_choices":[{"damage_healed":0,"gold_gain":52,"player_choice":"Gained Gold","damage_taken":0,"max_hp_gain":0,"max_hp_loss":0,"event_name":"Golden Wing","floor":13,"gold_loss":0},{"damage_healed":0,"gold_gain":175,"player_choice":"AGREE","damage_taken":0,"max_hp_gain":0,"max_hp_loss":0,"event_name":"Liars Game","floor":14,"gold_loss":0,"cards_obtained":["Doubt"]}],"is_beta":false,"boss_relics":[{"not_picked":["Tiny House","Runic Dome"],"picked":"Replay:Ancient Bell"},{"not_picked":["ReplayTheSpireMod:TigerMarble","Bag of Preparation"],"picked":"PreservedInsect"},{"not_picked":["HollowMod:StagPassRelic","White Beast Statue"],"picked":"Meat on the Bone"},{"not_picked":["Replay:PocketPolymizer","construct:BoolHorns"],"picked":"Runesmith:Locket"}],"items_purged_floors":[20],"is_endless":false,"potions_floor_spawned":[1,4,6,11,18],"killed_by":"Book of Stabbing","ascension_level":0}}