{"host":"s4ojoik2izpnmj7q","time":1612588452,"event":{"mods":["Act Like it!","BaseMod","Minty Spire (QoL Compilation)","MostiFishMod","StSLib","[IsaacMod]ÒÔÈö¼âËþ"],"gold_per_floor":[115,125,50,65,80,80,111,186,186,186,217,227,259,259,259,331,331,341,341,360,377,393,428,428,453,499,514,251,251,279,279,279,357,357,372,247,298,315,331,356,356,375,423,423,423,457,468,484,484,484,484,484,484,144,175,175],"floor_reached":57,"language":"ZHS","playtime":1909,"items_purged":["Defend_P","Strike_P","Strike_P","Strike_P"],"score":3684,"play_id":"d290d030-0570-4008-8ca9-0cfc0a27d79d","local_time":"20210206131412","is_ascension_mode":true,"campfire_choices":[{"data":"Eruption","floor":6.0,"key":"SMITH"},{"data":"SignatureMove","floor":10.0,"key":"SMITH"},{"data":"MostiFishMod:DisColor","floor":15.0,"key":"SMITH"},{"floor":29.0,"key":"RECALL"},{"floor":32.0,"key":"REST"},{"floor":41,"key":"REST"},{"floor":44,"key":"REST"},{"floor":49,"key":"REST"},{"floor":53,"key":"REST"}],"circlet_count":0,"master_deck":["AscendersBane","Strike_P+1","Defend_P+1","Defend_P+1","Defend_P+1","Eruption+1","Vigilance+1","FlurryOfBlows+1","MostiFishMod:DisColor+1","Indignation+1","LessonLearned+1","Adaptation","Crescendo+1","Vengeance+1","Wallop+1","Scrawl+1","InnerPeace+1","Tantrum+1"],"relics":["PureWater","HushsDoor","Void","EGODaCapo","SynthV:TestCard","Vajra","MealTicket","TeardropLocket","DeadEye","FeatherPendant","FaceOfCleric","BookOfRevelations","Centennial Puzzle","Question Card","Fusion Hammer","SatanicBible","Medical Kit","Bag of Preparation"],"acts_visited":["Exordium","TheCity","TheBeyond","TheEnding"],"potions_floor_usage":[],"damage_taken":[{"damage":0.0,"enemies":"Jaw Worm","floor":1.0,"turns":1.0},{"damage":0.0,"enemies":"Small Slimes","floor":2.0,"turns":1.0},{"damage":0.0,"enemies":"2 Louse","floor":4.0,"turns":1.0},{"damage":4.0,"enemies":"Looter","floor":5.0,"turns":4.0},{"damage":11.0,"enemies":"3 Sentries","floor":7.0,"turns":5.0},{"damage":0.0,"enemies":"Gremlin Nob","floor":11.0,"turns":3.0},{"damage":0.0,"enemies":"Gremlin Gang","floor":12.0,"turns":3.0},{"damage":0.0,"enemies":"Lagavulin","floor":13.0,"turns":4.0},{"damage":5.0,"enemies":"Hexaghost","floor":16.0,"turns":6.0},{"damage":0.0,"enemies":"Chosen","floor":18.0,"turns":2.0},{"damage":0.0,"enemies":"Shell Parasite","floor":20.0,"turns":2.0},{"damage":4.0,"enemies":"Snake Plant","floor":21.0,"turns":2.0},{"damage":0.0,"enemies":"Sentry and Sphere","floor":22.0,"turns":3.0},{"damage":22.0,"enemies":"Book of Stabbing","floor":23.0,"turns":4.0},{"damage":0.0,"enemies":"Gremlin Leader","floor":25.0,"turns":2.0},{"damage":6.0,"enemies":"Centurion and Healer","floor":27.0,"turns":4.0},{"damage":0.0,"enemies":"Book of Stabbing","floor":30.0,"turns":2.0},{"damage":0.0,"enemies":"Champ","floor":33.0,"turns":2.0},{"damage":0.0,"enemies":"3 Darklings","floor":35.0,"turns":2.0},{"damage":0,"enemies":"2 Orb Walkers","floor":37,"turns":2},{"damage":0,"enemies":"Orb Walker","floor":38,"turns":1},{"damage":0,"enemies":"Maw","floor":39,"turns":1},{"damage":0,"enemies":"Nemesis","floor":40,"turns":3},{"damage":0,"enemies":"Jaw Worm Horde","floor":42,"turns":1},{"damage":0,"enemies":"Giant Head","floor":46,"turns":1},{"damage":0,"enemies":"3 Darklings","floor":47,"turns":2},{"damage":0,"enemies":"Transient","floor":48,"turns":1},{"damage":0,"enemies":"Time Eater","floor":50,"turns":3},{"damage":0,"enemies":"Donu and Deca","floor":51,"turns":3},{"damage":0,"enemies":"Shield and Spear","floor":55,"turns":3},{"damage":0,"enemies":"The Heart","floor":56,"turns":4}],"seed_played":"-5539707094697524868","potions_obtained":[{"floor":2.0,"key":"Energy Potion"},{"floor":5.0,"key":"Energy Potion"},{"floor":16.0,"key":"Swift Potion"},{"floor":20.0,"key":"Swift Potion"},{"floor":33.0,"key":"DuplicationPotion"},{"floor":35.0,"key":"LiquidMemories"}],"is_trial":false,"path_per_floor":["M","M","$","M","M","R","E","?","T","R","E","M","E","T","R","B",null,"M","?","M","M","M","E","?","E","T","M","$","R","E","T","R","B",null,"M","$","?","M","M","E","R","M","T","R","?","E","M","M","R","B","B",null,"R","$","E","B",null],"character_chosen":"WATCHER","items_purchased":["Centennial Puzzle","SatanicBible","Medical Kit","Bag of Preparation"],"campfire_rested":5,"item_purchase_floors":[28,34,54,54],"current_hp_per_floor":[61,61,61,61,57,57,46,35,35,35,35,35,35,35,35,30,59,59,59,59,55,55,33,33,34,34,29,44,44,45,45,66,67,57,58,58,56,57,58,59,59,60,60,57,57,58,59,60,60,61,59,59,59,59,60,61],"gold":175,"neow_bonus":"THREE_ENEMY_KILL","is_daily":false,"chose_seed":false,"campfire_upgraded":3,"win_rate":0.0,"timestamp":1612588452,"path_taken":["M","M","$","M","M","R","E","?","T","R","E","M","E","?","R","BOSS","M","?","?","?","M","E","?","E","T","?","$","R","E","?","R","BOSS","M","$","?","M","M","E","R","M","T","R","?","E","M","M","R","BOSS","BOSS","R","$","E","BOSS"],"items_purchased_type":["Relic","Relic","Relic","Relic"],"build_version":"2020-12-22","purchased_purges":4,"victory":true,"max_hp_per_floor":[68,68,68,68,68,68,68,68,68,68,68,68,68,68,68,68,68,68,68,68,68,68,68,68,69,69,70,70,70,71,71,71,72,57,58,58,56,57,58,59,59,60,60,57,57,58,59,60,60,61,59,59,59,59,60,61],"card_choices":[{"not_picked":[],"picked":"ChaosCard","floor":0.0},{"not_picked":["ClearTheMind","Study","Protect"],"picked":"SKIP","floor":1.0},{"not_picked":["FlurryOfBlows","FlyingSleeves","Wireheading","Evaluate"],"picked":"Bomb","floor":2.0},{"not_picked":["EmptyBody","Consecrate","LikeWater","ThirdEye"],"picked":"FlurryOfBlows","floor":4.0},{"not_picked":["Weave","DeceiveReality","Protect","WaveOfTheHand"],"picked":"SignatureMove","floor":5.0},{"not_picked":["Perseverance","JustLucky","MostiFishMod:OutWit","Wireheading"],"picked":"MostiFishMod:DisColor","floor":7.0},{"not_picked":["Meditate","ForeignInfluence","EmptyBody","ThirdEye","FlurryOfBlows"],"picked":"SKIP","floor":11.0},{"not_picked":["Fasting2","WaveOfTheHand","Wireheading","FollowUp","Study"],"picked":"SKIP","floor":12.0},{"not_picked":["WreathOfFlame","Crescendo","ThirdEye","DeceiveReality"],"picked":"Indignation","floor":13.0},{"not_picked":["SpiritShield","Omniscience","Brilliance","DevaForm"],"picked":"LessonLearned","floor":16.0},{"not_picked":["Prostrate","Halt","DeceiveReality","Consecrate","WindmillStrike"],"picked":"SKIP","floor":18.0},{"not_picked":["CutThroughFate","ClearTheMind","FollowUp","ThirdEye"],"picked":"Crescendo+1","floor":20.0},{"not_picked":["SashWhip","Crescendo","EmptyBody","ClearTheMind","Weave"],"picked":"SKIP","floor":21.0},{"not_picked":["EmptyBody","Pray","ClearTheMind+1","FlyingSleeves"],"picked":"Vengeance","floor":22.0},{"not_picked":["MostiFishMod:OutWit","ThirdEye","SignatureMove","BattleHymn","Halt"],"picked":"SKIP","floor":23.0},{"not_picked":["Collect","Study","MostiFishMod:StarOceanP","Meditate","EmptyFist"],"picked":"SKIP","floor":25.0},{"not_picked":["Crescendo","Sanctity","MostiFishMod:PathToVictory","FollowUp","Evaluate"],"picked":"SKIP","floor":27.0},{"not_picked":["Worship","CutThroughFate","Protect","ConjureBlade"],"picked":"Wallop","floor":30.0},{"not_picked":["MostiFishMod:Disappear","Alpha","MostiFishMod:Dust","Devotion","Establishment"],"picked":"Scrawl","floor":33.0},{"not_picked":["ClearTheMind","Wireheading","FlurryOfBlows","ThirdEye","Halt+1"],"picked":"InnerPeace+1","floor":35.0},{"not_picked":["MostiFishMod:LegendTransform+1","Tantrum","Protect","ClearTheMind","EmptyBody","CutThroughFate"],"picked":"SKIP","floor":38},{"not_picked":["SandsOfTime+1","WreathOfFlame","SashWhip+1","WaveOfTheHand","Sanctity","WindmillStrike"],"picked":"SKIP","floor":39},{"not_picked":["Prostrate","Protect","Wallop","FlyingSleeves","JustLucky","Consecrate"],"picked":"SKIP","floor":40},{"not_picked":["MostiFishMod:LegendTransform","MostiFishMod:Nomercy","JustLucky","Sanctity","MostiFishMod:FlowState"],"picked":"Tantrum","floor":42},{"not_picked":["FlyingSleeves+1","MostiFishMod:PathToVictory","SignatureMove","ForeignInfluence","Prostrate","Protect"],"picked":"SKIP","floor":46},{"not_picked":["PathToVictory","MostiFishMod:StarWish","Wireheading","FlurryOfBlows","FollowUp","Evaluate"],"picked":"SKIP","floor":47},{"not_picked":["InnerPeace","DeceiveReality","Collect","EmptyBody","FlyingSleeves+1","Tantrum+1"],"picked":"SKIP","floor":48},{"not_picked":["Conclude","ReachHeaven","MostiFishMod:LegendTransform","MentalFortress+1","CrushJoints","EmptyBody+1"],"picked":"SKIP","floor":55}],"player_experience":603183,"relics_obtained":[{"floor":1.0,"key":"SynthV:TestCard"},{"floor":7.0,"key":"Vajra"},{"floor":9.0,"key":"DeathBook"},{"floor":11.0,"key":"MealTicket"},{"floor":13.0,"key":"TeardropLocket"},{"floor":14.0,"key":"DeadEye"},{"floor":23.0,"key":"Nunchaku"},{"floor":25.0,"key":"Gremlin Horn"},{"floor":26.0,"key":"BookOfRevelations"},{"floor":30.0,"key":"Question Card"},{"floor":31.0,"key":"Bottled Lightning"},{"floor":37,"key":"GuppysPaw"},{"floor":40,"key":"Orichalcum"},{"floor":46,"key":"DoctorsRemote"},{"floor":55,"key":"TheBean"}],"event_choices":[{"damage_healed":0.0,"max_hp_gain":0.0,"max_hp_loss":0.0,"gold_gain":75.0,"event_name":"World of Goop","player_choice":"Gather Gold","floor":8.0,"gold_loss":0.0,"damage_taken":11.0},{"damage_healed":0.0,"max_hp_gain":0.0,"max_hp_loss":0.0,"gold_gain":0.0,"event_name":"The Library","player_choice":"Read","floor":19.0,"gold_loss":0.0,"damage_taken":0.0,"cards_obtained":["Adaptation"]},{"damage_healed":0.0,"max_hp_gain":0.0,"max_hp_loss":0.0,"gold_gain":0.0,"event_name":"FaceTrader","player_choice":"Trade","floor":24.0,"gold_loss":0.0,"damage_taken":0.0,"relics_obtained":["FaceOfCleric"]},{"damage_healed":0,"gold_gain":0,"player_choice":"Fight","damage_taken":0,"max_hp_gain":0,"max_hp_loss":0,"event_name":"Mysterious Sphere","floor":37,"gold_loss":0},{"cards_removed":["SignatureMove"],"damage_healed":0,"gold_gain":0,"player_choice":"Removed Attack","damage_taken":0,"max_hp_gain":0,"max_hp_loss":0,"event_name":"Falling","floor":45,"gold_loss":0}],"is_beta":false,"boss_relics":[{"not_picked":["GreenFoldingFan","Empty Cage"],"picked":"FeatherPendant"},{"not_picked":[]},{"not_picked":["Busted Crown","Philosopher\u0027s Stone"],"picked":"Fusion Hammer"},{"not_picked":[]}],"items_purged_floors":[3,28,34,36],"is_endless":false,"potions_floor_spawned":[2,5,7,16,20,22,33,35,39,46,48],"ascension_level":20}}