{"host":"49pjgf1q9ev52n8z","time":1612593395,"event":{"mods":["BaseMod","Bestiary","Colored Map","Keyboard Shortcuts","Minty Spire (QoL Compilation)","Practice Mode","Relic Stats","StSLib"],"gold_per_floor":[119,138,156,173,173,207,207,218,218,218,245,100,110,130,130,225,225,267,366,666,705,14,39,39,67,115,115,115,35,35,35,35,35,35],"floor_reached":33,"language":"ENG","playtime":2239,"items_purged":["Writhe"],"score":402,"play_id":"5bec1544-34d1-4a9d-a794-f67e5f1415aa","local_time":"20210205223635","is_ascension_mode":true,"campfire_choices":[{"floor":7,"key":"REST"},{"data":"Eruption","floor":10,"key":"SMITH"},{"floor":15,"key":"REST"},{"floor":24,"key":"REST"},{"floor":27,"key":"REST"},{"data":"MentalFortress","floor":32,"key":"SMITH"}],"circlet_count":0,"master_deck":["Defend_P","Defend_P","Eruption+1","Vigilance","Consecrate","ClearTheMind","FearNoEvil","FlurryOfBlows","Scrawl","Halt","BattleHymn","Crescendo","Wish","Collect+1","Swivel+1","ThirdEye+1","BowlingBash","Protect","Adaptation+1","MentalFortress+1","Bite","Bite","Bite","Bite","Bite"],"relics":["PureWater","NeowsBlessing","WingedGreaves","Turnip","Unceasing Top","Ancient Tea Set","Astrolabe","Old Coin","OrangePellets","MealTicket","Bottled Flame","Lantern","Eternal Feather","Strawberry"],"acts_visited":["Exordium","TheCity"],"potions_floor_usage":[14,14,16,18,23,23],"damage_taken":[{"damage":0,"enemies":"2 Louse","floor":1,"turns":1},{"damage":0,"enemies":"Jaw Worm","floor":2,"turns":1},{"damage":0,"enemies":"Small Slimes","floor":3,"turns":1},{"damage":10,"enemies":"Looter","floor":4,"turns":4},{"damage":28,"enemies":"3 Sentries","floor":6,"turns":8},{"damage":6,"enemies":"Blue Slaver","floor":8,"turns":4},{"damage":19,"enemies":"Gremlin Nob","floor":11,"turns":4},{"damage":1,"enemies":"3 Louse","floor":13,"turns":3},{"damage":19,"enemies":"Exordium Thugs","floor":14,"turns":3},{"damage":0,"enemies":"Slime Boss","floor":16,"turns":3},{"damage":42,"enemies":"2 Thieves","floor":18,"turns":5},{"damage":1,"enemies":"Chosen","floor":21,"turns":4},{"damage":19,"enemies":"Slavers","floor":23,"turns":5},{"damage":27,"enemies":"Gremlin Leader","floor":25,"turns":4},{"damage":122,"enemies":"Automaton","floor":33,"turns":6}],"seed_played":"8365506097114936878","potions_obtained":[{"floor":2,"key":"Ancient Potion"},{"floor":8,"key":"Weak Potion"},{"floor":14,"key":"AttackPotion"},{"floor":16,"key":"LiquidMemories"},{"floor":18,"key":"Regen Potion"},{"floor":21,"key":"BlessingOfTheForge"}],"is_trial":false,"path_per_floor":["M","M","M","M","?","E","R","M","T","R","E","$","M","M","R","B",null,"M","?","?","M","$","E","R","E","T","R","?","$","?","?","R","B"],"character_chosen":"WATCHER","items_purchased":["Ancient Tea Set","OrangePellets","MealTicket","Bottled Flame","Protect","MentalFortress"],"campfire_rested":4,"item_purchase_floors":[12,22,22,22,22,29],"current_hp_per_floor":[72,72,72,62,62,34,55,49,49,49,30,30,29,10,31,31,72,30,30,30,29,29,24,45,18,25,60,60,75,55,55,55,0,0],"gold":35,"neow_bonus":"THREE_ENEMY_KILL","is_daily":false,"chose_seed":false,"campfire_upgraded":2,"win_rate":0.0,"timestamp":1612593395,"path_taken":["M","M","M","M","?","E","R","M","T","R","E","$","M","M","R","BOSS","M","?","?","M","$","E","R","E","T","R","?","$","?","?","R","BOSS"],"items_purchased_type":["Relic","Relic","Relic","Relic","Card","Card"],"build_version":"2020-12-22","purchased_purges":1,"victory":false,"max_hp_per_floor":[72,72,72,72,72,72,72,72,72,72,72,72,72,72,72,72,72,72,72,72,72,72,72,72,72,79,79,79,79,55,55,55,55,55],"relic_stats":{"OrangePellets":[0],"counters":[15,56],"Astrolabe":["Collect","Swivel","ThirdEye"],"MealTicket":15,"Eternal Feather":12,"Turnip":[0],"obtain_stats":[{"Lantern":23,"NeowsBlessing":0,"Astrolabe":17,"Eternal Feather":25,"Ancient Tea Set":12,"Old Coin":20,"OrangePellets":22,"Bottled Flame":22,"Strawberry":26,"MealTicket":22,"WingedGreaves":6,"Turnip":9,"PureWater":0,"Unceasing Top":11},{"Lantern":13,"NeowsBlessing":0,"Astrolabe":10,"Eternal Feather":14,"Ancient Tea Set":7,"Old Coin":11,"OrangePellets":12,"Bottled Flame":12,"Strawberry":14,"MealTicket":12,"WingedGreaves":5,"Turnip":6,"PureWater":0,"Unceasing Top":7},{"Lantern":46,"NeowsBlessing":0,"Astrolabe":32,"Eternal Feather":50,"Ancient Tea Set":23,"Old Coin":37,"OrangePellets":41,"Bottled Flame":41,"Strawberry":50,"MealTicket":41,"WingedGreaves":15,"Turnip":19,"PureWater":0,"Unceasing Top":23}],"Unceasing Top":[1]},"card_choices":[{"not_picked":["Protect","Evaluate"],"picked":"Consecrate","floor":1},{"not_picked":["BowlingBash","WreathOfFlame"],"picked":"ClearTheMind","floor":2},{"not_picked":["Crescendo","JustLucky"],"picked":"FearNoEvil","floor":3},{"not_picked":["Nirvana","FlyingSleeves"],"picked":"FlurryOfBlows","floor":4},{"not_picked":["Swivel","DeceiveReality"],"picked":"Scrawl","floor":6},{"not_picked":["ClearTheMind","Indignation","FearNoEvil"],"picked":"SKIP","floor":8},{"not_picked":["Consecrate","WaveOfTheHand"],"picked":"Halt","floor":11},{"not_picked":["ClearTheMind","PathToVictory"],"picked":"BattleHymn","floor":13},{"not_picked":["EmptyFist","SignatureMove"],"picked":"Crescendo","floor":14},{"not_picked":["Scrawl","Judgement"],"picked":"Wish","floor":16},{"not_picked":["Worship","FlyingSleeves"],"picked":"BowlingBash","floor":18},{"not_picked":["FlyingSleeves","Prostrate","EmptyBody"],"picked":"SKIP","floor":21},{"not_picked":["SignatureMove","EmptyBody","ThirdEye+1"],"picked":"SKIP","floor":23},{"not_picked":["Prostrate","EmptyBody"],"picked":"Adaptation+1","floor":25}],"player_experience":748670,"relics_obtained":[{"floor":6,"key":"WingedGreaves"},{"floor":9,"key":"Turnip"},{"floor":11,"key":"Unceasing Top"},{"floor":23,"key":"Lantern"},{"floor":25,"key":"Eternal Feather"},{"floor":26,"key":"Strawberry"}],"event_choices":[{"damage_healed":0,"gold_gain":0,"cards_transformed":["Strike_P"],"player_choice":"Change","damage_taken":0,"max_hp_gain":0,"max_hp_loss":0,"event_name":"Living Wall","floor":5,"gold_loss":0,"cards_obtained":["Collect"]},{"damage_healed":0,"gold_gain":99,"player_choice":"Stole From Cult","damage_taken":0,"max_hp_gain":0,"max_hp_loss":0,"event_name":"Nest","floor":19,"gold_loss":0},{"damage_healed":0,"gold_gain":0,"player_choice":"Opened","damage_taken":0,"relics_obtained":["Old Coin"],"max_hp_gain":0,"max_hp_loss":0,"event_name":"The Mausoleum","floor":20,"gold_loss":0,"cards_obtained":["Writhe"]},{"cards_removed":["Collect"],"damage_healed":0,"gold_gain":0,"player_choice":"Elegance","damage_taken":0,"max_hp_gain":0,"max_hp_loss":0,"event_name":"Back to Basics","floor":28,"gold_loss":0},{"damage_healed":0,"gold_gain":0,"player_choice":"Became a vampire","damage_taken":0,"max_hp_gain":0,"max_hp_loss":24,"event_name":"Vampires","floor":30,"gold_loss":0,"cards_obtained":["Bite","Bite","Bite","Bite","Bite"]},{"damage_healed":0,"gold_gain":0,"player_choice":"Ignored","damage_taken":0,"max_hp_gain":0,"max_hp_loss":0,"event_name":"WeMeetAgain","floor":31,"gold_loss":0}],"is_beta":false,"boss_relics":[{"not_picked":["Sozu","Ectoplasm"],"picked":"Astrolabe"}],"items_purged_floors":[22],"is_endless":false,"potions_floor_spawned":[2,8,14,16,18,21],"killed_by":"Automaton","ascension_level":2}}