{"host":"dyzdf8svqmiivg97","time":1612633493,"event":{"mods":["AchievementEnabler","BaseMod","Colored Map","DeckTracker","Minty Spire (QoL Compilation)","Permanent Neow","Quick Restart","Rare Cards Sparkle","SuperFastMode"],"gold_per_floor":[119,139,154,154,171,171,182,182,207,207,222,222,233,244,244,345,345,364,145,155,155,70,102,125,125,125],"floor_reached":25,"language":"KOR","playtime":672,"items_purged":["Strike_B"],"score":247,"play_id":"8bfa188b-6561-4538-9d77-c98abbcfc379","local_time":"20210207024453","is_ascension_mode":true,"campfire_choices":[{"data":"Defragment","floor":6,"key":"SMITH"},{"data":"Coolheaded","floor":8,"key":"SMITH"},{"data":"Dualcast","floor":10,"key":"SMITH"},{"floor":15,"key":"REST"}],"circlet_count":0,"master_deck":["Strike_B","Strike_B","Defend_B","Defend_B","Defend_B","Defend_B","Zap","Dualcast+1","Melter","Defragment+1","Ball Lightning","Coolheaded+1","Turbo","Capacitor","Creative AI","Conserve Battery","Cold Snap","Core Surge","Glacier","Compile Driver+1","Necronomicurse","Parasite"],"relics":["Cracked Core","Ginger","Vajra","Nunchaku","Cursed Key","Orrery","Necronomicon","Boot","Orichalcum","MealTicket"],"acts_visited":["Exordium","TheCity"],"potions_floor_usage":[23],"damage_taken":[{"damage":2,"enemies":"2 Louse","floor":1,"turns":3},{"damage":1,"enemies":"Cultist","floor":2,"turns":4},{"damage":0,"enemies":"Small Slimes","floor":3,"turns":2},{"damage":4,"enemies":"Red Slaver","floor":5,"turns":4},{"damage":0,"enemies":"2 Fungi Beasts","floor":7,"turns":2},{"damage":10,"enemies":"Blue Slaver","floor":11,"turns":3},{"damage":0,"enemies":"Looter","floor":13,"turns":2},{"damage":6,"enemies":"Exordium Wildlife","floor":14,"turns":2},{"damage":19,"enemies":"The Guardian","floor":16,"turns":10},{"damage":8,"enemies":"Chosen","floor":18,"turns":4},{"damage":0,"enemies":"Shell Parasite","floor":20,"turns":6},{"damage":35,"enemies":"Book of Stabbing","floor":23,"turns":7},{"damage":16,"enemies":"Centurion and Healer","floor":25,"turns":1}],"seed_played":"5914835245739261658","potions_obtained":[{"floor":2,"key":"DuplicationPotion"},{"floor":3,"key":"Swift Potion"},{"floor":7,"key":"AttackPotion"}],"is_trial":false,"path_per_floor":["M","M","M","?","M","R","M","R","T","R","M","?","M","M","R","B",null,"M","$","M","?","?","E","T","M"],"character_chosen":"DEFECT","items_purchased":["Orrery"],"campfire_rested":1,"item_purchase_floors":[19],"current_hp_per_floor":[52,51,51,51,47,47,47,47,47,47,37,37,37,31,53,34,75,67,67,67,51,51,16,16,0,0],"gold":125,"neow_bonus":"ONE_RARE_RELIC","is_daily":false,"chose_seed":false,"campfire_upgraded":3,"win_rate":0.0,"timestamp":1612633493,"path_taken":["M","M","M","?","?","R","?","R","T","R","M","?","M","M","R","BOSS","M","$","M","?","?","E","?","M"],"items_purchased_type":["Relic"],"build_version":"2020-12-22","purchased_purges":1,"victory":false,"max_hp_per_floor":[75,75,75,75,75,75,75,75,75,75,75,75,75,75,75,75,75,75,75,75,75,75,75,75,75,75],"card_choices":[{"not_picked":["Compile Driver","Rebound","Steam Power"],"picked":"SKIP","floor":1},{"not_picked":["Loop","White Noise"],"picked":"Melter","floor":2},{"not_picked":["Rebound","Consume"],"picked":"Defragment","floor":3},{"not_picked":["Gash","Hologram"],"picked":"Ball Lightning","floor":5},{"not_picked":["Steam","Compile Driver"],"picked":"Coolheaded","floor":7},{"not_picked":["Auto Shields","Beam Cell"],"picked":"Turbo","floor":11},{"not_picked":["Rip and Tear","Doom and Gloom","Beam Cell"],"picked":"SKIP","floor":13},{"not_picked":["Consume","Conserve Battery"],"picked":"Capacitor","floor":14},{"not_picked":["Reboot","Buffer"],"picked":"Creative AI","floor":16},{"not_picked":["Go for the Eyes","Leap"],"picked":"Conserve Battery","floor":18},{"not_picked":["Rainbow","Leap"],"picked":"Cold Snap","floor":19},{"not_picked":["Leap","Amplify"],"picked":"Core Surge","floor":19},{"not_picked":["Force Field","Recycle"],"picked":"Glacier","floor":19},{"not_picked":["Go for the Eyes","Reprogram"],"picked":"Compile Driver+1","floor":19},{"not_picked":["Doom and Gloom","Hello World+1","Coolheaded"],"picked":"SKIP","floor":20},{"not_picked":["Stack+1","Tempest","Glacier"],"picked":"SKIP","floor":23}],"player_experience":562835,"relics_obtained":[{"floor":9,"key":"Vajra"},{"floor":12,"key":"Nunchaku"},{"floor":21,"key":"Necronomicon"},{"floor":23,"key":"Orichalcum"},{"floor":24,"key":"MealTicket"}],"event_choices":[{"cards_removed":["Strike_B"],"damage_healed":0,"gold_gain":0,"player_choice":"Offered Basic","damage_taken":0,"max_hp_gain":0,"max_hp_loss":0,"event_name":"Bonfire Elementals","floor":4,"gold_loss":0},{"damage_healed":0,"gold_gain":0,"player_choice":"Relic","damage_taken":0,"max_hp_gain":0,"max_hp_loss":0,"event_name":"Wheel of Change","floor":12,"gold_loss":0},{"damage_healed":0,"gold_gain":0,"player_choice":"Obtained Book","damage_taken":16,"max_hp_gain":0,"max_hp_loss":0,"event_name":"Cursed Tome","floor":21,"gold_loss":0},{"damage_healed":0,"gold_gain":0,"player_choice":"Obtained Relic","damage_taken":0,"relics_obtained":["Boot"],"max_hp_gain":0,"max_hp_loss":0,"event_name":"Addict","floor":22,"gold_loss":85}],"is_beta":false,"boss_relics":[{"not_picked":["Calling Bell","Tiny House"],"picked":"Cursed Key"}],"items_purged_floors":[19],"is_endless":false,"potions_floor_spawned":[2,3,7,13,18],"killed_by":"Centurion and Healer","ascension_level":3}}