{"host":"kqjncq1jgqa58i7s","time":1612609422,"event":{"mods":["AchievementEnabler","BaseMod","Colored Map","Minty Spire (QoL Compilation)","Relic Stats"],"gold_per_floor":[113,133,144,144,419,4,18,37,91,91,103,203,230,244,244,322,322,362,406,448,487,135,135,163,219,219,219,219,219,278,278,278,352,352,372,417,233,276,62,87,87],"floor_reached":40,"language":"ENG","playtime":3527,"items_purged":["Regret","Strike_P","Strike_P","Strike_P"],"score":1331,"play_id":"4d612bb9-9456-4cf1-bdb2-d5ef1154d088","local_time":"20210206120342","is_ascension_mode":true,"campfire_choices":[{"floor":10.0,"key":"REST"},{"data":"Ragnarok","floor":15.0,"key":"SMITH"},{"floor":23.0,"key":"REST"},{"data":"WaveOfTheHand","floor":27.0,"key":"SMITH"},{"floor":29.0,"key":"REST"},{"data":"TalkToTheHand","floor":32.0,"key":"SMITH"}],"circlet_count":0,"master_deck":["AscendersBane","Strike_P","Defend_P","Defend_P","Defend_P","Defend_P","Eruption","Vigilance","CarveReality","CrushJoints","MentalFortress","BattleHymn","FlyingSleeves","EmptyBody","WaveOfTheHand+1","Ragnarok+1","Wish","Fasting2","TalkToTheHand+1","SpiritShield","Evaluate","Establishment","Worship+1"],"relics":["Snecko Eye","Torii","Membership Card","PreservedInsect","Oddly Smooth Stone","Regal Pillow","Turnip","Cursed Key","HandDrill","Sundial","Happy Flower","Red Mask","Bottled Lightning","Yang","Ornamental Fan","Smiling Mask","MutagenicStrength","Empty Cage","Mummified Hand","ClockworkSouvenir","Bag of Preparation"],"acts_visited":["TheCity","TheBeyond"],"potions_floor_usage":[],"damage_taken":[{"damage":0.0,"enemies":"Cultist","floor":1.0,"turns":2.0},{"damage":2.0,"enemies":"2 Louse","floor":2.0,"turns":2.0},{"damage":0.0,"enemies":"Jaw Worm","floor":3.0,"turns":2.0},{"damage":25.0,"enemies":"Lots of Slimes","floor":7.0,"turns":4.0},{"damage":19.0,"enemies":"Large Slime","floor":8.0,"turns":5.0},{"damage":7.0,"enemies":"Blue Slaver","floor":11.0,"turns":3.0},{"damage":0.0,"enemies":"Lagavulin","floor":13.0,"turns":4.0},{"damage":2.0,"enemies":"Looter","floor":14.0,"turns":3.0},{"damage":0.0,"enemies":"Slime Boss","floor":16.0,"turns":3.0},{"damage":10.0,"enemies":"2 Thieves","floor":18.0,"turns":3.0},{"damage":21.0,"enemies":"3 Byrds","floor":19.0,"turns":6.0},{"damage":0.0,"enemies":"Centurion and Healer","floor":20.0,"turns":4.0},{"damage":12.0,"enemies":"3 Cultists","floor":21.0,"turns":4.0},{"damage":11.0,"enemies":"Masked Bandits","floor":24.0,"turns":3.0},{"damage":21.0,"enemies":"Slavers","floor":25.0,"turns":3.0},{"damage":18.0,"enemies":"Gremlin Leader","floor":30.0,"turns":3.0},{"damage":28.0,"enemies":"Champ","floor":33.0,"turns":10.0},{"damage":6.0,"enemies":"3 Shapes","floor":35.0,"turns":2.0},{"damage":29.0,"enemies":"3 Darklings","floor":36.0,"turns":6.0},{"damage":8.0,"enemies":"Writhing Mass","floor":38.0,"turns":4.0},{"damage":43,"enemies":"Reptomancer","floor":40,"turns":3}],"seed_played":"1472396730615848151","potions_obtained":[{"floor":1.0,"key":"StancePotion"},{"floor":8.0,"key":"Regen Potion"},{"floor":14.0,"key":"Weak Potion"},{"floor":20.0,"key":"GamblersBrew"},{"floor":35.0,"key":"DuplicationPotion"},{"floor":36.0,"key":"Dexterity Potion"}],"is_trial":false,"path_per_floor":["M","M","M","T","?","$","M","M","T","R","M","?","E","M","R","B",null,"M","M","M","M","$","R","?","E","T","R","?","R","E","?","R","B",null,"M","M","$","M","$","E"],"character_chosen":"WATCHER","items_purchased":["Membership Card","PreservedInsect","Oddly Smooth Stone","BattleHymn","HandDrill","Sundial","Happy Flower","Mummified Hand","ClockworkSouvenir","Bag of Preparation"],"campfire_rested":3,"item_purchase_floors":[6,6,6,6,22,22,22,37,39,39],"current_hp_per_floor":[61,59,59,59,59,59,34,15,15,50,43,43,55,53,53,53,64,54,33,33,21,21,56,45,24,24,24,24,59,41,41,41,13,54,48,19,19,11,11,0,0],"gold":87,"neow_bonus":"BOSS_RELIC","is_daily":false,"chose_seed":false,"campfire_upgraded":3,"win_rate":0.0,"timestamp":1612609422,"path_taken":["M","M","M","?","?","$","M","M","T","R","?","?","E","M","R","BOSS","M","M","M","?","$","R","?","E","T","R","?","R","E","?","R","BOSS","M","M","$","M","$","E"],"items_purchased_type":["Relic","Relic","Relic","Card","Relic","Relic","Relic","Relic","Relic","Relic"],"build_version":"2020-12-22","purchased_purges":4,"victory":false,"max_hp_per_floor":[68,68,68,68,68,68,68,68,68,68,68,68,68,68,68,68,68,68,68,68,68,68,68,68,68,68,68,68,68,68,68,68,68,68,68,68,68,68,68,68,68],"relic_stats":{"Regal Pillow":45,"Torii":50,"Happy Flower":[11],"counters":[21,79],"Yang":[59],"PreservedInsect":177,"Bag of Preparation":[2],"Cursed Key":1,"Smiling Mask":38,"Sundial":[4],"Ornamental Fan":[36],"Mummified Hand":[11],"Snecko Eye":[133,132,112,152],"Turnip":[8],"HandDrill":[18],"obtain_stats":[{"Regal Pillow":9,"Torii":4,"Happy Flower":22,"Oddly Smooth Stone":6,"Yang":26,"PreservedInsect":6,"Bag of Preparation":39,"Cursed Key":17,"Smiling Mask":30,"Empty Cage":34,"ClockworkSouvenir":39,"Sundial":22,"Ornamental Fan":28,"Mummified Hand":37,"MutagenicStrength":31,"Snecko Eye":0,"Turnip":13,"HandDrill":22,"Red Mask":24,"Membership Card":6,"Bottled Lightning":25},{"Regal Pillow":5,"Torii":3,"Happy Flower":13,"Oddly Smooth Stone":3,"Yang":15,"PreservedInsect":3,"Bag of Preparation":20,"Cursed Key":9,"Smiling Mask":16,"Empty Cage":17,"ClockworkSouvenir":20,"Sundial":13,"Ornamental Fan":15,"Mummified Hand":19,"MutagenicStrength":16,"Snecko Eye":0,"Turnip":7,"HandDrill":13,"Red Mask":14,"Membership Card":3,"Bottled Lightning":15},{"Regal Pillow":15,"Torii":6,"Happy Flower":45,"Oddly Smooth Stone":6,"Yang":51,"PreservedInsect":6,"Bag of Preparation":76,"Cursed Key":28,"Smiling Mask":54,"Empty Cage":64,"ClockworkSouvenir":76,"Sundial":45,"Ornamental Fan":51,"Mummified Hand":72,"MutagenicStrength":54,"Snecko Eye":0,"Turnip":22,"HandDrill":45,"Red Mask":48,"Membership Card":6,"Bottled Lightning":51}]},"card_choices":[{"not_picked":["ThirdEye","Crescendo"],"picked":"CarveReality","floor":1.0},{"not_picked":["JustLucky","Prostrate"],"picked":"CrushJoints","floor":2.0},{"not_picked":["PathToVictory","Nirvana"],"picked":"MentalFortress","floor":3.0},{"not_picked":["Evaluate","Weave"],"picked":"FlyingSleeves","floor":7.0},{"not_picked":["SashWhip","JustLucky","SignatureMove"],"picked":"SKIP","floor":8.0},{"not_picked":["Prostrate","FollowUp"],"picked":"EmptyBody","floor":11.0},{"not_picked":["CarveReality","ForeignInfluence"],"picked":"WaveOfTheHand","floor":13.0},{"not_picked":["Swivel","MentalFortress"],"picked":"Ragnarok","floor":14.0},{"not_picked":["Judgement","Brilliance"],"picked":"Wish","floor":16.0},{"not_picked":["CutThroughFate","JustLucky","ClearTheMind+1"],"picked":"SKIP","floor":18.0},{"not_picked":["CrushJoints","ThirdEye+1"],"picked":"Fasting2","floor":19.0},{"not_picked":["EmptyFist","Prostrate+1","CrushJoints"],"picked":"SKIP","floor":20.0},{"not_picked":["JustLucky","Indignation","Prostrate"],"picked":"SKIP","floor":21.0},{"not_picked":["CrushJoints","Prostrate"],"picked":"TalkToTheHand","floor":24.0},{"not_picked":["BowlingBash","Wireheading"],"picked":"SpiritShield","floor":25.0},{"not_picked":["FollowUp","ForeignInfluence"],"picked":"Evaluate","floor":30.0},{"not_picked":["Alpha","Judgement"],"picked":"Establishment","floor":33.0},{"not_picked":["JustLucky","FollowUp","WaveOfTheHand"],"picked":"SKIP","floor":35.0},{"not_picked":["BowlingBash+1","SandsOfTime+1"],"picked":"Worship+1","floor":36.0},{"not_picked":["Wireheading","Swivel","FlyingSleeves"],"picked":"SKIP","floor":38.0}],"player_experience":1657504,"relics_obtained":[{"floor":4.0,"key":"Torii"},{"floor":9.0,"key":"Regal Pillow"},{"floor":13.0,"key":"Turnip"},{"floor":24.0,"key":"Red Mask"},{"floor":25.0,"key":"Bottled Lightning"},{"floor":26.0,"key":"Yang"},{"floor":30.0,"key":"Smiling Mask"}],"event_choices":[{"damage_healed":0.0,"max_hp_gain":0.0,"max_hp_loss":0.0,"gold_gain":275.0,"event_name":"Golden Shrine","player_choice":"Desecrate","floor":5.0,"gold_loss":0.0,"damage_taken":0.0,"cards_obtained":["Regret"]},{"damage_healed":0.0,"max_hp_gain":0.0,"max_hp_loss":0.0,"gold_gain":100.0,"event_name":"Wheel of Change","player_choice":"Gold","floor":12.0,"gold_loss":0.0,"damage_taken":0.0},{"damage_healed":0.0,"max_hp_gain":0.0,"max_hp_loss":0.0,"gold_gain":0.0,"event_name":"Masked Bandits","player_choice":"Fought Bandits","floor":24.0,"gold_loss":0.0,"damage_taken":0.0},{"damage_healed":0.0,"max_hp_gain":0.0,"max_hp_loss":0.0,"gold_gain":0.0,"event_name":"The Mausoleum","player_choice":"Opened","floor":28.0,"gold_loss":0.0,"damage_taken":0.0,"relics_obtained":["Ornamental Fan"],"cards_obtained":["Writhe"]},{"damage_healed":0.0,"max_hp_gain":0.0,"max_hp_loss":0.0,"gold_gain":0.0,"event_name":"Drug Dealer","player_choice":"Inject Mutagens","floor":31.0,"gold_loss":0.0,"damage_taken":0.0,"relics_obtained":["MutagenicStrength"]}],"is_beta":false,"boss_relics":[{"not_picked":["Runic Dome","Ectoplasm"],"picked":"Cursed Key"},{"not_picked":["Busted Crown","Black Star"],"picked":"Empty Cage"}],"items_purged_floors":[6,22,37,39],"is_endless":false,"potions_floor_spawned":[1,8,14,20,21,24,35,36],"killed_by":"Reptomancer","ascension_level":20}}