{"host":"mhzgc0zma59jtmoj","time":1612650928,"event":{"mods":["BaseMod","BetterRewards","Custom Start","Glutton Mod","Ironclad Rager","Minty Spire (QoL Compilation)","Replay The Spire","Somnambulant","StSLib","The Cursed","The Hierophant","The Jungle","The Marked","The Necromancer"],"gold_per_floor":[18,18,18,32,46,77,77,111,111,36,36,36,52,52,52,152,152,172,172,184,195,220,220,234,250,274,288,288,298,17,45,45,140,140,158,208,219,94,166,166,184,184,184],"floor_reached":42,"language":"ENG","playtime":2015,"items_purged":["Doubt","Poisoned Stab","Dodge and Roll"],"score":503,"play_id":"41aed939-46b9-4418-a146-e83ed395e483","local_time":"20210206173528","is_ascension_mode":false,"campfire_choices":[{"data":"A Thousand Cuts","floor":7,"key":"SMITH"},{"data":"Dodge and Roll","floor":11,"key":"SMITH"},{"data":"Dodge and Roll","floor":15,"key":"SMITH"},{"floor":23,"key":"REST"},{"floor":28,"key":"REST"},{"floor":32,"key":"REST"},{"floor":40,"key":"REST"}],"circlet_count":0,"master_deck":["Neutralize","Poisoned Stab","Poisoned Stab","Poisoned Stab","Poisoned Stab+1","Dodge and Roll+1","Dodge and Roll+1","Dodge and Roll+1","Dodge and Roll","A Thousand Cuts+1","Phantasmal Killer+1","Backstab","Hidden Blade+1","Hidden Blade","A Thousand Cuts","Blade Dance+1","Caltrops+1"],"relics":["Ring of the Serpent","Pantograph","Quantum Egg","TungstenRod","Black Star","Oddly Smooth Stone","Blue Doll","War Paint","Pet Ghost","Incense Burner","Unceasing Top","Dream Catcher"],"acts_visited":["Exordium","TheCity","TheBeyond"],"potions_floor_usage":[8,18,18,33,33,41,42,42],"damage_taken":[{"damage":0,"enemies":"Small Slimes","floor":1,"turns":3},{"damage":0,"enemies":"Jaw Worm","floor":4,"turns":4},{"damage":0,"enemies":"Cultist","floor":5,"turns":3},{"damage":16,"enemies":"Lagavulin","floor":6,"turns":7},{"damage":1,"enemies":"3 Sentries","floor":8,"turns":6},{"damage":0,"enemies":"Large Slime","floor":13,"turns":4},{"damage":0,"enemies":"The Guardian","floor":16,"turns":10},{"damage":9,"enemies":"Spheric Guardian","floor":18,"turns":3},{"damage":9,"enemies":"Chosen","floor":20,"turns":4},{"damage":29,"enemies":"Sentry and Sphere","floor":21,"turns":7},{"damage":5,"enemies":"Cultist and Chosen","floor":24,"turns":7},{"damage":15,"enemies":"Chosen and Byrds","floor":25,"turns":6},{"damage":5,"enemies":"Centurion and Healer","floor":27,"turns":7},{"damage":16,"enemies":"Shelled Parasite and Fungi","floor":29,"turns":7},{"damage":0,"enemies":"Replay:Snechameleon","floor":31,"turns":7},{"damage":48,"enemies":"Collector","floor":33,"turns":8},{"damage":0,"enemies":"3 Shapes","floor":35,"turns":4},{"damage":2,"enemies":"Mind Bloom Boss Battle","floor":36,"turns":6},{"damage":16,"enemies":"Orb Walker","floor":37,"turns":3},{"damage":25,"enemies":"Maw","floor":41,"turns":6},{"damage":26,"enemies":"3 Darklings","floor":42,"turns":2}],"seed_played":"-2956300341547677043","potions_obtained":[{"floor":6,"key":"Block Potion"},{"floor":8,"key":"Regen Potion"},{"floor":16,"key":"Toxic Potion"},{"floor":21,"key":"SpeedPotion"},{"floor":24,"key":"Dexterity Potion"},{"floor":25,"key":"Strength Potion"},{"floor":36,"key":"Adrenaline Potion"},{"floor":37,"key":"EntropicBrew"},{"floor":39,"key":"DuplicationPotion"}],"is_trial":false,"path_per_floor":["M","?","?","M","M","E","R","E","T","$","R","?","M","?","R","B",null,"M","?","M","M","T","R","M","M","T","M","R","M","$","E","R","B",null,"M","?","M","$","?","R","M","M"],"character_chosen":"THE_SILENT","items_purchased":["Hidden Blade+1","War Paint"],"campfire_rested":4,"item_purchase_floors":[30,30],"current_hp_per_floor":[45,45,38,38,38,22,22,21,21,21,21,42,42,36,36,61,63,59,59,50,21,21,39,34,19,19,14,32,16,16,16,34,11,63,63,61,45,45,31,49,24,0,0],"gold":184,"neow_bonus":"SILENT_ASSASSIN","is_daily":false,"chose_seed":false,"campfire_upgraded":3,"win_rate":0.0,"timestamp":1612650928,"path_taken":["M","?","?","M","M","E","R","E","T","$","R","?","M","?","R","BOSS","M","?","M","M","?","R","M","?","T","M","R","M","$","E","R","BOSS","M","?","M","$","?","R","M","M"],"items_purchased_type":["Card","Relic"],"build_version":"2020-12-22","purchased_purges":3,"victory":false,"max_hp_per_floor":[63,63,63,63,63,63,63,63,63,63,63,63,63,63,63,63,63,63,63,63,63,63,63,63,63,63,63,63,63,63,63,63,63,63,63,63,63,63,63,63,63,63,63],"card_choices":[{"not_picked":["Sucker Punch","Sneak Up","Poisoned Stab"],"picked":"SKIP","floor":1},{"not_picked":["Bouncing Flask","ReplayTheSpireMod:Tripwire","Poisoned Stab"],"picked":"SKIP","floor":4},{"not_picked":["Hidden Blade","Dodge and Roll"],"picked":"A Thousand Cuts","floor":5},{"not_picked":["Masterful Stab","Sucker Punch","Bane"],"picked":"SKIP","floor":6},{"not_picked":["Dash","Sucker Punch","Bane"],"picked":"SKIP","floor":8},{"not_picked":["Dodge and Roll","Underhanded Strike","Poisoned Stab"],"picked":"SKIP","floor":13},{"not_picked":["ReplayTheSpireMod:Necrosis","Glass Knife"],"picked":"Phantasmal Killer","floor":16},{"not_picked":["Quick Slash","Dagger Spray+1","PiercingWail"],"picked":"SKIP","floor":18},{"not_picked":["Atom Bomb","Dagger Spray","Sucker Punch"],"picked":"SKIP","floor":20},{"not_picked":["Dash","Hidden Blade","Finisher"],"picked":"SKIP","floor":21},{"not_picked":["Cloak And Dagger","Leg Sweep","Deflect"],"picked":"SKIP","floor":24},{"not_picked":["Bouncing Flask","Deflect"],"picked":"Backstab","floor":25},{"not_picked":["Skewer","Underhanded Strike","Bullet Time"],"picked":"SKIP","floor":27},{"not_picked":["Hidden Blade","Prepared","Distraction+1"],"picked":"SKIP","floor":29},{"not_picked":["Venomology","Quick Slash+1"],"picked":"Hidden Blade","floor":31},{"not_picked":["Replay:Bag of Tricks","Storm of Steel"],"picked":"A Thousand Cuts","floor":33},{"not_picked":["ReplayTheSpireMod:The Works","Dagger Throw+1"],"picked":"Blade Dance+1","floor":35},{"not_picked":["Dagger Spray+1","Deflect+1","Backflip+1"],"picked":"SKIP","floor":37},{"not_picked":["Bouncing Flask","Cloak And Dagger+1"],"picked":"Caltrops+1","floor":40},{"not_picked":["PiercingWail","Choke","Flying Knee+1"],"picked":"SKIP","floor":41}],"player_experience":250849,"relics_obtained":[{"floor":6,"key":"Quantum Egg"},{"floor":8,"key":"TungstenRod"},{"floor":22,"key":"Oddly Smooth Stone"},{"floor":26,"key":"Blue Doll"},{"floor":31,"key":"Pet Ghost"},{"floor":31,"key":"Incense Burner"},{"floor":36,"key":"Unceasing Top"},{"floor":39,"key":"Dream Catcher"}],"event_choices":[{"damage_healed":0,"gold_gain":0,"player_choice":"Success","damage_taken":7,"relics_obtained":["Pantograph"],"max_hp_gain":0,"max_hp_loss":0,"event_name":"Scrap Ooze","floor":3,"gold_loss":0},{"damage_healed":21,"gold_gain":0,"player_choice":"Banana","damage_taken":0,"max_hp_gain":0,"max_hp_loss":0,"event_name":"Big Fish","floor":12,"gold_loss":0},{"cards_removed":["Survivor"],"damage_healed":0,"gold_gain":0,"player_choice":"Card Removal","damage_taken":7,"max_hp_gain":0,"max_hp_loss":0,"event_name":"Golden Wing","floor":14,"gold_loss":0},{"damage_healed":0,"gold_gain":0,"player_choice":"Ignored","damage_taken":0,"max_hp_gain":0,"max_hp_loss":0,"event_name":"Ghosts","floor":19,"gold_loss":0},{"damage_healed":0,"gold_gain":0,"player_choice":"Fight","damage_taken":0,"max_hp_gain":0,"max_hp_loss":0,"event_name":"MindBloom","floor":36,"gold_loss":0}],"is_beta":false,"boss_relics":[{"not_picked":["HoveringKite","Painkiller Herb"],"picked":"Black Star"},{"not_picked":["Cursed Key","Replay:Fungal Core"],"picked":"Ring of the Serpent"}],"items_purged_floors":[10,30,38],"is_endless":false,"potions_floor_spawned":[6,8,16,21,24,25,31,36,37],"killed_by":"3 Darklings","ascension_level":0}}