{"host":"Jinnai","time":1612629421,"event":{"mods":["BaseMod","Bestiary","Block Reminder","Colored Map","Colored Powertips","Curses Come First","Highlight Path","Minty Spire (QoL Compilation)","Permanent Neow","Potion Indicator Mod","Quick Restart","Random Character Button","Relic Stats","StSLib","ojb\u0027s Info Mod"],"gold_per_floor":[118,136,136,150,75,108,108,108,108,118,118,144,162,162,162],"floor_reached":14,"language":"ENG","playtime":423,"items_purged":[],"score":200,"play_id":"c2fe1e7b-a4a0-4b5a-90b7-3218a3c44e7a","local_time":"20210206113701","is_ascension_mode":true,"campfire_choices":[{"data":"Fasting2","floor":7,"key":"SMITH"},{"floor":11,"key":"REST"}],"circlet_count":0,"master_deck":["AscendersBane","Strike_P","Strike_P","Strike_P+1","Strike_P","Defend_P","Defend_P","Defend_P","Eruption","Vigilance","FearNoEvil","CutThroughFate+1","Vengeance","Fasting2+1","EmptyFist","FlurryOfBlows","Prostrate"],"relics":["Black Star","Question Card","Letter Opener","Sundial","Strawberry","FossilizedHelix"],"acts_visited":["Exordium"],"potions_floor_usage":[12,13,14],"damage_taken":[{"damage":0,"enemies":"Jaw Worm","floor":1,"turns":3},{"damage":2,"enemies":"2 Louse","floor":2,"turns":3},{"damage":0,"enemies":"Cultist","floor":4,"turns":3},{"damage":14,"enemies":"Lagavulin","floor":6,"turns":5},{"damage":17,"enemies":"Looter","floor":10,"turns":3},{"damage":16,"enemies":"Gremlin Nob","floor":12,"turns":3},{"damage":0,"enemies":"2 Fungi Beasts","floor":13,"turns":2},{"damage":23,"enemies":"3 Sentries","floor":14,"turns":8}],"seed_played":"6932288969956802996","potions_obtained":[{"floor":2,"key":"Energy Potion"},{"floor":10,"key":"Ambrosia"},{"floor":12,"key":"LiquidBronze"}],"is_trial":false,"path_per_floor":["M","M","?","M","?","E","R","?","T","M","R","E","M","E"],"character_chosen":"WATCHER","items_purchased":[],"campfire_rested":1,"item_purchase_floors":[],"current_hp_per_floor":[61,59,64,64,64,50,50,28,28,11,32,23,23,0,0],"gold":162,"neow_bonus":"BOSS_RELIC","is_daily":false,"chose_seed":false,"campfire_upgraded":1,"win_rate":0.0,"timestamp":1612629421,"path_taken":["M","M","?","M","?","E","R","?","T","?","R","E","M","E"],"items_purchased_type":[],"build_version":"2020-12-18","purchased_purges":0,"victory":false,"max_hp_per_floor":[68,68,73,73,73,73,73,73,73,73,73,80,80,80,80],"relic_stats":{"counters":[8,30],"Sundial":[2],"Black Star":2,"Letter Opener":[0],"Question Card":3,"obtain_stats":[{"Sundial":9,"Strawberry":12,"Black Star":0,"Letter Opener":6,"PureWater":0,"Question Card":6,"FossilizedHelix":12},{"Sundial":4,"Strawberry":6,"Black Star":0,"Letter Opener":4,"PureWater":0,"Question Card":4,"FossilizedHelix":6},{"Sundial":14,"Strawberry":20,"Black Star":0,"Letter Opener":14,"PureWater":0,"Question Card":14,"FossilizedHelix":20}]},"card_choices":[{"not_picked":["FlurryOfBlows","FollowUp"],"picked":"FearNoEvil","floor":1},{"not_picked":["SignatureMove","ForeignInfluence"],"picked":"CutThroughFate","floor":2},{"not_picked":["ClearTheMind","ConjureBlade"],"picked":"Vengeance","floor":4},{"not_picked":["Crescendo","CutThroughFate"],"picked":"Fasting2","floor":6},{"not_picked":["Collect","Evaluate","FlurryOfBlows"],"picked":"EmptyFist","floor":10},{"not_picked":["Protect","Collect","Consecrate"],"picked":"FlurryOfBlows","floor":12},{"not_picked":["Halt","JustLucky","Study"],"picked":"Prostrate","floor":13}],"player_experience":1660675,"relics_obtained":[{"floor":6,"key":"Question Card"},{"floor":6,"key":"Letter Opener"},{"floor":9,"key":"Sundial"},{"floor":12,"key":"Strawberry"},{"floor":12,"key":"FossilizedHelix"}],"event_choices":[{"damage_healed":0,"gold_gain":0,"player_choice":"Donut","damage_taken":0,"max_hp_gain":5,"max_hp_loss":0,"event_name":"Big Fish","floor":3,"gold_loss":0},{"cards_removed":["Defend_P"],"damage_healed":0,"gold_gain":0,"player_choice":"Card Removal","damage_taken":0,"max_hp_gain":0,"max_hp_loss":0,"event_name":"The Cleric","floor":5,"gold_loss":75},{"damage_healed":0,"gold_gain":0,"player_choice":"Entered Light","damage_taken":22,"max_hp_gain":0,"max_hp_loss":0,"event_name":"Shining Light","floor":8,"gold_loss":0,"cards_upgraded":["Strike_P","CutThroughFate"]}],"is_beta":true,"boss_relics":[],"items_purged_floors":[],"is_endless":false,"potions_floor_spawned":[2,10,12],"killed_by":"3 Sentries","ascension_level":20}}