{"host":"oigynbtg272c19pw","time":1612602345,"event":{"mods":["BaseMod","Colored Map","Minty Spire (QoL Compilation)","Relic Stats","Slay the Relics Exporter","StSLib"],"gold_per_floor":[117,117,127,127,127,127,171,196,219,167,191,191,191,191],"floor_reached":13,"playtime":273,"items_purged":[],"score":216,"play_id":"1853ba82-013a-4337-8ac4-8e898bef12db","local_time":"20210206100545","is_ascension_mode":true,"campfire_choices":[{"data":"Crippling Poison","floor":6,"key":"SMITH"},{"data":"Crippling Poison","floor":12,"key":"SMITH"}],"circlet_count":0,"master_deck":["AscendersBane","Strike_G","Strike_G","Strike_G","Strike_G","Defend_G","Defend_G","Defend_G","Defend_G","Survivor","Neutralize","Crippling Poison+1","Backflip","Acrobatics","Crippling Poison+1","PiercingWail"],"relics":["Ring of the Snake","NeowsBlessing","Golden Idol","Boot","Centennial Puzzle","The Specimen"],"acts_visited":["Exordium"],"potions_floor_usage":[13],"damage_taken":[{"damage":0,"enemies":"2 Louse","floor":1,"turns":1},{"damage":0,"enemies":"Cultist","floor":3,"turns":1},{"damage":0,"enemies":"Lagavulin","floor":7,"turns":1},{"damage":0,"enemies":"Jaw Worm","floor":8,"turns":5},{"damage":2,"enemies":"Blue Slaver","floor":11,"turns":5},{"damage":24,"enemies":"Gremlin Nob","floor":13,"turns":4}],"seed_played":"8339674291578046730","potions_obtained":[{"floor":1,"key":"Weak Potion"},{"floor":3,"key":"Swift Potion"}],"is_trial":false,"path_per_floor":["M","?","M","?","?","R","E","M","T","?","M","R","E"],"character_chosen":"THE_SILENT","items_purchased":[],"campfire_rested":0,"item_purchase_floors":[],"current_hp_per_floor":[59,59,59,36,29,29,29,29,29,29,27,27,3,3],"gold":191,"neow_bonus":"THREE_ENEMY_KILL","is_daily":false,"chose_seed":false,"campfire_upgraded":2,"win_rate":0.0,"timestamp":1612602345,"path_taken":["M","?","?","?","?","R","E","?","T","?","?","R","E"],"items_purchased_type":[],"build_version":"2020-12-13","purchased_purges":0,"victory":false,"max_hp_per_floor":[66,66,66,66,66,66,66,66,66,66,66,66,66,66],"relic_stats":{"Centennial Puzzle":[6],"counters":[6,17],"Golden Idol":19,"Boot":[20],"obtain_stats":[{"Centennial Puzzle":9,"NeowsBlessing":0,"The Specimen":10,"Golden Idol":4,"Boot":7,"Ring of the Snake":0},{"Centennial Puzzle":4,"NeowsBlessing":0,"The Specimen":4,"Golden Idol":2,"Boot":3,"Ring of the Snake":0},{"Centennial Puzzle":8,"NeowsBlessing":0,"The Specimen":8,"Golden Idol":2,"Boot":3,"Ring of the Snake":0}],"Ring of the Snake":[12]},"card_choices":[{"not_picked":["Dodge and Roll","Infinite Blades"],"picked":"Crippling Poison","floor":1},{"not_picked":["Underhanded Strike","PiercingWail"],"picked":"Backflip","floor":3},{"not_picked":["PiercingWail","Sucker Punch"],"picked":"Acrobatics","floor":7},{"not_picked":["Caltrops","Quick Slash"],"picked":"Crippling Poison","floor":8},{"not_picked":["Dagger Spray","Flying Knee"],"picked":"PiercingWail","floor":11}],"player_experience":1549165,"relics_obtained":[{"floor":7,"key":"Boot"},{"floor":9,"key":"Centennial Puzzle"}],"event_choices":[{"cards_removed":["Strike_G"],"damage_healed":0,"gold_gain":0,"player_choice":"Purged","damage_taken":0,"max_hp_gain":0,"max_hp_loss":0,"event_name":"Purifier","floor":2,"gold_loss":0},{"damage_healed":0,"gold_gain":0,"player_choice":"Take Damage","damage_taken":23,"relics_obtained":["Golden Idol"],"max_hp_gain":0,"max_hp_loss":0,"event_name":"Golden Idol","floor":4,"gold_loss":0},{"cards_removed":["Defend_G"],"damage_healed":0,"gold_gain":0,"player_choice":"Card Removal","damage_taken":7,"max_hp_gain":0,"max_hp_loss":0,"event_name":"Golden Wing","floor":5,"gold_loss":0},{"damage_healed":0,"gold_gain":0,"player_choice":"Paid Gold","damage_taken":0,"relics_obtained":["The Specimen"],"max_hp_gain":0,"max_hp_loss":0,"event_name":"WeMeetAgain","floor":10,"gold_loss":52}],"is_beta":false,"boss_relics":[],"items_purged_floors":[],"is_endless":false,"potions_floor_spawned":[1,3,11],"killed_by":"Gremlin Nob","ascension_level":20}}