{"host":"baymyijz6sxaqj5s","time":1612601803,"event":{"mods":["AchievementEnabler","BaseMod","Colored Map","Colored Powertips","DeckTracker","Highlight Path","KOR Keyword Fix","Keyboard Shortcuts","Minty Spire (QoL Compilation)","StSLib","SuperFastMode","everything is the same but u backflip on backflip"],"gold_per_floor":[117,117,117,130,198,198,213,225,249,264,264,264,264,364,364,462,462,473,456,456,473,330,330,330],"floor_reached":23,"language":"KOR","playtime":671,"items_purged":["Envenom"],"score":208,"play_id":"42af1218-cf0c-4ca1-94aa-12d9f489c8f4","local_time":"20210206175643","is_ascension_mode":true,"campfire_choices":[{"data":"Deadly Poison","floor":6,"key":"SMITH"},{"data":"Blur","floor":11,"key":"SMITH"},{"floor":13,"key":"REST"},{"data":"Neutralize","floor":15,"key":"SMITH"}],"circlet_count":0,"master_deck":["Strike_G","Strike_G","Strike_G","Strike_G","Defend_G","Defend_G","Defend_G","Defend_G","Defend_G","Survivor+1","Neutralize+1","Deadly Poison+1","Blur+1","Deadly Poison","Outmaneuver+1","Backflip","Catalyst"],"relics":["Ring of the Snake","Singing Bowl","Centennial Puzzle","Runic Pyramid"],"acts_visited":["Exordium","TheCity"],"potions_floor_usage":[8,16,19,23],"damage_taken":[{"damage":0,"enemies":"Small Slimes","floor":1,"turns":5},{"damage":12,"enemies":"Jaw Worm","floor":4,"turns":9},{"damage":0,"enemies":"Cultist","floor":7,"turns":4},{"damage":1,"enemies":"2 Fungi Beasts","floor":8,"turns":3},{"damage":16,"enemies":"Lots of Slimes","floor":10,"turns":5},{"damage":44,"enemies":"Hexaghost","floor":16,"turns":14},{"damage":0,"enemies":"Chosen","floor":18,"turns":6},{"damage":17,"enemies":"2 Thieves","floor":19,"turns":4},{"damage":15,"enemies":"Cultist and Chosen","floor":21,"turns":8},{"damage":51,"enemies":"Book of Stabbing","floor":23,"turns":7}],"seed_played":"6127345606128313667","potions_obtained":[{"floor":1,"key":"SteroidPotion"},{"floor":7,"key":"Energy Potion"},{"floor":10,"key":"CunningPotion"},{"floor":19,"key":"AttackPotion"}],"is_trial":false,"path_per_floor":["M","?","?","M","T","R","M","M","T","M","R","$","R","?","R","B",null,"M","M","?","M","$","E"],"character_chosen":"THE_SILENT","items_purchased":["Catalyst"],"campfire_rested":1,"item_purchase_floors":[22],"current_hp_per_floor":[77,77,77,65,65,65,67,66,66,52,52,52,76,76,76,34,83,83,66,66,51,51,0,0],"gold":330,"neow_bonus":"TEN_PERCENT_HP_BONUS","is_daily":false,"chose_seed":false,"campfire_upgraded":3,"win_rate":0.0,"timestamp":1612601803,"path_taken":["M","?","?","M","?","R","M","M","T","M","R","$","R","?","R","BOSS","M","?","?","M","$","E"],"items_purchased_type":["Card"],"build_version":"2020-12-22","purchased_purges":1,"victory":false,"max_hp_per_floor":[77,77,77,77,77,77,79,79,79,81,81,81,81,81,81,83,83,83,83,83,83,83,83,83],"card_choices":[{"not_picked":["PiercingWail","Bane","Flying Knee"],"picked":"SKIP","floor":1},{"not_picked":["Outmaneuver","Cloak And Dagger"],"picked":"Deadly Poison","floor":4},{"not_picked":["Flying Knee","Quick Slash","Prepared"],"picked":"Singing Bowl","floor":7},{"not_picked":["Underhanded Strike","Outmaneuver"],"picked":"Blur","floor":8},{"not_picked":["Blade Dance","Phantasmal Killer","Prepared"],"picked":"Singing Bowl","floor":10},{"not_picked":["Storm of Steel","Unload","A Thousand Cuts"],"picked":"Singing Bowl","floor":16},{"not_picked":["Prepared+1","Outmaneuver"],"picked":"Deadly Poison","floor":18},{"not_picked":["Setup","Dash"],"picked":"Outmaneuver+1","floor":19},{"not_picked":["Choke","Outmaneuver"],"picked":"Backflip","floor":21}],"player_experience":77913,"relics_obtained":[{"floor":5,"key":"Singing Bowl"},{"floor":9,"key":"Centennial Puzzle"}],"event_choices":[{"damage_healed":0,"gold_gain":0,"player_choice":"Ignored","damage_taken":0,"max_hp_gain":0,"max_hp_loss":0,"event_name":"Golden Idol","floor":2,"gold_loss":0},{"damage_healed":0,"gold_gain":0,"player_choice":"Grow","damage_taken":0,"max_hp_gain":0,"max_hp_loss":0,"event_name":"Living Wall","floor":3,"gold_loss":0,"cards_upgraded":["Survivor"]},{"damage_healed":0,"gold_gain":100,"player_choice":"Pray","damage_taken":0,"max_hp_gain":0,"max_hp_loss":0,"event_name":"Golden Shrine","floor":14,"gold_loss":0},{"damage_healed":0,"gold_gain":0,"cards_transformed":["Strike_G"],"player_choice":"Transformed","damage_taken":0,"max_hp_gain":0,"max_hp_loss":0,"event_name":"Transmorgrifier","floor":20,"gold_loss":0,"cards_obtained":["Envenom"]}],"is_beta":false,"boss_relics":[{"not_picked":["WristBlade","Black Star"],"picked":"Runic Pyramid"}],"items_purged_floors":[22],"is_endless":false,"potions_floor_spawned":[1,7,10,19],"killed_by":"Book of Stabbing","ascension_level":3}}