{"host":"1pkwkj8mkn7raipg","time":1612625159,"event":{"mods":["BaseMod","LagranYue(¿≠∏Ò¿ °§‘¬)","Minty Spire (QoL Compilation)","Replay The Spire","StSLib","TestMod","Youmu£®ªÍ∆«—˝√Œ£©"],"gold_per_floor":[118,43,43,61,81,109,109,144,169,169,169,189,168,183,183,286,286,302,55,55,55,71,71,102,102,177,203,203,203,203,235,235,332,332,353,353,153,184,184,184,214,214,214,214,232,232,271,294,294,308],"floor_reached":51,"language":"ZHS","playtime":2770,"items_purged":["Strike_B","Sickly","Overencumbered","Defend_B"],"score":969,"play_id":"3435b33f-f0ce-4ba1-9900-35c21fc9cf5d","local_time":"20210206232559","is_ascension_mode":true,"campfire_choices":[{"data":"Zap","floor":7,"key":"SMITH"},{"floor":10,"key":"REST"},{"floor":15,"key":"REST"},{"data":"Dualcast","floor":23,"key":"SMITH"},{"data":"Rainbow","floor":25,"key":"SMITH"},{"data":"Recycle","floor":28,"key":"SMITH"},{"data":"BasicCrystalCard","floor":30,"key":"SMITH"},{"data":"Hologram","floor":40,"key":"SMITH"},{"data":"Loop","floor":42,"key":"SMITH"},{"data":"Coolheaded","floor":44,"key":"SMITH"},{"data":"Coolheaded","floor":46,"key":"SMITH"},{"data":"ReplayRNGCard","floor":49,"key":"SMITH"}],"circlet_count":0,"master_deck":["Strike_B+1","Strike_B+1","Defend_B","Defend_B","Defend_B","Zap+1","Dualcast+1","Recycle+1","Coolheaded+1","Machine Learning","Ball Lightning","Self Repair","FIFO Queue","Rainbow+1","Coolheaded+1","Loop+1","BasicCrystalCard+1","Glacier","Thunder Strike","Defragment","Auto Shields","Electrodynamics","Compile Driver+1","Hologram+1","Consume","Parasite","ReplayRNGCard+1"],"relics":["Cracked Core","testmod-TestBox","LagranYue:RandomDrawCardRelic","testmod-Justice","Pet Ghost","Ring of Shattering","Replay:Rubber Ducky","Replay:Bandana","Gremlin Food","ReplayTheSpireMod:CursedCoin","LagranYue:SoulBurningRelic","ReplayTheSpireMod:Lightbulb","Bottled Lightning","testmod-Maize","testmod-StringDisintegrator","DataDisk","LagranYue:WskJewelryRelic","Frozen Egg 2"],"acts_visited":["Exordium","TheCity","TheBeyond"],"potions_floor_usage":[6,16,24,27,31,38,48,50,50],"damage_taken":[{"damage":1.0,"enemies":"Cultist","floor":1.0,"turns":3.0},{"damage":0,"enemies":"2 Louse","floor":4,"turns":1},{"damage":10,"enemies":"Jaw Worm","floor":5,"turns":2},{"damage":13,"enemies":"Replay:BlueRogue","floor":6,"turns":4},{"damage":40,"enemies":"Gremlin Nob","floor":8,"turns":5},{"damage":5,"enemies":"Large Slime","floor":12,"turns":4},{"damage":3,"enemies":"Looter","floor":14,"turns":3},{"damage":0,"enemies":"Fading Forest","floor":16,"turns":11},{"damage":0,"enemies":"Spheric Guardian","floor":18,"turns":3},{"damage":0,"enemies":"3 Byrds","floor":22,"turns":6},{"damage":27,"enemies":"Gremlin Leader","floor":24,"turns":8},{"damage":19,"enemies":"3 Cultists","floor":27,"turns":5},{"damage":1,"enemies":"Book of Stabbing","floor":31,"turns":5},{"damage":0,"enemies":"Champ","floor":33,"turns":8},{"damage":0,"enemies":"Orb Walker","floor":35,"turns":3},{"damage":0,"enemies":"3 Shapes","floor":38,"turns":3},{"damage":12,"enemies":"R_Hoarder","floor":41,"turns":8},{"damage":0,"enemies":"Writhing Mass","floor":45,"turns":4},{"damage":0,"enemies":"Giant Head","floor":47,"turns":7},{"damage":3,"enemies":"Spire Growth","floor":48,"turns":6},{"damage":39,"enemies":"Replay:Hell Engine","floor":50,"turns":13}],"seed_played":"-1585175005558459054","potions_obtained":[{"floor":4,"key":"FocusPotion"},{"floor":12,"key":"Strength Potion"},{"floor":16,"key":"Fire Potion"},{"floor":18,"key":"GamblersBrew"},{"floor":24,"key":"Fire Potion"},{"floor":33,"key":"Adrenaline Potion"},{"floor":41,"key":"ColorlessPotion"},{"floor":45,"key":"LiquidMemories"},{"floor":48,"key":"Fire Potion"}],"is_trial":false,"path_per_floor":["M","$","?","M","M","E","R","E","T","R","?","M","$","M","R","B",null,"M","$","?","$","M","R","E","R","T","M","R","?","R","E","R","B",null,"M","?","$","M","?","R","E","R","T","R","M","R","E","M","R","B",null],"character_chosen":"DEFECT","items_purchased":["ReplayTheSpireMod:CursedCoin","Self Repair","Loop","BasicCrystalCard","Hologram"],"campfire_rested":2,"item_purchase_floors":[13,13,19,19,37],"current_hp_per_floor":[67,67,67,67,57,44,44,4,4,26,26,21,21,25,47,62,71,75,75,75,75,75,75,54,54,54,41,41,41,41,46,46,52,68,68,68,68,74,67,67,61,61,61,61,67,67,73,75,75,42],"gold":308,"neow_bonus":"RANDOM_COMMON_RELIC","is_daily":false,"chose_seed":false,"campfire_upgraded":10,"win_rate":0.0,"timestamp":1612625159,"path_taken":["M","?","?","M","M","E","R","E","T","R","?","?","$","M","R","BOSS","M","$","?","$","M","R","E","R","T","M","R","?","R","E","R","BOSS","M","?","$","M","?","R","E","R","T","R","?","R","E","M","R","BOSS"],"items_purchased_type":["Relic","Card","Card","Card","Card"],"build_version":"2020-12-22","purchased_purges":4,"victory":true,"max_hp_per_floor":[75,75,75,75,75,75,75,75,75,75,75,75,75,75,75,75,75,75,75,75,75,75,75,75,75,75,75,75,75,75,75,75,75,75,75,75,75,75,75,75,75,75,75,75,75,75,75,75,75,75],"card_choices":[{"not_picked":["Steam","Turbo","Sweeping Beam"],"picked":"SKIP","floor":1.0},{"not_picked":["Time Bomb","Rebound","Barrage"],"picked":"SKIP","floor":4},{"not_picked":["Stack","ReplaySolidLightProjector"],"picked":"Recycle","floor":5},{"not_picked":["Reinforced Body","Hologram"],"picked":"Coolheaded","floor":6},{"not_picked":["Rebound","Reprogram"],"picked":"Machine Learning","floor":8},{"not_picked":["Undo","Sweeping Beam"],"picked":"Ball Lightning","floor":12},{"not_picked":["Hologram","Go for the Eyes"],"picked":"FIFO Queue","floor":14},{"not_picked":["Biased Cognition","Meteor Strike"],"picked":"Rainbow","floor":16},{"not_picked":["Ball Lightning","ReplaySolidLightProjector"],"picked":"Coolheaded","floor":18},{"not_picked":["Leap","Hello World"],"picked":"Glacier","floor":22},{"not_picked":["Beam Cell","Go for the Eyes","Hello World"],"picked":"SKIP","floor":24},{"not_picked":["ReplayTheSpireMod:Reroute Power","Panic Button+1","Stack"],"picked":"SKIP","floor":27},{"not_picked":["Darkness","Cold Snap"],"picked":"Defragment","floor":31},{"not_picked":["ReplayTheSpireMod:Omega Cannon","Thunder Strike"],"picked":"Electrodynamics","floor":33},{"not_picked":["Fusion","Darkness+1"],"picked":"Compile Driver+1","floor":35},{"not_picked":["Steam Power+1","Genetic Algorithm+1","Coolheaded+1"],"picked":"SKIP","floor":38},{"not_picked":["Capacitor+1","Undo+1"],"picked":"Consume","floor":41},{"not_picked":["Stack+1","Rebound+1","ReplayTheSpireMod:GoodbyeWorld+1"],"picked":"SKIP","floor":45},{"not_picked":["Capacitor+1","Gash+1"],"picked":"ReplayRNGCard","floor":47},{"not_picked":["ReplayGash+1","Chaos","Stack"],"picked":"SKIP","floor":48}],"player_experience":412981,"relics_obtained":[{"floor":3,"key":"Ring of Shattering"},{"floor":6,"key":"Replay:Rubber Ducky"},{"floor":8,"key":"Replay:Bandana"},{"floor":9,"key":"Gremlin Food"},{"floor":24,"key":"ReplayTheSpireMod:Lightbulb"},{"floor":26,"key":"Bottled Lightning"},{"floor":31,"key":"testmod-Maize"},{"floor":41,"key":"DataDisk"},{"floor":43,"key":"LagranYue:WskJewelryRelic"},{"floor":47,"key":"Frozen Egg 2"}],"event_choices":[{"damage_healed":0,"gold_gain":0,"player_choice":"0 cards matched","damage_taken":0,"max_hp_gain":0,"max_hp_loss":0,"event_name":"Match and Keep!","floor":11,"gold_loss":0,"cards_obtained":[]},{"damage_healed":0,"gold_gain":0,"player_choice":"Ignored","damage_taken":0,"max_hp_gain":0,"max_hp_loss":0,"event_name":"Ghosts","floor":20,"gold_loss":0},{"damage_healed":0,"gold_gain":0,"player_choice":"Read","damage_taken":0,"max_hp_gain":0,"max_hp_loss":0,"event_name":"The Library","floor":29,"gold_loss":0,"cards_obtained":["Thunder Strike"]},{"damage_healed":0,"gold_gain":0,"player_choice":"Ignored","damage_taken":0,"max_hp_gain":0,"max_hp_loss":0,"event_name":"Tomb of Lord Red Mask","floor":36,"gold_loss":0},{"damage_healed":0,"gold_gain":0,"player_choice":"Damaged","damage_taken":7,"max_hp_gain":0,"max_hp_loss":0,"event_name":"Wheel of Change","floor":39,"gold_loss":0}],"is_beta":false,"boss_relics":[{"not_picked":["LagranYue:ContractPerformanceRelic","Astrolabe"],"picked":"LagranYue:SoulBurningRelic"},{"not_picked":["testmod-Fanaticism","testmod-Recursion"],"picked":"testmod-StringDisintegrator"}],"items_purged_floors":[2,13,19,37],"is_endless":false,"potions_floor_spawned":[4,12,16,18,24,33,41,45,48],"ascension_level":8}}