{"host":"o3b7ow6d1xe49css","time":1612593800,"event":{"mods":["Act Like it!","Aspiration","BaseMod","Bestiary","Better Altar","Better Match","Better Note","Better Sensory Stone","Better Skull","Better Third Choice","Colored Powertips","Conspire","Energized Spire","Force Act Four","GifTheSpireLib","Halation","Hermit","Hubris","Infinite Spire","Lobotomy","Minty Spire (QoL Compilation)","Quick Restart","Rare Cards Sparkle","Relic Filter Mod","Reliquary","Replay The Spire","Spicy Shops","Spikes Relics","Spire Arcade","StSLib","Stuff the Spire","The Blue Laboratory","Wandering Minibosses"],"gold_per_floor":[110,120,139,151,151,151,151,151],"floor_reached":7,"language":"ENG","playtime":180,"items_purged":[],"score":54,"play_id":"eb357738-5dfb-4381-9c9b-09caf6a44b3e","local_time":"20210205214320","daily_mods":["Heirloom","Flight"],"is_ascension_mode":true,"campfire_choices":[{"data":"Zap","floor":6,"key":"SMITH"}],"circlet_count":0,"master_deck":["Strike_B","Strike_B","Strike_B","Strike_B","Defend_B","Defend_B","Defend_B","Defend_B","Zap+1","Dualcast","Lockon+1","Conserve Battery","StuffTheSpire:Plugnplay","Scorched"],"relics":["Cracked Core","Ring of Chaos","hubris:GlazedTorus","CogitoBucket"],"acts_visited":["Exordium"],"potions_floor_usage":[4],"damage_taken":[{"damage":7,"enemies":"Jaw Worm","floor":1,"turns":4},{"damage":1,"enemies":"Cultist","floor":2,"turns":3},{"damage":0,"enemies":"2 Louse","floor":3,"turns":2},{"damage":12,"enemies":"Exordium Thugs","floor":4,"turns":5},{"damage":7,"enemies":"Gremlin Nob","floor":7,"turns":3}],"seed_played":"3283327917818904718","potions_obtained":[{"floor":3,"key":"blueLaboratory:PhilterOfMotion"}],"is_trial":true,"path_per_floor":["M","M","M","M","?","R","E"],"character_chosen":"DEFECT","items_purchased":[],"campfire_rested":0,"item_purchase_floors":[],"current_hp_per_floor":[68,67,67,55,55,55,48,48],"gold":151,"neow_bonus":"","is_daily":false,"chose_seed":false,"campfire_upgraded":1,"win_rate":0.0,"timestamp":1612593800,"path_taken":["M","M","M","M","?","R","E"],"items_purchased_type":[],"build_version":"2020-12-22","purchased_purges":0,"victory":false,"max_hp_per_floor":[75,75,75,75,75,75,75,75],"card_choices":[{"not_picked":["ReplayTheSpireMod:Reroute Power","Hologram"],"picked":"Lockon","floor":1},{"not_picked":["OSAHOGD","WallGazer","QueenOfHatred"],"picked":"Singing Bowl","floor":1},{"not_picked":["Panic Button","StuffTheSpire:LoadUp"],"picked":"Conserve Battery","floor":2},{"not_picked":["Alriune","Scorched","Wellcheers"],"picked":"Singing Bowl","floor":2},{"not_picked":["StuffTheSpire:ShieldGenerator","Streamline","ReplayTheSpireMod:Repulse"],"picked":"SKIP","floor":3},{"not_picked":["Leap","Hello World"],"picked":"StuffTheSpire:Plugnplay","floor":4},{"not_picked":["MeatLantern","LaLuna"],"picked":"Scorched","floor":4}],"player_experience":1306846,"relics_obtained":[],"event_choices":[],"is_beta":false,"boss_relics":[],"items_purged_floors":[],"is_endless":false,"potions_floor_spawned":[3],"killed_by":"Gremlin Nob","ascension_level":5}}