{"host":"630px4nyj50z5id8","time":1612619446,"event":{"mods":["BaseMod","Better Note","Colored Powertips","Good Game Mod","Minty Spire (QoL Compilation)","Quick Restart","Rare Cards Sparkle","Relic Filter Mod","Replay The Spire","StSLib","Waifu the Spire"],"gold_per_floor":[113,113,38,51,51,84,6,40,65,65,85,85,85,85,85],"floor_reached":14,"language":"ZHS","playtime":348,"items_purged":[],"score":230,"play_id":"01fa33f8-4ce3-4c0b-888e-98c59960d253","local_time":"20210206215046","is_ascension_mode":true,"campfire_choices":[{"data":"Tools of the Trade","floor":12,"key":"SMITH"}],"circlet_count":0,"master_deck":["AscendersBane","Blade Dance+1","Strike_G","Strike_G","Strike_G","Strike_G","Defend_G","Defend_G","Defend_G","Defend_G","Defend_G","Survivor","Neutralize","Establishment","Replay:Poison Smokescreen","Underhanded Strike","Tools of the Trade+1","ReplayTheSpireMod:The Works","ReplayTheSpireMod:Necrosis","Acrobatics"],"relics":["Ring of the Snake","REME:ComplimentaryCards","NeowsBlessing","Ring of Fangs","Happy Flower","Akabeko","Blood Vial","Golden Idol"],"acts_visited":["Exordium"],"potions_floor_usage":[],"damage_taken":[{"damage":0.0,"enemies":"Small Slimes","floor":1.0,"turns":1.0},{"damage":0.0,"enemies":"Jaw Worm","floor":4.0,"turns":1.0},{"damage":0.0,"enemies":"3 Sentries","floor":6.0,"turns":2.0},{"damage":34.0,"enemies":"Lagavulin","floor":8.0,"turns":9.0},{"damage":0,"enemies":"2 Louse","floor":11,"turns":3},{"damage":45,"enemies":"Gremlin Nob","floor":14,"turns":3}],"seed_played":"-7557141907305581568","potions_obtained":[{"floor":1.0,"key":"Weak Potion"},{"floor":6.0,"key":"PowerPotion"},{"floor":8.0,"key":"Elixir"}],"is_trial":false,"path_per_floor":["M","?","?","M","?","E","$","E","T","$","M","R","?","E"],"character_chosen":"THE_SILENT","items_purchased":["ReplayTheSpireMod:The Works"],"campfire_rested":0,"item_purchase_floors":[7],"current_hp_per_floor":[59,59,59,59,66,66,66,32,32,32,62,62,39,0,0],"gold":85,"neow_bonus":"THREE_ENEMY_KILL","is_daily":false,"chose_seed":false,"campfire_upgraded":1,"win_rate":0.0,"timestamp":1612619446,"path_taken":["M","?","?","?","?","E","$","E","T","?","E","R","?","E"],"items_purchased_type":["Card"],"build_version":"2020-12-22","purchased_purges":0,"victory":false,"max_hp_per_floor":[66,66,66,66,66,66,66,66,66,66,66,66,66,66,66],"card_choices":[{"not_picked":["Backstab","Flying Knee"],"picked":"Replay:Poison Smokescreen","floor":1.0},{"not_picked":["Sucker Punch","Tactician"],"picked":"Underhanded Strike","floor":4.0},{"not_picked":["PiercingWail","Predator"],"picked":"Tools of the Trade","floor":6.0},{"not_picked":["Dash","Sneak Up"],"picked":"ReplayTheSpireMod:Necrosis","floor":8.0},{"not_picked":["Dagger Throw","Underhanded Strike"],"picked":"Acrobatics","floor":11}],"player_experience":410451,"relics_obtained":[{"floor":2.0,"key":"Ring of Fangs"},{"floor":6.0,"key":"Happy Flower"},{"floor":8.0,"key":"Akabeko"},{"floor":9.0,"key":"Blood Vial"}],"event_choices":[{"cards_removed":["Sickly"],"damage_healed":0.0,"max_hp_gain":0.0,"max_hp_loss":0.0,"gold_gain":0.0,"event_name":"The Cleric","player_choice":"Card Removal","floor":3.0,"gold_loss":75.0,"damage_taken":0.0},{"damage_healed":7.0,"max_hp_gain":0.0,"max_hp_loss":0.0,"gold_gain":0.0,"event_name":"Wheel of Change","player_choice":"Full Heal","floor":5.0,"gold_loss":0.0,"damage_taken":0.0},{"damage_healed":0,"gold_gain":0,"player_choice":"Take Damage","damage_taken":23,"relics_obtained":["Golden Idol"],"max_hp_gain":0,"max_hp_loss":0,"event_name":"Golden Idol","floor":13,"gold_loss":0}],"is_beta":false,"boss_relics":[],"items_purged_floors":[],"is_endless":false,"potions_floor_spawned":[1,6,8],"killed_by":"Gremlin Nob","ascension_level":18}}