{"host":"6q6idgl71g9ab7at","time":1612589109,"event":{"mods":["BaseMod","Minty Spire (QoL Compilation)","StSLib","SuperFastMode"],"gold_per_floor":[109,109,109,59,59,59,89,89,89,89,124,136,162,178,178,274,324,335,32,43,43,55,55,55,55],"floor_reached":24,"language":"KOR","playtime":357,"items_purged":[],"score":262,"play_id":"f0d5f56e-d238-4464-9b88-6a1358df00b2","local_time":"20210206142509","is_ascension_mode":false,"campfire_choices":[{"data":"Zap","floor":6.0,"key":"SMITH"},{"data":"Dualcast","floor":8.0,"key":"SMITH"},{"data":"Machine Learning","floor":15,"key":"SMITH"},{"data":"Redo","floor":23,"key":"SMITH"}],"circlet_count":0,"master_deck":["Strike_B","Strike_B","Strike_B+1","Defend_B","Defend_B+1","Defend_B","Defend_B+1","Zap+1","Dualcast+1","Ball Lightning","Hologram","Redo","Redo","Machine Learning+1","Coolheaded","Biased Cognition","Stack","Ball Lightning","Biased Cognition","Redo+1","Heatsinks","Reboot","Coolheaded","Coolheaded+1","Creative AI+1"],"relics":["Cracked Core","NeowsBlessing","WingedGreaves","Kunai","Ancient Tea Set","Singing Bowl","Meat on the Bone","Bottled Lightning","Tiny House","Orrery"],"acts_visited":["Exordium","TheCity"],"potions_floor_usage":[24,24],"damage_taken":[{"damage":0.0,"enemies":"Cultist","floor":1.0,"turns":1.0},{"damage":0.0,"enemies":"3 Sentries","floor":7.0,"turns":1.0},{"damage":0.0,"enemies":"Gremlin Nob","floor":11.0,"turns":1.0},{"damage":6.0,"enemies":"Jaw Worm","floor":12.0,"turns":2.0},{"damage":23.0,"enemies":"Lagavulin","floor":13.0,"turns":5.0},{"damage":0,"enemies":"2 Louse","floor":14,"turns":2},{"damage":17,"enemies":"The Guardian","floor":16,"turns":8},{"damage":37,"enemies":"3 Byrds","floor":18,"turns":5},{"damage":24,"enemies":"2 Thieves","floor":20,"turns":3},{"damage":11,"enemies":"Chosen and Byrds","floor":22,"turns":6},{"damage":43,"enemies":"Slavers","floor":24,"turns":2}],"seed_played":"2942373000866640936","potions_obtained":[{"floor":7.0,"key":"PotionOfCapacity"},{"floor":10.0,"key":"Fruit Juice"},{"floor":10.0,"key":"PotionOfCapacity"},{"floor":10.0,"key":"AttackPotion"},{"floor":13,"key":"Swift Potion"}],"is_trial":false,"path_per_floor":["M","?","?","?","T","R","E","R","T","?","E","M","E","M","R","B",null,"M","$","M","?","M","R","E"],"character_chosen":"DEFECT","items_purchased":["Biased Cognition","Orrery"],"campfire_rested":0,"item_purchase_floors":[19,19],"current_hp_per_floor":[75,60,48,48,48,48,48,48,48,53,53,47,36,48,48,43,85,48,48,36,36,39,39,0,0],"gold":55,"neow_bonus":"THREE_ENEMY_KILL","is_daily":false,"chose_seed":false,"campfire_upgraded":4,"win_rate":0.0,"timestamp":1612589109,"path_taken":["M","?","?","?","?","R","E","R","T","?","E","?","E","M","R","BOSS","M","?","?","?","?","R","E"],"items_purchased_type":["Card","Relic"],"build_version":"2020-12-22","purchased_purges":0,"victory":false,"max_hp_per_floor":[75,75,75,75,75,75,75,75,75,80,80,80,80,80,80,80,85,85,85,85,85,87,87,87,87],"card_choices":[{"not_picked":["Steam","Blizzard"],"picked":"Ball Lightning","floor":1.0},{"not_picked":["Stack","Leap"],"picked":"Hologram","floor":7.0},{"not_picked":["FTL","Coolheaded"],"picked":"Redo","floor":11.0},{"not_picked":["Hologram","Glacier"],"picked":"Redo","floor":12.0},{"not_picked":["Gash","Blizzard"],"picked":"Machine Learning","floor":13},{"not_picked":["Sweeping Beam","Cold Snap"],"picked":"Coolheaded","floor":14},{"not_picked":["Rainbow","Amplify"],"picked":"Biased Cognition","floor":16},{"not_picked":["Compile Driver","Hello World"],"picked":"Stack","floor":17},{"not_picked":["BootSequence","Compile Driver"],"picked":"Ball Lightning","floor":18},{"not_picked":["Ball Lightning","Darkness"],"picked":"Redo","floor":19},{"not_picked":["Cold Snap","Conserve Battery"],"picked":"Heatsinks","floor":19},{"not_picked":["Redo","Static Discharge"],"picked":"Reboot","floor":19},{"not_picked":["Cold Snap","Steam Power+1"],"picked":"Coolheaded","floor":19},{"not_picked":["Scrape+1","Redo"],"picked":"Coolheaded+1","floor":19},{"not_picked":["Auto Shields","Aggregate+1"],"picked":"Creative AI","floor":20},{"not_picked":["Compile Driver+1","Coolheaded","Conserve Battery+1"],"picked":"Singing Bowl","floor":22}],"player_experience":16567,"relics_obtained":[{"floor":5.0,"key":"Kunai"},{"floor":7.0,"key":"Ancient Tea Set"},{"floor":9.0,"key":"Singing Bowl"},{"floor":11.0,"key":"Meat on the Bone"},{"floor":13,"key":"Bottled Lightning"}],"event_choices":[{"damage_healed":0.0,"max_hp_gain":0.0,"max_hp_loss":0.0,"gold_gain":0.0,"event_name":"Shining Light","player_choice":"Entered Light","floor":2.0,"gold_loss":0.0,"damage_taken":15.0,"cards_upgraded":["Strike_B","Defend_B"]},{"damage_healed":0.0,"max_hp_gain":0.0,"max_hp_loss":0.0,"gold_gain":0.0,"event_name":"Scrap Ooze","player_choice":"Success","floor":3.0,"gold_loss":0.0,"damage_taken":12.0,"relics_obtained":["WingedGreaves"]},{"cards_removed":["Strike_B"],"damage_healed":0.0,"max_hp_gain":0.0,"max_hp_loss":0.0,"gold_gain":0.0,"event_name":"The Cleric","player_choice":"Card Removal","floor":4.0,"gold_loss":50.0,"damage_taken":0.0},{"damage_healed":0.0,"max_hp_gain":0.0,"max_hp_loss":0.0,"gold_gain":0.0,"event_name":"Lab","player_choice":"Got Potions","floor":10.0,"gold_loss":0.0,"damage_taken":0.0},{"damage_healed":0,"gold_gain":0,"player_choice":"Upgraded","damage_taken":0,"max_hp_gain":0,"max_hp_loss":0,"event_name":"Upgrade Shrine","floor":21,"gold_loss":0,"cards_upgraded":["Creative AI"]}],"is_beta":false,"boss_relics":[{"not_picked":["Snecko Eye","Nuclear Battery"],"picked":"Tiny House"}],"items_purged_floors":[],"is_endless":false,"potions_floor_spawned":[7,13,20],"killed_by":"Slavers","ascension_level":0}}