{"host":"aj7el8l5kufbk20z","time":1612582557,"event":{"mods":["AchievementEnabler","BaseMod","Colored Map","Colored Powertips","Curses Come First","Highlight Path","Minty Spire (QoL Compilation)","Permanent Neow","Poor People Problems","Quick Restart","Rare Cards Sparkle","Relic Stats","StSLib","SuperFastMode","Waifu the Spire"],"gold_per_floor":[0],"floor_reached":0,"language":"ZHS","playtime":0,"items_purged":[],"score":0,"play_id":"a0fdb4f2-d565-448a-85f3-f2020da65f10","local_time":"20210206113557","is_ascension_mode":true,"campfire_choices":[],"circlet_count":0,"master_deck":["AscendersBane","Strike_B","Defend_B","Defend_B","Defend_B","Defend_B","Zap","Dualcast","CurseOfTheBell","Force Field","Stack+1","Creative AI+1","Loop+1","Conserve Battery","Glacier","Core Surge","Self Repair+1","Necronomicurse","BootSequence","Capacitor+1"],"relics":[],"acts_visited":["Exordium","TheCity"],"potions_floor_usage":[],"damage_taken":[],"seed_played":"-4853910520071730241","potions_obtained":[],"is_trial":false,"path_per_floor":[],"character_chosen":"DEFECT","items_purchased":[],"campfire_rested":0,"item_purchase_floors":[],"current_hp_per_floor":[62],"gold":0,"neow_bonus":"","is_daily":false,"chose_seed":false,"campfire_upgraded":0,"win_rate":0.0,"timestamp":1612582557,"path_taken":[],"items_purchased_type":[],"build_version":"2020-12-22","purchased_purges":0,"victory":false,"max_hp_per_floor":[76],"relic_stats":{"counters":[13,87],"obtain_stats":[{"Regal Pillow":6,"Calipers":0,"Torii":20,"Vajra":0,"Thread and Needle":2,"Frozen Egg 2":2,"Sling":10,"Cursed Key":17,"White Beast Statue":0,"Calling Bell":0,"Peace Pipe":10,"Emotion Chip":11,"Dream Catcher":14,"DataDisk":20,"HandDrill":2,"Necronomicon":19,"Cracked Core":0,"TungstenRod":10,"Meat on the Bone":9},{"Regal Pillow":3,"Calipers":0,"Torii":11,"Vajra":0,"Thread and Needle":1,"Frozen Egg 2":1,"Sling":5,"Cursed Key":10,"White Beast Statue":0,"Calling Bell":0,"Peace Pipe":5,"Emotion Chip":6,"Dream Catcher":9,"DataDisk":11,"HandDrill":1,"Necronomicon":11,"Cracked Core":0,"TungstenRod":5,"Meat on the Bone":5},{"Regal Pillow":21,"Calipers":0,"Torii":81,"Vajra":0,"Thread and Needle":4,"Frozen Egg 2":4,"Sling":31,"Cursed Key":70,"White Beast Statue":0,"Calling Bell":0,"Peace Pipe":31,"Emotion Chip":38,"Dream Catcher":58,"DataDisk":81,"HandDrill":4,"Necronomicon":81,"Cracked Core":0,"TungstenRod":31,"Meat on the Bone":31}]},"card_choices":[],"player_experience":275849,"relics_obtained":[],"event_choices":[],"is_beta":false,"boss_relics":[],"items_purged_floors":[],"is_endless":false,"potions_floor_spawned":[],"killed_by":"Slavers","ascension_level":20}}