{"host":"dztixnx9b0gu6w9i","time":1612595210,"event":{"mods":["BaseMod","Bestiary","Minty Spire (QoL Compilation)","Relic Stats","Slay the Relics Exporter","SpireBot","ojb\u0027s Better Paths Mod","ojb\u0027s Info Mod"],"gold_per_floor":[110,121,121,132,54,54,84,97,123,138,167,179,191,236,248,355,367,394,321,348,360,293,327,327,365,365,398,398,441,441,59,59,152,152,176,176,197,197,218,218,262,286,286,286,327,327,377,393,393,393,393,393,393,66,101,101],"floor_reached":57,"language":"ENG","playtime":11322,"items_purged":["Self Repair"],"score":2933,"play_id":"ef1107c9-6213-4701-a513-e9acde908ad5","local_time":"20210206020650","is_ascension_mode":true,"campfire_choices":[{"data":"Go for the Eyes","floor":6,"key":"SMITH"},{"data":"Fusion","floor":15,"key":"SMITH"},{"data":"Seek","floor":24,"key":"SMITH"},{"data":"Genetic Algorithm","floor":32,"key":"SMITH"},{"data":"Hologram","floor":40,"key":"SMITH"},{"floor":46,"key":"RECALL"},{"data":"Machine Learning","floor":49,"key":"SMITH"},{"data":"Madness","floor":53,"key":"SMITH"}],"circlet_count":0,"master_deck":["AscendersBane","Zap+1","Dualcast+1","Hyperbeam+1","FTL","Go for the Eyes+1","All For One","FTL","Compile Driver","Aggregate","Fusion+1","Cold Snap","All For One","Creative AI","Gash","Genetic Algorithm","Seek+1","Core Surge","Gash","BootSequence","White Noise","Conserve Battery","Echo Form","Ghostly","Ghostly","Ghostly","Steam","Turbo","Genetic Algorithm+1","Hologram+1","FTL+1","Panache","Machine Learning+1","Madness+1","Madness","Glacier","Go for the Eyes+1","Compile Driver+1","Parasite","Master of Strategy","Impatience","Discovery","Aggregate","Aggregate","Undo"],"relics":["Cracked Core","War Paint","Akabeko","MawBank","Golden Idol","Regal Pillow","Pandora\u0027s Box","Girya","Orichalcum","Dead Branch","Molten Egg 2","Anchor","White Beast Statue","Lantern","Coffee Dripper","DataDisk","Pantograph","Frozen Eye","Letter Opener"],"acts_visited":["Exordium","TheCity","TheBeyond","TheEnding"],"potions_floor_usage":[11,16,16,23,56,56],"damage_taken":[{"damage":0,"enemies":"Small Slimes","floor":1,"turns":2},{"damage":0,"enemies":"Cultist","floor":2,"turns":3},{"damage":0,"enemies":"2 Louse","floor":4,"turns":2},{"damage":10,"enemies":"3 Sentries","floor":7,"turns":3},{"damage":7,"enemies":"2 Fungi Beasts","floor":8,"turns":2},{"damage":6,"enemies":"Looter","floor":10,"turns":2},{"damage":6,"enemies":"Gremlin Nob","floor":11,"turns":3},{"damage":20,"enemies":"Lagavulin","floor":14,"turns":6},{"damage":2,"enemies":"Hexaghost","floor":16,"turns":8},{"damage":0,"enemies":"Chosen","floor":18,"turns":3},{"damage":9,"enemies":"Spheric Guardian","floor":20,"turns":3},{"damage":5,"enemies":"Book of Stabbing","floor":23,"turns":5},{"damage":3,"enemies":"Slavers","floor":25,"turns":7},{"damage":2,"enemies":"Book of Stabbing","floor":27,"turns":6},{"damage":0,"enemies":"Gremlin Leader","floor":29,"turns":3},{"damage":5,"enemies":"Collector","floor":33,"turns":6},{"damage":3,"enemies":"3 Shapes","floor":35,"turns":5},{"damage":0,"enemies":"3 Darklings","floor":37,"turns":8},{"damage":0,"enemies":"4 Shapes","floor":39,"turns":13},{"damage":0,"enemies":"Reptomancer","floor":41,"turns":8},{"damage":0,"enemies":"Writhing Mass","floor":42,"turns":12},{"damage":0,"enemies":"Nemesis","floor":45,"turns":9},{"damage":0,"enemies":"Spire Growth","floor":48,"turns":9},{"damage":5,"enemies":"Donu and Deca","floor":50,"turns":14},{"damage":1,"enemies":"Time Eater","floor":51,"turns":19},{"damage":1,"enemies":"Shield and Spear","floor":55,"turns":6},{"damage":6,"enemies":"The Heart","floor":56,"turns":11}],"seed_played":"6487749366484332629","potions_obtained":[{"floor":1,"key":"PotionOfCapacity"},{"floor":2,"key":"PotionOfCapacity"},{"floor":4,"key":"SteroidPotion"},{"floor":11,"key":"SteroidPotion"},{"floor":16,"key":"Block Potion"},{"floor":25,"key":"DistilledChaos"},{"floor":35,"key":"DuplicationPotion"}],"is_trial":false,"path_per_floor":["M","M","?","M","$","R","E","M","T","M","E","?","$","E","R","B",null,"M","?","M","?","$","E","R","E","T","E","?","E","T","$","R","B",null,"M","?","M","?","M","R","E","M","T","?","E","R","?","M","R","B","B",null,"R","$","E","B",null],"character_chosen":"DEFECT","items_purchased":["All For One","DistilledChaos","Hologram","FTL+1","Panache","Self Repair","Frozen Eye","Undo"],"campfire_rested":0,"item_purchase_floors":[5,22,31,31,31,31,54,54],"current_hp_per_floor":[64,64,64,64,64,64,54,47,47,41,35,35,35,15,15,13,47,47,47,38,29,29,24,24,21,21,19,19,19,19,19,19,21,27,29,24,29,29,29,29,29,29,29,19,29,29,29,29,29,24,28,29,29,29,28,23],"gold":101,"neow_bonus":"THREE_RARE_CARDS","is_daily":false,"chose_seed":false,"campfire_upgraded":7,"win_rate":0.0,"timestamp":1612595210,"path_taken":["M","M","?","M","?","R","E","M","T","M","E","?","$","E","R","BOSS","M","?","M","?","$","E","R","E","T","E","?","E","?","?","R","BOSS","M","?","M","?","M","R","E","M","T","?","E","R","?","?","R","BOSS","BOSS","R","$","E","BOSS"],"items_purchased_type":["Card","Potion","Card","Card","Card","Card","Relic","Card"],"build_version":"2020-12-22","purchased_purges":1,"victory":true,"max_hp_per_floor":[64,64,64,64,64,64,64,64,64,64,64,58,58,58,58,58,58,58,58,58,29,29,29,29,29,29,29,29,29,29,29,29,29,29,29,29,29,29,29,29,29,29,29,29,29,29,29,29,29,29,29,29,29,29,29,29],"relic_stats":{"Regal Pillow":0,"counters":[27,178],"Golden Idol":183,"Dead Branch":[217],"Pantograph":6,"Pandora\u0027s Box":["Creative AI","Gash","Genetic Algorithm","Seek","Core Surge","Gash","BootSequence","White Noise"],"Letter Opener":[70],"War Paint":["Zap","Dualcast"],"Orichalcum":[180],"MawBank":132,"obtain_stats":[{"Girya":19,"Regal Pillow":14,"Lantern":30,"Golden Idol":12,"Dead Branch":25,"Letter Opener":55,"War Paint":7,"Orichalcum":23,"MawBank":11,"Akabeko":9,"White Beast Statue":29,"Frozen Eye":54,"Anchor":27,"DataDisk":41,"Pantograph":45,"Pandora\u0027s Box":17,"Molten Egg 2":26,"Coffee Dripper":34,"Cracked Core":0},{"Girya":10,"Regal Pillow":8,"Lantern":15,"Golden Idol":7,"Dead Branch":13,"Letter Opener":26,"War Paint":4,"Orichalcum":12,"MawBank":7,"Akabeko":5,"White Beast Statue":15,"Frozen Eye":25,"Anchor":14,"DataDisk":20,"Pantograph":22,"Pandora\u0027s Box":9,"Molten Egg 2":13,"Coffee Dripper":16,"Cracked Core":0},{"Girya":34,"Regal Pillow":23,"Lantern":58,"Golden Idol":17,"Dead Branch":49,"Letter Opener":167,"War Paint":10,"Orichalcum":42,"MawBank":17,"Akabeko":12,"White Beast Statue":58,"Frozen Eye":161,"Anchor":55,"DataDisk":98,"Pantograph":119,"Pandora\u0027s Box":31,"Molten Egg 2":49,"Coffee Dripper":64,"Cracked Core":0}]},"card_choices":[{"not_picked":["Core Surge","Machine Learning"],"picked":"Hyperbeam","floor":0},{"not_picked":["Coolheaded","Go for the Eyes"],"picked":"FTL","floor":1},{"not_picked":["Chaos","Aggregate","Skim"],"picked":"SKIP","floor":2},{"not_picked":["Compile Driver","Conserve Battery"],"picked":"Go for the Eyes","floor":4},{"not_picked":["Rebound","Consume"],"picked":"FTL","floor":7},{"not_picked":["Skim","Sweeping Beam"],"picked":"Compile Driver","floor":8},{"not_picked":["Rebound","Ball Lightning"],"picked":"Aggregate","floor":10},{"not_picked":["Storm","Chaos"],"picked":"Fusion","floor":11},{"not_picked":["Storm","Consume"],"picked":"Cold Snap","floor":14},{"not_picked":["Reboot","Thunder Strike"],"picked":"All For One","floor":16},{"not_picked":["Barrage","Force Field"],"picked":"Conserve Battery","floor":18},{"not_picked":["Ball Lightning","Recycle"],"picked":"Echo Form","floor":20},{"not_picked":["Barrage","Aggregate"],"picked":"Steam","floor":23},{"not_picked":["Conserve Battery+1","Streamline"],"picked":"Turbo","floor":25},{"not_picked":["Force Field","Static Discharge","Blizzard+1"],"picked":"SKIP","floor":27},{"not_picked":["Gash+1","Loop"],"picked":"Genetic Algorithm","floor":29},{"not_picked":["Electrodynamics","Rainbow"],"picked":"Machine Learning","floor":33},{"not_picked":["Turbo","Steam","Barrage+1"],"picked":"SKIP","floor":35},{"not_picked":["Leap","Go for the Eyes+1"],"picked":"Glacier","floor":37},{"not_picked":["Gash+1","Turbo"],"picked":"Go for the Eyes+1","floor":39},{"not_picked":["Thunder Strike+1","Redo"],"picked":"Compile Driver+1","floor":41},{"not_picked":["Rebound+1","Redo","Beam Cell+1"],"picked":"SKIP","floor":42},{"not_picked":["Trip","Bandage Up"],"picked":"Master of Strategy","floor":44},{"not_picked":["Enlightenment","Good Instincts"],"picked":"Impatience","floor":44},{"not_picked":["Transmutation","Deep Breath"],"picked":"Discovery","floor":44},{"not_picked":["Genetic Algorithm","Turbo"],"picked":"Aggregate","floor":45},{"not_picked":["Beam Cell+1","Blizzard+1"],"picked":"Aggregate","floor":48},{"not_picked":["Gash+1","Rebound+1","Steam Power"],"picked":"SKIP","floor":55}],"player_experience":8466233,"relics_obtained":[{"floor":7,"key":"War Paint"},{"floor":9,"key":"Akabeko"},{"floor":11,"key":"MawBank"},{"floor":14,"key":"Regal Pillow"},{"floor":23,"key":"Orichalcum"},{"floor":25,"key":"Dead Branch"},{"floor":26,"key":"Molten Egg 2"},{"floor":27,"key":"Anchor"},{"floor":29,"key":"White Beast Statue"},{"floor":30,"key":"Lantern"},{"floor":41,"key":"DataDisk"},{"floor":45,"key":"Pantograph"},{"floor":55,"key":"Letter Opener"}],"event_choices":[{"damage_healed":0,"gold_gain":0,"player_choice":"Upgraded","damage_taken":0,"max_hp_gain":0,"max_hp_loss":0,"event_name":"Upgrade Shrine","floor":3,"gold_loss":0,"cards_upgraded":["Hyperbeam"]},{"damage_healed":0,"gold_gain":0,"player_choice":"Lose Max HP","damage_taken":0,"relics_obtained":["Golden Idol"],"max_hp_gain":0,"max_hp_loss":6,"event_name":"Golden Idol","floor":12,"gold_loss":0},{"damage_healed":0,"gold_gain":0,"player_choice":"Obtained Relic","damage_taken":0,"relics_obtained":["Girya"],"max_hp_gain":0,"max_hp_loss":0,"event_name":"Addict","floor":19,"gold_loss":85},{"damage_healed":0,"gold_gain":0,"player_choice":"Became a Ghost","damage_taken":0,"max_hp_gain":0,"max_hp_loss":29,"event_name":"Ghosts","floor":21,"gold_loss":0,"cards_obtained":["Ghostly","Ghostly","Ghostly"]},{"damage_healed":0,"gold_gain":0,"player_choice":"Ignored","damage_taken":0,"max_hp_gain":0,"max_hp_loss":0,"event_name":"Cursed Tome","floor":28,"gold_loss":0},{"damage_healed":0,"gold_gain":0,"player_choice":"Embrace Madness","damage_taken":5,"max_hp_gain":0,"max_hp_loss":0,"event_name":"Winding Halls","floor":36,"gold_loss":0,"cards_obtained":["Madness","Madness"]},{"damage_healed":0,"gold_gain":0,"player_choice":"Ignored","damage_taken":0,"max_hp_gain":0,"max_hp_loss":0,"event_name":"Tomb of Lord Red Mask","floor":38,"gold_loss":0},{"damage_healed":0,"gold_gain":0,"player_choice":"Memory 3","damage_taken":10,"max_hp_gain":0,"max_hp_loss":0,"event_name":"SensoryStone","floor":44,"gold_loss":0},{"damage_healed":0,"gold_gain":50,"player_choice":"Pray","damage_taken":0,"max_hp_gain":0,"max_hp_loss":0,"event_name":"Golden Shrine","floor":47,"gold_loss":0}],"is_beta":false,"boss_relics":[{"not_picked":["Cursed Key","Snecko Eye"],"picked":"Pandora\u0027s Box"},{"not_picked":["Calling Bell","SacredBark"],"picked":"Coffee Dripper"}],"items_purged_floors":[54],"is_endless":false,"potions_floor_spawned":[1,2,4,11,16,25,27,33,35,37,39,41,42,45,48,55],"ascension_level":20}}