{"host":"f5gffvlv6a66yqkd","time":1612585830,"event":{"mods":["2.2 Compatiblity","BaseMod","Colored Map","Custom Start","DeckTracker","Keyboard Shortcuts","Minty Spire (QoL Compilation)","Permanent Neow","Quick Restart","Relic Stats","StSLib","SuperFastMode"],"gold_per_floor":[11,29,29,45,57,57,83,83,136,198,210,210,228,228,228,228,228],"floor_reached":16,"language":"KOR","playtime":302,"items_purged":[],"score":204,"play_id":"8bd28551-9cc7-47c1-b7a7-aee770b14e34","local_time":"20210206133030","is_ascension_mode":true,"campfire_choices":[{"data":"Bash","floor":6.0,"key":"SMITH"},{"data":"Bludgeon","floor":8.0,"key":"SMITH"},{"data":"Inflame","floor":12.0,"key":"SMITH"},{"data":"Combust","floor":15.0,"key":"SMITH"}],"circlet_count":0,"master_deck":["AscendersBane","Strike_R","Strike_R","Strike_R","Strike_R","Defend_R","Defend_R","Defend_R","Defend_R","Bash+1","Anger","Shrug It Off","Bludgeon+1","Combust+1","True Grit","Sword Boomerang+1","Inflame+1","Feed"],"relics":["Burning Blood","StoneCalendar","InkBottle","Blood Vial","Omamori"],"acts_visited":["Exordium"],"potions_floor_usage":[16],"damage_taken":[{"damage":16.0,"enemies":"Small Slimes","floor":1.0,"turns":4.0},{"damage":12.0,"enemies":"Cultist","floor":2.0,"turns":4.0},{"damage":3.0,"enemies":"2 Louse","floor":4.0,"turns":4.0},{"damage":17.0,"enemies":"Exordium Thugs","floor":5.0,"turns":5.0},{"damage":13.0,"enemies":"3 Sentries","floor":7.0,"turns":4.0},{"damage":18.0,"enemies":"3 Sentries","floor":10.0,"turns":7.0},{"damage":15.0,"enemies":"3 Louse","floor":11.0,"turns":3.0},{"damage":13.0,"enemies":"Blue Slaver","floor":13.0,"turns":3.0},{"damage":0,"enemies":"Hexaghost","floor":16,"turns":1}],"seed_played":"-6835310534804002833","potions_obtained":[{"floor":4.0,"key":"PowerPotion"},{"floor":5.0,"key":"LiquidBronze"},{"floor":13.0,"key":"PowerPotion"}],"is_trial":false,"path_per_floor":["M","M","?","M","M","R","E","R","T","?","M","R","M","?","R","B"],"character_chosen":"IRONCLAD","items_purchased":[],"campfire_rested":0,"item_purchase_floors":[],"current_hp_per_floor":[58,52,52,55,44,44,37,37,37,27,20,20,15,15,15,17,17],"gold":228,"neow_bonus":"ONE_RARE_RELIC","is_daily":false,"chose_seed":false,"campfire_upgraded":4,"win_rate":0.0,"timestamp":1612585830,"path_taken":["M","M","?","M","M","R","E","R","T","?","M","R","M","?","R","BOSS"],"items_purchased_type":[],"build_version":"2020-12-22","purchased_purges":0,"victory":false,"max_hp_per_floor":[75,75,75,75,75,75,75,75,75,75,75,75,75,75,75,75,75],"relic_stats":{"Blood Vial":8,"counters":[9,35],"StoneCalendar":[3],"obtain_stats":[{"Blood Vial":9,"StoneCalendar":0,"Omamori":10,"Burning Blood":0,"InkBottle":7},{"Blood Vial":5,"StoneCalendar":0,"Omamori":6,"Burning Blood":0,"InkBottle":5},{"Blood Vial":21,"StoneCalendar":0,"Omamori":28,"Burning Blood":0,"InkBottle":21}],"Burning Blood":48,"InkBottle":[3]},"card_choices":[{"not_picked":["Flex","Searing Blow"],"picked":"Anger","floor":1.0},{"not_picked":["Metallicize","Combust"],"picked":"Shrug It Off","floor":2.0},{"not_picked":["Shrug It Off","Dual Wield"],"picked":"Combust","floor":4.0},{"not_picked":["Twin Strike","Sentinel"],"picked":"True Grit","floor":5.0},{"not_picked":["Twin Strike","Limit Break","Bloodletting"],"picked":"SKIP","floor":7.0},{"not_picked":["Cleave","Warcry"],"picked":"Sword Boomerang","floor":10.0},{"not_picked":["Pommel Strike","Burning Pact"],"picked":"Inflame","floor":11.0},{"not_picked":["Carnage","Shrug It Off"],"picked":"Feed","floor":13.0}],"player_experience":1661361,"relics_obtained":[{"floor":7.0,"key":"InkBottle"},{"floor":9.0,"key":"Blood Vial"},{"floor":10.0,"key":"Omamori"}],"event_choices":[{"damage_healed":0.0,"max_hp_gain":0.0,"max_hp_loss":0.0,"gold_gain":0.0,"cards_transformed":["Strike_R"],"event_name":"Living Wall","player_choice":"Change","floor":3.0,"gold_loss":0.0,"damage_taken":0.0,"cards_obtained":["Bludgeon"]},{"damage_healed":0.0,"max_hp_gain":0.0,"max_hp_loss":0.0,"gold_gain":30.0,"event_name":"Dead Adventurer","player_choice":"Searched \u00273\u0027 times","floor":10.0,"gold_loss":0.0,"damage_taken":0.0},{"damage_healed":0.0,"max_hp_gain":0.0,"max_hp_loss":0.0,"gold_gain":0.0,"event_name":"Upgrade Shrine","player_choice":"Upgraded","floor":14.0,"gold_loss":0.0,"damage_taken":0.0,"cards_upgraded":["Sword Boomerang"]}],"is_beta":false,"boss_relics":[],"items_purged_floors":[],"is_endless":false,"potions_floor_spawned":[4,5,13],"killed_by":"Hexaghost","ascension_level":20}}