{"host":"mn5kbj4x7gv3jr0o","time":1612574227,"event":{"mods":["2.2 Compatiblity","A Magickal Journey","AchievementEnabler","Ascension Reborn","Aspiration","BaseMod","Bestiary","Better Altar","Better Note","Better Sensory Stone","Better Silent Start","Better Skull","Better Third Choice","Better Vampires","Better-Laid Plans","BetterRewards","Block Reminder","CCEM2","Colored Powertips","Colorless Booster Pack","Conspire","Curses Come First","Dota2Spire","Downfall","Emptier Cage","Energized Spire","Fox Events","GifTheSpireLib","Halation","HololiveMod","Hubris","Infinite Spire","Ironclad Rager","Jess\u0027s Bottle","Keyboard Shortcuts","Minty Spire (QoL Compilation)","Mirrors Mod","Poem Panic","Potion Indicator Mod","Potionbrewer","Puzzle Mod","Quarter Circle Forward PUNCH!","Quick Restart","Random Character Button","RatMod","Relic Sorter","Reliquary","Retaliation","Reworked Bosses","SCP261 Mod","SacredBarkPlus","Shop Mod","Small Relic Pack","Spicy Shops","Spikes Relics","StS++","StSLib","Stuff the Spire","The Blue Laboratory","Thieving Mod","Trackpad","Uncapped","UnlockEverythingMod","Useless Jewels Mod","Virulent Crown","Weighted Paths","Wide Potions"],"gold_per_floor":[114,127,127,227,251,285,285,337,382,382,404,444,36,36,36,164,164,182,191,209,209,143,143,152,161,161,161,170,212,212,236,236,346,346,371,371,371,390,411,411,442,20,20,47,88,104,104,29,29,29,29],"floor_reached":50,"language":"ENG","playtime":3923,"items_purged":["CBP: ChaoticOffering"],"score":649,"play_id":"e342c2c1-0289-443d-b7d1-999c1cd1aa61","local_time":"20210205201707","is_ascension_mode":true,"campfire_choices":[{"data":"theextravagant:Flashback","floor":7,"key":"SMITH"},{"data":"theextravagant:Triumph","floor":10,"key":"SMITH"},{"floor":15,"key":"REST"},{"data":"theextravagant:Flashback","floor":23,"key":"SMITH"},{"data":"StuffTheSpire:PestControl","floor":27,"key":"SMITH"},{"data":"champ:EndlessRage","floor":32,"key":"SMITH"},{"floor":40,"key":"REST"},{"floor":49,"key":"REST"}],"circlet_count":0,"master_deck":["theextravagant:SlyStrike","theextravagant:SlyStrike","theextravagant:SlyStrike","theextravagant:SlyStrike","theextravagant:Fence","theextravagant:Fence","theextravagant:Fence","theextravagant:QuickAttack","theextravagant:Triumph+1","theextravagant:Riot","theextravagant:CutTheDeck","theextravagant:Flashback+1","theextravagant:PerfectTheBasics","theextravagant:GlyphOfChoice","theextravagant:SharpTalons","theextravagant:Erase","theextravagant:Overpower","theextravagant:Flashback+1","All Out Attack","StuffTheSpire:PestControl+1","RitualDagger","Spot Weakness+1","champ:EndlessRage+1","sneckomod:SoulDraw","Offering","conspire:Banana","Sword Boomerang+1","potionbrewer:OneTwoPunch+1"],"relics":["theextravagant:TranslucentFeather","aspiration:Nostalgia","potionbrewer:PotionKit","Bloody Idol","Dota2Spire:ArcaneBoots","CeramicFish","Potion Belt","Odd Mushroom","CCEMRelics:WrappedPresent","aspiration:ChemicalBlood","aspiration:AnachronicSnailShell","theextravagant:RedPhonoblaster","aspiration:PoetsPen_weak","Blood Vial","PrismaticShard","qcfpunch:Killian_Engine_Alpha","RoseTintedShades","qcfpunch:Wild_Herbs_Ointment","Enchiridion","Sozu","Pear","hubris:Icosahedron","hubris:SphereOfDissonance","hubris:CuriousFeather","trackpad:BottledShadow","Dota2Spire:Vanguard","CCEMRelics:SelfSharpeningBlade","SpikesRelics:DaevaFist"],"acts_visited":["Exordium","TheCity","TheBeyond"],"potions_floor_usage":[5,6,6,8,12,12,16,29,31,31,33,35,38,39,45],"damage_taken":[{"damage":0,"enemies":"Small Slimes","floor":1,"turns":4},{"damage":0,"enemies":"conspire:RoseBush","floor":2,"turns":3},{"damage":0,"enemies":"Cultist","floor":5,"turns":3},{"damage":9,"enemies":"Gremlin Nob","floor":6,"turns":4},{"damage":39,"enemies":"Lagavulin","floor":8,"turns":6},{"damage":0,"enemies":"Large Slime","floor":11,"turns":5},{"damage":13,"enemies":"The Mushroom Lair","floor":12,"turns":4},{"damage":15,"enemies":"The Guardian","floor":16,"turns":11},{"damage":0,"enemies":"Spheric Guardian","floor":18,"turns":1},{"damage":5,"enemies":"2 Thieves","floor":20,"turns":2},{"damage":0,"enemies":"conspire:Head Lice","floor":29,"turns":3},{"damage":0,"enemies":"Snecko","floor":31,"turns":2},{"damage":8,"enemies":"bossMod:newChamp","floor":33,"turns":6},{"damage":72,"enemies":"Orb Walker","floor":35,"turns":8},{"damage":13,"enemies":"3 Darklings","floor":38,"turns":3},{"damage":8,"enemies":"Maw","floor":39,"turns":4},{"damage":10,"enemies":"Giant Head","floor":41,"turns":5},{"damage":8,"enemies":"Writhing Mass","floor":44,"turns":2},{"damage":43,"enemies":"Reptomancer","floor":45,"turns":4},{"damage":0,"enemies":"Transient","floor":46,"turns":5},{"damage":98,"enemies":"conspire:OrnateMirror","floor":50,"turns":2}],"seed_played":"702302476286531527","potions_obtained":[{"floor":2,"key":"SCP261:GirlTearsPotion"},{"floor":5,"key":"blueLaboratory:FruitPreserves"},{"floor":8,"key":"blueLaboratory:PhilterOfMotion"},{"floor":12,"key":"blueLaboratory:Moonshine"},{"floor":16,"key":"Weak Potion"},{"floor":18,"key":"potionbrewer:ToxicPotion"},{"floor":29,"key":"PowerPotion"},{"floor":29,"key":"SCP261:PenguinPunchPotion"},{"floor":31,"key":"potionbrewer:CleansingPotion"}],"is_trial":false,"path_per_floor":["M","M","?","?","M","E","R","E","T","R","M","?","$","T","R","B",null,"M","?","M","?","?","R","AVR","?","T","R","?","E","?","M","R","B",null,"M","?","?","M","M","R","E","$","T","M","E","M","?","$","R","B"],"character_chosen":"THE_EXTRAVAGANT","items_purchased":["CCEMRelics:WrappedPresent","aspiration:ChemicalBlood","hubris:CuriousFeather","conspire:Banana","trackpad:BottledShadow"],"campfire_rested":3,"item_purchase_floors":[13,13,42,42,42],"current_hp_per_floor":[75,75,57,57,57,48,48,37,37,37,37,24,34,34,58,43,80,80,80,75,53,58,58,63,48,48,48,47,59,43,55,55,59,80,32,32,32,26,30,58,55,60,60,64,39,48,48,48,78,0,0],"gold":29,"neow_bonus":"NOSTALGIA","is_daily":false,"chose_seed":false,"campfire_upgraded":5,"win_rate":0.0,"timestamp":1612574227,"path_taken":["M","M","?","?","?","E","R","E","T","R","M","?","$","?","R","BOSS","M","?","?","?","?","R","AVR","?","T","R","?","E","?","?","R","BOSS","M","?","?","M","M","R","E","$","T","M","E","M","?","?","R","BOSS"],"items_purchased_type":["Relic","Relic","Relic","Card","Relic"],"build_version":"2020-12-22","purchased_purges":1,"victory":false,"max_hp_per_floor":[75,75,75,75,75,75,75,75,75,75,75,75,80,80,80,80,80,80,80,80,80,80,80,80,80,80,80,80,80,80,80,80,80,80,94,94,94,94,94,94,94,94,94,94,100,102,102,102,102,102,102],"card_choices":[{"not_picked":["theextravagant:Courage","theextravagant:Clairvoyance"],"picked":"theextravagant:Riot","floor":1},{"not_picked":["theextravagant:Defy","theextravagant:Pushthrough"],"picked":"theextravagant:CutTheDeck","floor":2},{"not_picked":["theextravagant:ShootingStar","theextravagant:Precaution"],"picked":"theextravagant:Flashback","floor":5},{"not_picked":["theextravagant:Comeback","theextravagant:Cutthroat"],"picked":"theextravagant:PerfectTheBasics","floor":6},{"not_picked":["theextravagant:Swirl","theextravagant:IronPlumes"],"picked":"theextravagant:GlyphOfChoice","floor":8},{"not_picked":["theextravagant:ShootingStar","theextravagant:Shove"],"picked":"theextravagant:SharpTalons","floor":11},{"not_picked":["theextravagant:SpontaneousStrike","theextravagant:PerfectTheBasics"],"picked":"theextravagant:Flashback","floor":12},{"not_picked":["theextravagant:Redemption","theextravagant:ManifestIllusion"],"picked":"theextravagant:Erase","floor":16},{"not_picked":["theextravagant:Tension","theextravagant:GarbageCannon","theextravagant:Shove"],"picked":"SKIP","floor":18},{"not_picked":["theextravagant:Cutthroat","theextravagant:Tension","theextravagant:Twitch"],"picked":"SKIP","floor":20},{"not_picked":["sneckomod:UnknownClassHEXA_GHOST_PURPLE","Slimebound:Prepare+1"],"picked":"Spot Weakness+1","floor":29},{"not_picked":["bronze:Shield+1","puzzleMod:SmallBlock"],"picked":"champ:EndlessRage","floor":31},{"not_picked":["champ:LastStand","DDmod:PlatedThornsSkill"],"picked":"CBP: ChaoticOffering","floor":33},{"not_picked":["StSpp:Sprint+1","sneckomod:SoulDraw","Dark Embrace"],"picked":"SKIP","floor":35},{"not_picked":["StSpp:Sprint+1","Dark Embrace"],"picked":"sneckomod:SoulDraw","floor":35},{"not_picked":["sneckomod:UnknownClassHEXA_GHOST_PURPLE","Hologram","StSpp:Sprint"],"picked":"SKIP","floor":38},{"not_picked":["Outmaneuver","DDmod:PokeAttack"],"picked":"Offering","floor":39},{"not_picked":["potionbrewer:RefinedProcess","ClearTheMind","sneckomod:UnknownClassBLUE+1"],"picked":"SKIP","floor":41},{"not_picked":["potionbrewer:Biohazard","StuffTheSpire:Incineration"],"picked":"Sword Boomerang+1","floor":44},{"not_picked":["Reforge","sneckomod:UnknownClassAchievements+1"],"picked":"potionbrewer:OneTwoPunch+1","floor":45},{"not_picked":["theextravagant:Razor+1","Hololive_Drill+1","Protect"],"picked":"SKIP","floor":46}],"player_experience":187419,"relics_obtained":[{"floor":6,"key":"Dota2Spire:ArcaneBoots"},{"floor":8,"key":"CeramicFish"},{"floor":9,"key":"Potion Belt"},{"floor":12,"key":"Odd Mushroom"},{"floor":13,"key":"aspiration:AnachronicSnailShell"},{"floor":14,"key":"theextravagant:RedPhonoblaster"},{"floor":26,"key":"RoseTintedShades"},{"floor":29,"key":"qcfpunch:Wild_Herbs_Ointment"},{"floor":30,"key":"Enchiridion"},{"floor":35,"key":"Pear"},{"floor":41,"key":"hubris:SphereOfDissonance"},{"floor":43,"key":"Dota2Spire:Vanguard"},{"floor":45,"key":"CCEMRelics:SelfSharpeningBlade"}],"event_choices":[{"damage_healed":0,"gold_gain":0,"player_choice":"Take Damage","damage_taken":18,"relics_obtained":["Golden Idol"],"max_hp_gain":0,"max_hp_loss":0,"event_name":"Golden Idol","floor":3,"gold_loss":0},{"damage_healed":0,"gold_gain":100,"player_choice":"Pray","damage_taken":0,"max_hp_gain":0,"max_hp_loss":0,"event_name":"Golden Shrine","floor":4,"gold_loss":0},{"damage_healed":0,"gold_gain":0,"player_choice":"Fought Mushrooms","damage_taken":0,"max_hp_gain":0,"max_hp_loss":0,"event_name":"Mushrooms","floor":12,"gold_loss":0},{"cards_removed":["theextravagant:Flashback"],"damage_healed":0,"gold_gain":0,"player_choice":"Take \u0026 Give","damage_taken":0,"max_hp_gain":0,"max_hp_loss":0,"event_name":"betterNote:BetterNote","floor":19,"gold_loss":0,"cards_obtained":["theextravagant:Overpower"]},{"damage_healed":0,"gold_gain":0,"player_choice":" GoldIdol Vial ","damage_taken":22,"relics_obtained":["Bloody Idol","Blood Vial"],"max_hp_gain":75,"max_hp_loss":53,"event_name":"betterAltar:BetterAltar","floor":21,"potions_obtained":[],"relics_lost":["Golden Idol"],"gold_loss":0},{"cards_removed":["theextravagant:Flashback"],"damage_healed":0,"gold_gain":0,"player_choice":"Gave Gold","damage_taken":0,"max_hp_gain":0,"max_hp_loss":0,"event_name":"Beggar","floor":22,"gold_loss":75},{"damage_healed":0,"gold_gain":0,"player_choice":"Dagger","damage_taken":6,"max_hp_gain":0,"max_hp_loss":0,"event_name":"betterThird:BetterNest","floor":28,"gold_loss":0,"cards_obtained":["RitualDagger"]},{"damage_healed":0,"gold_gain":0,"player_choice":"Obtained Book","damage_taken":16,"max_hp_gain":0,"max_hp_loss":0,"event_name":"Cursed Tome","floor":30,"gold_loss":0}],"is_beta":false,"boss_relics":[{"not_picked":["Empty Cage","Fusion Hammer"],"picked":"aspiration:PoetsPen_weak"},{"not_picked":["StSpp:Magatama","energizedSpire:HugeHouse"],"picked":"Sozu"}],"items_purged_floors":[48],"is_endless":false,"potions_floor_spawned":[2,5,8,12,16,18,31,35,45,46],"killed_by":"conspire:OrnateMirror","ascension_level":0}}