{"host":"qrt7o4dq2qslzw13","time":1612595728,"event":{"mods":["AchievementEnabler","BaseMod","Colored Map","Colored Powertips","Minty Spire (QoL Compilation)","Quick Restart","StSLib","SuperFastMode"],"gold_per_floor":[116,116,126,126,136,165,165,165,165,8,8,8,39,39,39,39,39],"floor_reached":16,"language":"ENG","playtime":426,"items_purged":[],"score":170,"play_id":"ad813712-9341-4aba-9077-67d428c4e3af","local_time":"20210206021528","is_ascension_mode":true,"campfire_choices":[{"floor":7.0,"key":"REST"},{"data":"Accuracy","floor":11.0,"key":"SMITH"},{"data":"Choke","floor":15.0,"key":"SMITH"}],"circlet_count":0,"master_deck":["AscendersBane","Strike_G","Strike_G","Strike_G","Strike_G","Strike_G","Defend_G","Defend_G","Defend_G","Defend_G","Defend_G","Survivor","Neutralize","Normality","Glass Knife+1","Blade Dance","All Out Attack","Setup","Accuracy+1","Choke+1","Parasite","Masterful Stab"],"relics":["Ring of the Snake","StrikeDummy","Art of War","Toxic Egg 2","Oddly Smooth Stone","Letter Opener"],"acts_visited":["Exordium"],"potions_floor_usage":[16],"damage_taken":[{"damage":1.0,"enemies":"Jaw Worm","floor":1.0,"turns":2.0},{"damage":0.0,"enemies":"Small Slimes","floor":3.0,"turns":2.0},{"damage":0.0,"enemies":"2 Louse","floor":5.0,"turns":2.0},{"damage":7.0,"enemies":"3 Sentries","floor":6.0,"turns":7.0},{"damage":20.0,"enemies":"Lagavulin","floor":13.0,"turns":4.0},{"damage":52,"enemies":"The Guardian","floor":16,"turns":13}],"seed_played":"7355443012424495483","potions_obtained":[{"floor":1.0,"key":"Strength Potion"},{"floor":3.0,"key":"Energy Potion"},{"floor":13.0,"key":"Dexterity Potion"}],"is_trial":false,"path_per_floor":["M","?","M","?","M","E","R","?","T","$","R","?","E","T","R","B"],"character_chosen":"THE_SILENT","items_purchased":["Accuracy","Choke"],"campfire_rested":1,"item_purchase_floors":[10,10],"current_hp_per_floor":[62,44,44,44,44,37,58,58,58,58,58,70,50,50,50,0,0],"gold":39,"neow_bonus":"THREE_RARE_CARDS","is_daily":false,"chose_seed":false,"campfire_upgraded":2,"win_rate":0.0,"timestamp":1612595728,"path_taken":["M","?","M","?","M","E","R","?","T","$","R","?","E","?","R","BOSS"],"items_purchased_type":["Card","Card"],"build_version":"2020-12-22","purchased_purges":0,"victory":false,"max_hp_per_floor":[70,70,70,70,70,70,70,70,70,70,70,70,70,70,70,70,70],"card_choices":[{"not_picked":["Night Terror","Tools of the Trade"],"picked":"Glass Knife","floor":0.0},{"not_picked":["Dash","Deadly Poison"],"picked":"Blade Dance","floor":1.0},{"not_picked":["Underhanded Strike","Dagger Spray"],"picked":"All Out Attack","floor":3.0},{"not_picked":["Predator","Expertise"],"picked":"Setup","floor":5.0},{"not_picked":["Dagger Throw","Crippling Poison","Noxious Fumes"],"picked":"SKIP","floor":6.0},{"not_picked":["Backflip+1","Underhanded Strike"],"picked":"Masterful Stab","floor":13.0}],"player_experience":629720,"relics_obtained":[{"floor":6.0,"key":"Art of War"},{"floor":9.0,"key":"Toxic Egg 2"},{"floor":13.0,"key":"Oddly Smooth Stone"},{"floor":14.0,"key":"Letter Opener"}],"event_choices":[{"damage_healed":0.0,"max_hp_gain":0.0,"max_hp_loss":0.0,"gold_gain":0.0,"event_name":"Scrap Ooze","player_choice":"Success","floor":2.0,"gold_loss":0.0,"damage_taken":18.0,"relics_obtained":["StrikeDummy"]},{"damage_healed":0.0,"max_hp_gain":0.0,"max_hp_loss":0.0,"gold_gain":0.0,"event_name":"Living Wall","player_choice":"Grow","floor":4.0,"gold_loss":0.0,"damage_taken":0.0,"cards_upgraded":["Glass Knife"]},{"damage_healed":0.0,"max_hp_gain":0.0,"max_hp_loss":0.0,"gold_gain":0.0,"event_name":"Dead Adventurer","player_choice":"Searched \u00270\u0027 times","floor":8.0,"gold_loss":0.0,"damage_taken":0.0},{"damage_healed":17.0,"max_hp_gain":0.0,"max_hp_loss":0.0,"gold_gain":0.0,"event_name":"Mushrooms","player_choice":"Healed and dodged fight","floor":12.0,"gold_loss":0.0,"damage_taken":0.0,"cards_obtained":["Parasite"]}],"is_beta":false,"boss_relics":[],"items_purged_floors":[],"is_endless":false,"potions_floor_spawned":[1,3,5,13],"killed_by":"The Guardian","ascension_level":12}}