{"host":"c3lc60y5x60jlt1y","time":1612640059,"event":{"mods":["AchievementEnabler","BaseMod","Bestiary","Colored Map","Minty Spire (QoL Compilation)","Quick Restart","StSLib","ojb\u0027s Info Mod"],"gold_per_floor":[117,117,134,2,2,37,55,55,124,124,155,171,171,171,171,261,261,286,286,307,307,307],"floor_reached":21,"language":"ENG","playtime":905,"items_purged":["Strike_P"],"score":524,"play_id":"9606d919-597b-4ca0-a660-804bb18600f1","local_time":"20210206213419","is_ascension_mode":true,"campfire_choices":[{"data":"Eruption","floor":8.0,"key":"SMITH"},{"data":"Worship","floor":13.0,"key":"SMITH"},{"data":"BowlingBash","floor":15.0,"key":"SMITH"}],"circlet_count":0,"master_deck":["AscendersBane","Strike_P","Strike_P","Strike_P","Defend_P","Defend_P","Defend_P","Eruption+1","Vigilance","BowlingBash+1","FlurryOfBlows","CutThroughFate","Worship+1","Tantrum","InnerPeace","TalkToTheHand","Devotion","Indignation"],"relics":["PureWater","NeowsBlessing","Blood Vial","Darkstone Periapt","Golden Idol","Kunai","PreservedInsect","Black Star"],"acts_visited":["Exordium","TheCity"],"potions_floor_usage":[],"damage_taken":[{"damage":0.0,"enemies":"Small Slimes","floor":1.0,"turns":1.0},{"damage":0.0,"enemies":"Jaw Worm","floor":3.0,"turns":1.0},{"damage":0.0,"enemies":"Gremlin Nob","floor":6.0,"turns":1.0},{"damage":9.0,"enemies":"2 Louse","floor":7.0,"turns":3.0},{"damage":10.0,"enemies":"3 Sentries","floor":11.0,"turns":4.0},{"damage":6.0,"enemies":"Blue Slaver","floor":12.0,"turns":3.0},{"damage":0.0,"enemies":"Slime Boss","floor":16.0,"turns":5.0},{"damage":22.0,"enemies":"Chosen","floor":18.0,"turns":7.0},{"damage":30.0,"enemies":"Spheric Guardian","floor":20.0,"turns":5.0},{"damage":15,"enemies":"Shelled Parasite and Fungi","floor":21,"turns":1}],"seed_played":"-8278709257151615325","potions_obtained":[{"floor":6.0,"key":"DistilledChaos"},{"floor":11.0,"key":"LiquidBronze"},{"floor":12.0,"key":"Swift Potion"},{"floor":16.0,"key":"GamblersBrew"},{"floor":18.0,"key":"LiquidBronze"},{"floor":19.0,"key":"StancePotion"}],"is_trial":false,"path_per_floor":["M","?","M","$","?","E","M","R","T","?","E","M","R","?","R","B",null,"M","?","M","M"],"character_chosen":"WATCHER","items_purchased":["CutThroughFate"],"campfire_rested":0,"item_purchase_floors":[4],"current_hp_per_floor":[61,61,61,61,54,54,47,47,47,47,39,35,35,35,35,37,56,36,36,8,0,0],"gold":307,"neow_bonus":"THREE_ENEMY_KILL","is_daily":false,"chose_seed":false,"campfire_upgraded":3,"win_rate":0.0,"timestamp":1612640059,"path_taken":["M","?","M","$","?","E","M","R","T","?","E","M","R","?","R","BOSS","M","?","M","?"],"items_purchased_type":["Card"],"build_version":"2020-12-22","purchased_purges":1,"victory":false,"max_hp_per_floor":[68,68,68,68,68,68,68,68,68,62,62,62,62,62,62,62,62,62,62,62,62,62],"card_choices":[{"not_picked":["Crescendo","CrushJoints"],"picked":"BowlingBash","floor":1.0},{"not_picked":["Halt","EmptyMind"],"picked":"FlurryOfBlows","floor":3.0},{"not_picked":["BattleHymn","Consecrate"],"picked":"Worship","floor":6.0},{"not_picked":["Protect","Wallop"],"picked":"Tantrum","floor":7.0},{"not_picked":["Prostrate","ClearTheMind"],"picked":"InnerPeace","floor":11.0},{"not_picked":["JustLucky","ForeignInfluence"],"picked":"TalkToTheHand","floor":12.0},{"not_picked":["SpiritShield","MasterReality"],"picked":"Devotion","floor":16.0},{"not_picked":["Crescendo","Protect"],"picked":"Indignation","floor":18.0},{"not_picked":["JustLucky","WindmillStrike","FollowUp"],"picked":"SKIP","floor":20.0}],"player_experience":9169950,"relics_obtained":[{"floor":6.0,"key":"Blood Vial"},{"floor":9.0,"key":"Darkstone Periapt"},{"floor":11.0,"key":"Kunai"}],"event_choices":[{"damage_healed":0.0,"max_hp_gain":0.0,"max_hp_loss":0.0,"gold_gain":0.0,"event_name":"Liars Game","player_choice":"Ignored","floor":2.0,"gold_loss":0.0,"damage_taken":0.0},{"cards_removed":["Defend_P"],"damage_healed":0.0,"max_hp_gain":0.0,"max_hp_loss":0.0,"gold_gain":0.0,"event_name":"Golden Wing","player_choice":"Card Removal","floor":5.0,"gold_loss":0.0,"damage_taken":7.0},{"damage_healed":0.0,"max_hp_gain":0.0,"max_hp_loss":6.0,"gold_gain":0.0,"event_name":"Golden Idol","player_choice":"Lose Max HP","floor":10.0,"gold_loss":0.0,"damage_taken":0.0,"relics_obtained":["Golden Idol"]},{"damage_healed":0.0,"max_hp_gain":0.0,"max_hp_loss":0.0,"gold_gain":0.0,"event_name":"Dead Adventurer","player_choice":"Searched \u00271\u0027 times","floor":14.0,"gold_loss":0.0,"damage_taken":0.0,"relics_obtained":["PreservedInsect"]},{"damage_healed":0.0,"max_hp_gain":0.0,"max_hp_loss":0.0,"gold_gain":0.0,"event_name":"Lab","player_choice":"Got Potions","floor":19.0,"gold_loss":0.0,"damage_taken":0.0}],"is_beta":false,"boss_relics":[{"not_picked":["Velvet Choker","HolyWater"],"picked":"Black Star"}],"items_purged_floors":[4],"is_endless":false,"potions_floor_spawned":[6,11,12,16,18],"killed_by":"Shelled Parasite and Fungi","ascension_level":20}}