{"host":"hka8b3f4pkvnp4ei","time":1612604008,"event":{"mods":["BaseMod","Minty Spire (QoL Compilation)","Quick Restart","Replay The Spire","StSLib"],"gold_per_floor":[115,129,129,162,214,214,239,239,239,274,274,308,90,90,90,192,192,180,180,41,41,41,41,41,41],"floor_reached":24,"language":"ZHS","playtime":906,"items_purged":["Strike_G","Defend_G"],"score":311,"play_id":"002052d0-c196-4128-a448-970361147fbe","local_time":"20210206173328","is_ascension_mode":true,"campfire_choices":[{"data":"Tactician","floor":6.0,"key":"SMITH"},{"data":"Prepared","floor":8.0,"key":"SMITH"},{"data":"CommonCold","floor":15.0,"key":"PURGE"},{"data":"Neutralize","floor":23,"key":"SMITH"}],"circlet_count":0,"master_deck":["Strike_G+1","Strike_G+1","Strike_G","Defend_G","Defend_G","Defend_G","Defend_G","Survivor","Neutralize+1","Tactician+1","Dash","Prepared+1","Footwork","ReplayTheSpireMod:Exploit Weakness+1","Backflip","Accuracy"],"relics":["SlaversCollar","ReplayTheSpireMod:Ring of Challenge","Juzu Bracelet","Paper Crane","Whetstone","Pet Ghost","Tingsha","OrangePellets","Coffee Dripper"],"acts_visited":["Exordium","TheCity"],"potions_floor_usage":[],"damage_taken":[{"damage":2.0,"enemies":"Cultist","floor":1.0,"turns":4.0},{"damage":0.0,"enemies":"Small Slimes","floor":2.0,"turns":6.0},{"damage":0.0,"enemies":"2 Louse","floor":4.0,"turns":5.0},{"damage":8.0,"enemies":"3 Sentries","floor":7.0,"turns":12.0},{"damage":0.0,"enemies":"Replay:BlueRogue","floor":10.0,"turns":7.0},{"damage":11.0,"enemies":"Gremlin Nob","floor":12.0,"turns":4.0},{"damage":0.0,"enemies":"Hexaghost","floor":16.0,"turns":16.0},{"damage":12.0,"enemies":"2 Thieves","floor":18.0,"turns":4.0},{"damage":0,"enemies":"Gremlin Leader","floor":24,"turns":1}],"seed_played":"6083856583477061710","potions_obtained":[{"floor":2.0,"key":"BlessingOfTheForge"},{"floor":5.0,"key":"Fire Potion"},{"floor":12.0,"key":"Milkshake"},{"floor":16.0,"key":"LifebloodPotion"}],"is_trial":false,"path_per_floor":["M","M","?","M","?","R","E","R","T","E","?","E","$","?","R","B",null,"M","?","$","?","?","R","E"],"character_chosen":"THE_SILENT","items_purchased":["OrangePellets","Accuracy"],"campfire_rested":0,"item_purchase_floors":[13,20],"current_hp_per_floor":[68,68,68,68,51,51,43,43,43,43,43,32,32,37,37,37,75,63,63,63,63,63,63,63,63],"gold":41,"neow_bonus":"BOSS_RELIC","is_daily":false,"chose_seed":false,"campfire_upgraded":3,"win_rate":0.0,"timestamp":1612604008,"path_taken":["M","?","?","M","?","R","E","R","T","E","?","E","$","?","R","BOSS","M","?","$","?","?","R","E"],"items_purchased_type":["Relic","Card"],"build_version":"2020-12-22","purchased_purges":2,"victory":false,"max_hp_per_floor":[70,70,70,70,70,70,70,70,70,70,70,70,70,75,75,75,75,75,75,75,75,75,75,75,75],"card_choices":[{"not_picked":["Flying Knee","Replay:Poison Smokescreen"],"picked":"Tactician","floor":1.0},{"not_picked":["Hidden Blade","ReplayTheSpireMod:Tripwire","Flying Knee"],"picked":"SKIP","floor":2.0},{"not_picked":["Outmaneuver","Sucker Punch"],"picked":"Dash","floor":4.0},{"not_picked":["PiercingWail","Dagger Throw"],"picked":"Prepared","floor":5.0},{"not_picked":["Bouncing Flask","Poisoned Stab","Quick Slash"],"picked":"SKIP","floor":7.0},{"not_picked":["Toxin Wave","Backflip"],"picked":"Footwork","floor":10.0},{"not_picked":["Distraction","Envenom"],"picked":"Backflip","floor":12.0},{"not_picked":["Backflip","Skewer","Bane"],"picked":"SKIP","floor":18.0}],"player_experience":443004,"relics_obtained":[{"floor":3.0,"key":"ReplayTheSpireMod:Ring of Challenge"},{"floor":5.0,"key":"Juzu Bracelet"},{"floor":7.0,"key":"Paper Crane"},{"floor":9.0,"key":"Whetstone"},{"floor":10.0,"key":"Pet Ghost"},{"floor":12.0,"key":"Tingsha"}],"event_choices":[{"damage_healed":0.0,"max_hp_gain":5.0,"max_hp_loss":0.0,"gold_gain":0.0,"event_name":"Big Fish","player_choice":"Donut","floor":14.0,"gold_loss":0.0,"damage_taken":0.0},{"damage_healed":0.0,"max_hp_gain":0.0,"max_hp_loss":0.0,"gold_gain":0.0,"event_name":"Ghosts","player_choice":"Ignored","floor":19.0,"gold_loss":0.0,"damage_taken":0.0},{"damage_healed":0,"gold_gain":0,"player_choice":"Ignored","damage_taken":0,"max_hp_gain":0,"max_hp_loss":0,"event_name":"Cursed Tome","floor":22,"gold_loss":0}],"is_beta":false,"boss_relics":[{"not_picked":["Cursed Key","Fusion Hammer"],"picked":"Coffee Dripper"}],"items_purged_floors":[13,20],"is_endless":false,"potions_floor_spawned":[2,12,16],"killed_by":"Gremlin Leader","ascension_level":2}}