{"host":"6p0attdrtjqaih7v","time":1612597958,"event":{"mods":["2.2 Compatiblity","AchievementEnabler","Bard","BaseMod","Better Skull","Better Third Choice","Colored Powertips","Hermit","Highlight Path","Key Reminder","Minty Spire (QoL Compilation)","Permanent Neow","Quick Restart","Random Character Button","Relic Stats","Reliquary","Replay The Spire","Robot Space Explorer","StSLib","The Hayseed","The Witch"],"gold_per_floor":[111,131,131,131,149,149,165,201,201,241,257,33,33,49,49,175,175,191,106,106,125,125,151,151,184,184,184,198,198,0,20,20,122,122,132,132,2,12,24,40,57,57,103,117,144,144,44,57,57,57],"floor_reached":51,"language":"ENG","playtime":2952,"items_purged":["Strike_Witch","Strike_Witch","Amnesia"],"score":976,"play_id":"6cec7bcb-16c1-4a6d-8a06-48417d9fff34","local_time":"20210206025238","is_ascension_mode":true,"campfire_choices":[{"data":"Bewitch","floor":6,"key":"SMITH"},{"data":"MagicFang","floor":13,"key":"SMITH"},{"data":"SummonCatFamiliar","floor":15,"key":"SMITH"},{"floor":24,"key":"REST"},{"data":"StrangeBrew","floor":27,"key":"SMITH"},{"floor":32,"key":"REST"},{"floor":42,"key":"REST"},{"data":"Twitch","floor":49,"key":"SMITH"}],"circlet_count":0,"master_deck":["Strike_Witch","Defend_Witch","Defend_Witch","Defend_Witch","Defend_Witch","Hexguard","ZombieSpit","Bewitch+1","Shrooms","MagicFang+1","SkullFlask","Broomstick","StrangeBrew+1","SummonCatFamiliar+1","CrystalResonance","DarkProcession","BoneCarving","BoneCarving+1","DeliriumForm","CrystalResonance","GhoulTouch","Harmlessness","BleedOut+1","SkullFlask+1","UnluckySeven","Athame+1","GhoulTouch+1","Twitch+1","SkullFlask+1","Malady+1"],"relics":["BlackCat","Bloody Idol","MealTicket","Ginger","Quantum Egg","keyreminder:keyreminder","SlaversCollar","Nunchaku","The Courier","Molten Egg 2","Snecko Eye","Replay:Baseball","Lantern"],"acts_visited":["Exordium","TheCity","TheBeyond"],"potions_floor_usage":[7,25],"damage_taken":[{"damage":0,"enemies":"Small Slimes","floor":1,"turns":3},{"damage":0,"enemies":"2 Louse","floor":2,"turns":4},{"damage":3,"enemies":"Jaw Worm","floor":5,"turns":3},{"damage":4,"enemies":"Exordium Wildlife","floor":7,"turns":5},{"damage":7,"enemies":"Replay:BlueRogue","floor":8,"turns":6},{"damage":12,"enemies":"Gremlin Nob","floor":10,"turns":4},{"damage":3,"enemies":"Large Slime","floor":11,"turns":6},{"damage":0,"enemies":"Looter","floor":14,"turns":3},{"damage":29,"enemies":"The Guardian","floor":16,"turns":11},{"damage":1,"enemies":"Shell Parasite","floor":18,"turns":5},{"damage":17,"enemies":"2 Thieves","floor":21,"turns":4},{"damage":9,"enemies":"Slavers","floor":23,"turns":5},{"damage":17,"enemies":"Gremlin Leader","floor":25,"turns":5},{"damage":1,"enemies":"3 Cultists","floor":28,"turns":6},{"damage":34,"enemies":"Shelled Parasite and Fungi","floor":31,"turns":5},{"damage":20,"enemies":"Champ","floor":33,"turns":8},{"damage":13,"enemies":"3 Shapes","floor":35,"turns":3},{"damage":7,"enemies":"3 Darklings","floor":38,"turns":4},{"damage":20,"enemies":"Sphere and 2 Shapes","floor":39,"turns":5},{"damage":25,"enemies":"Jaw Worm Horde","floor":40,"turns":4},{"damage":4,"enemies":"Writhing Mass","floor":41,"turns":6},{"damage":3,"enemies":"Spire Growth","floor":44,"turns":3},{"damage":5,"enemies":"Reptomancer","floor":45,"turns":4},{"damage":16,"enemies":"Sphere and 2 Shapes","floor":48,"turns":7},{"damage":40,"enemies":"Time Eater","floor":50,"turns":9}],"seed_played":"-1493258386564086214","potions_obtained":[{"floor":2,"key":"ColorlessPotion"},{"floor":5,"key":"Energy Potion"},{"floor":7,"key":"Dexterity Potion"},{"floor":10,"key":"Block Potion"},{"floor":21,"key":"Strength Potion"},{"floor":25,"key":"LiquidMemories"},{"floor":31,"key":"DistilledChaos"},{"floor":41,"key":"CultistPotion"}],"is_trial":false,"path_per_floor":["M","M","?","?","M","R","M","E","T","E","M","$","R","M","R","B",null,"M","?","?","M","?","E","R","E","T","R","M","T","$","M","R","B",null,"M","?","$","M","M","M","M","R","T","M","E","?","$","M","R","B",null],"character_chosen":"WITCH","items_purchased":["CrystalResonance","DarkProcession","Energy Potion","BleedOut+1","SkullFlask+1","Athame+1","GhoulTouch+1","Swift Potion"],"campfire_rested":3,"item_purchase_floors":[12,12,30,30,30,37,37,37],"current_hp_per_floor":[60,60,44,67,64,64,60,53,53,41,38,53,53,53,53,24,56,55,55,55,38,38,34,54,42,42,42,46,46,61,32,52,37,60,52,52,67,65,50,30,31,51,56,58,58,58,64,53,53,13],"gold":57,"neow_bonus":"THREE_CARDS","is_daily":false,"chose_seed":false,"campfire_upgraded":5,"win_rate":0.0,"timestamp":1612597958,"path_taken":["M","M","?","?","M","R","M","E","T","E","M","$","R","M","R","BOSS","M","?","?","M","?","E","R","E","T","R","M","?","$","M","R","BOSS","M","?","?","M","M","M","?","R","T","M","E","?","?","M","R","BOSS"],"items_purchased_type":["Card","Card","Potion","Card","Card","Card","Card","Potion"],"build_version":"2020-12-22","purchased_purges":3,"victory":true,"max_hp_per_floor":[67,67,67,67,67,67,67,67,67,67,67,67,67,67,67,67,67,67,67,67,67,67,67,67,67,67,67,67,67,67,67,67,67,67,67,67,67,67,67,67,67,67,67,67,67,64,64,64,64,64],"relic_stats":{"Nunchaku":[16],"counters":[25,128],"Bloody Idol":70,"Snecko Eye":[111,85,100,86],"MealTicket":51,"Ginger":[6],"obtain_stats":[{"Lantern":45,"Golden Idol":3,"Quantum Egg":10,"The Courier":23,"Ginger":10,"BlackCat":0,"reliquary:FerryPass":8,"keyreminder:keyreminder":10,"SlaversCollar":17,"Nunchaku":19,"Replay:Baseball":43,"Bloody Idol":22,"Snecko Eye":34,"MealTicket":9,"Molten Egg 2":26},{"Lantern":23,"Golden Idol":2,"Quantum Egg":6,"The Courier":12,"Ginger":6,"BlackCat":0,"reliquary:FerryPass":5,"keyreminder:keyreminder":6,"SlaversCollar":9,"Nunchaku":10,"Replay:Baseball":21,"Bloody Idol":11,"Snecko Eye":16,"MealTicket":5,"Molten Egg 2":13},{"Lantern":112,"Golden Idol":7,"Quantum Egg":25,"The Courier":59,"Ginger":25,"BlackCat":0,"reliquary:FerryPass":21,"keyreminder:keyreminder":25,"SlaversCollar":45,"Nunchaku":50,"Replay:Baseball":105,"Bloody Idol":54,"Snecko Eye":83,"MealTicket":21,"Molten Egg 2":64}]},"card_choices":[{"not_picked":["CorruptBlood","BleedOut"],"picked":"Bewitch","floor":0},{"not_picked":["RiteOfWinter","Thundercloud"],"picked":"Shrooms","floor":1},{"not_picked":["NighInvulnerability","GnarledBody"],"picked":"MagicFang","floor":2},{"not_picked":["CorruptBlood","RiteOfWinter"],"picked":"SkullFlask","floor":5},{"not_picked":["KarmaDrain","BlackBolt"],"picked":"Broomstick","floor":7},{"not_picked":["RiteOfSummer","MementoMori"],"picked":"StrangeBrew","floor":8},{"not_picked":["Thundercloud","Decrepify","RoilingBarrier"],"picked":"SKIP","floor":10},{"not_picked":["Bewitch","SoulBarrier"],"picked":"SummonCatFamiliar","floor":11},{"not_picked":["SkullFlask","GnarledBody"],"picked":"BoneCarving","floor":14},{"not_picked":["Atonement","SummonCatFamiliar"],"picked":"BoneCarving+1","floor":18},{"not_picked":["SaltCircle+1","RiteOfAutumn"],"picked":"DeliriumForm","floor":21},{"not_picked":["SummonCatFamiliar","WickedThoughts"],"picked":"CrystalResonance","floor":23},{"not_picked":["Bewitch+1","TwistedMind"],"picked":"GhoulTouch","floor":25},{"not_picked":["SaltCircle","Atonement"],"picked":"Harmlessness","floor":28},{"not_picked":["BalefulWard","RiteOfAutumn","SoulBarrier"],"picked":"SKIP","floor":31},{"not_picked":["DeliriumForm","DarkProcession"],"picked":"UnluckySeven","floor":33},{"not_picked":["TwistedMind+1","SummonOwlFamiliar","PainBolt+1"],"picked":"SKIP","floor":35},{"not_picked":["Demonfyre+1","EvilEye+1"],"picked":"Twitch","floor":38},{"not_picked":["LivingBomb+1","SoulBarrier+1"],"picked":"SkullFlask+1","floor":39},{"not_picked":["SkullFlask+1","Atonement+1"],"picked":"Malady+1","floor":40},{"not_picked":["BoneCarving+1","TwistedMind+1","SoulBarrier+1"],"picked":"SKIP","floor":41},{"not_picked":["BleedOut+1","CorruptBlood+1","WickedThoughts"],"picked":"SKIP","floor":44},{"not_picked":["GrimVengeance","SummonBatFamiliar","MementoMori+1"],"picked":"SKIP","floor":45},{"not_picked":["Athame+1","IllOmen","SummonBatFamiliar"],"picked":"SKIP","floor":48}],"player_experience":1035617,"relics_obtained":[{"floor":8,"key":"reliquary:FerryPass"},{"floor":9,"key":"MealTicket"},{"floor":10,"key":"Ginger"},{"floor":10,"key":"Quantum Egg"},{"floor":23,"key":"The Courier"},{"floor":26,"key":"Molten Egg 2"},{"floor":43,"key":"Replay:Baseball"},{"floor":45,"key":"Lantern"}],"event_choices":[{"damage_healed":0,"gold_gain":0,"player_choice":"Take Damage","damage_taken":16,"relics_obtained":["Golden Idol"],"max_hp_gain":0,"max_hp_loss":0,"event_name":"Golden Idol","floor":3,"gold_loss":0},{"damage_healed":0,"gold_gain":0,"player_choice":"Obtained Relic","damage_taken":0,"relics_obtained":["Nunchaku"],"max_hp_gain":0,"max_hp_loss":0,"event_name":"Addict","floor":19,"gold_loss":85},{"damage_healed":0,"gold_gain":0,"player_choice":"Ignored","damage_taken":0,"max_hp_gain":0,"max_hp_loss":0,"event_name":"Vampires","floor":20,"gold_loss":0},{"damage_healed":0,"gold_gain":0,"player_choice":"Gave Idol","damage_taken":0,"relics_obtained":["Bloody Idol"],"max_hp_gain":0,"max_hp_loss":0,"event_name":"Forgotten Altar","floor":22,"relics_lost":["Golden Idol"],"gold_loss":0},{"cards_removed":["Strike_Witch"],"damage_healed":0,"gold_gain":0,"player_choice":"Card Removal","damage_taken":0,"max_hp_gain":0,"max_hp_loss":0,"event_name":"Wheel of Change","floor":36,"gold_loss":0},{"damage_healed":0,"gold_gain":0,"player_choice":"Max HP","damage_taken":0,"max_hp_gain":0,"max_hp_loss":3,"event_name":"Winding Halls","floor":46,"gold_loss":0}],"is_beta":false,"boss_relics":[{"not_picked":["reliquary:RedCape","Snecko Heart"],"picked":"SlaversCollar"},{"not_picked":["reliquary:RedPaperclip","SacredBark"],"picked":"Snecko Eye"}],"items_purged_floors":[12,30,47],"is_endless":false,"potions_floor_spawned":[2,5,7,10,16,21,25,31,39,41,45],"ascension_level":8}}