{"host":"lg52aq764g9v2r4m","time":1612593231,"event":{"mods":["2.2 Compatiblity","BaseMod","Minty Spire (QoL Compilation)"],"gold_per_floor":[118,22,22,197,222,222,243,243,320,338,362,114,128,147,147,266,266,287,287,287,144,144,144],"floor_reached":22,"language":"ENG","playtime":2351,"items_purged":["Doubt"],"score":174,"play_id":"f7cfe0e4-c0f8-447f-8c08-09aea19533ab","local_time":"20210206013351","is_ascension_mode":false,"campfire_choices":[{"data":"Flex","floor":6,"key":"SMITH"},{"data":"Heavy Blade","floor":8,"key":"SMITH"},{"data":"Flex","floor":15,"key":"SMITH"}],"circlet_count":0,"master_deck":["Strike_R+1","Strike_R+1","Strike_R+1","Strike_R+1","Strike_R+1","Defend_R+1","Defend_R+1","Defend_R+1","Defend_R+1","Bash","Cleave","Flex+1","Heavy Blade+1","Flex+1","Warcry","Heavy Blade","Metallicize","Feed","Ghostly Armor","Reaper","Spot Weakness","RitualDagger"],"relics":["Black Blood","Golden Idol","Bag of Marbles","Bottled Flame","Regal Pillow"],"acts_visited":["Exordium","TheCity"],"potions_floor_usage":[16,16,16],"damage_taken":[{"damage":5,"enemies":"Cultist","floor":1,"turns":4},{"damage":0,"enemies":"2 Louse","floor":7,"turns":1},{"damage":0,"enemies":"Small Slimes","floor":10,"turns":1},{"damage":12,"enemies":"Looter","floor":11,"turns":4},{"damage":9,"enemies":"Exordium Thugs","floor":13,"turns":4},{"damage":8,"enemies":"Gremlin Gang","floor":14,"turns":4},{"damage":8,"enemies":"The Guardian","floor":16,"turns":7},{"damage":63,"enemies":"Chosen","floor":18,"turns":9},{"damage":34,"enemies":"Shell Parasite","floor":22,"turns":5}],"seed_played":"3475568375788485413","potions_obtained":[{"floor":7,"key":"LiquidBronze"},{"floor":13,"key":"HeartOfIron"},{"floor":16,"key":"Block Potion"},{"floor":18,"key":"Dexterity Potion"}],"is_trial":false,"path_per_floor":["M","$","?","?","T","R","M","R","T","M","M","$","M","M","R","B",null,"M","?","?","$","M"],"character_chosen":"IRONCLAD","items_purchased":["Heavy Blade","Flex","CultistPotion","Feed","Regal Pillow"],"campfire_rested":0,"item_purchase_floors":[2,2,12,12,21],"current_hp_per_floor":[80,80,60,60,60,60,66,66,66,72,66,66,66,67,67,65,86,35,29,29,29,0,0],"gold":144,"neow_bonus":"THREE_CARDS","is_daily":false,"chose_seed":false,"campfire_upgraded":3,"win_rate":0.0,"timestamp":1612593231,"path_taken":["M","?","?","?","?","R","?","R","T","?","M","?","M","M","R","BOSS","M","?","?","?","?"],"items_purchased_type":["Card","Card","Potion","Card","Relic"],"build_version":"2020-12-22","purchased_purges":1,"victory":false,"max_hp_per_floor":[80,80,80,80,80,80,80,80,80,80,80,80,83,86,86,86,86,86,86,86,86,86,86],"card_choices":[{"not_picked":["Sever Soul","Anger"],"picked":"Cleave","floor":0},{"not_picked":["Anger","Twin Strike"],"picked":"Flex","floor":1},{"not_picked":["Armaments","True Grit"],"picked":"Warcry","floor":7},{"not_picked":["Flame Barrier","Shrug It Off"],"picked":"Heavy Blade","floor":10},{"not_picked":["Fire Breathing","Whirlwind"],"picked":"Metallicize","floor":11},{"not_picked":["Sword Boomerang","Burning Pact"],"picked":"Ghostly Armor","floor":13},{"not_picked":["Flex","Anger","Metallicize"],"picked":"SKIP","floor":14},{"not_picked":["Feed","Bludgeon"],"picked":"Reaper","floor":16},{"not_picked":["Anger+1","Blood for Blood"],"picked":"Spot Weakness","floor":18}],"player_experience":46069,"relics_obtained":[{"floor":5,"key":"Bag of Marbles"},{"floor":9,"key":"Bottled Flame"}],"event_choices":[{"damage_healed":0,"gold_gain":0,"player_choice":"Take Damage","damage_taken":20,"relics_obtained":["Golden Idol"],"max_hp_gain":0,"max_hp_loss":0,"event_name":"Golden Idol","floor":3,"gold_loss":0},{"damage_healed":0,"gold_gain":175,"player_choice":"AGREE","damage_taken":0,"max_hp_gain":0,"max_hp_loss":0,"event_name":"Liars Game","floor":4,"gold_loss":0,"cards_obtained":["Doubt"]},{"damage_healed":0,"gold_gain":0,"player_choice":"Joined the Cult","damage_taken":6,"max_hp_gain":0,"max_hp_loss":0,"event_name":"Nest","floor":19,"gold_loss":0,"cards_obtained":["RitualDagger"]},{"damage_healed":0,"gold_gain":0,"player_choice":"Simplicity","damage_taken":0,"max_hp_gain":0,"max_hp_loss":0,"event_name":"Back to Basics","floor":20,"gold_loss":0,"cards_upgraded":["Strike_R","Strike_R","Strike_R","Strike_R","Strike_R","Defend_R","Defend_R","Defend_R","Defend_R"]}],"is_beta":false,"boss_relics":[{"not_picked":["Cursed Key","Sozu"],"picked":"Black Blood"}],"items_purged_floors":[12],"is_endless":false,"potions_floor_spawned":[7,13,14,16,18],"killed_by":"Shell Parasite","ascension_level":0}}