{"host":"yvb207ks1sg3cxef","time":1612642331,"event":{"mods":["2.2 Compatiblity","BaseMod","Bestiary","Colored Powertips","Minty Spire (QoL Compilation)","Permanent Neow","Quick Restart","Relic Stats","StSLib"],"gold_per_floor":[154,185,224,224,224,299,299,311,359,359,410,423,491,592,604,737,749,776,807,339,438,438,471,471,471,471],"floor_reached":25,"language":"ENG","playtime":1338,"items_purged":["Strike_B"],"score":301,"play_id":"2cba2770-1b3c-44e9-b46f-f754ddad4d4f","local_time":"20210207014211","is_ascension_mode":true,"campfire_choices":[{"data":"HandOfGreed","floor":7.0,"key":"SMITH"},{"data":"Genetic Algorithm","floor":10.0,"key":"SMITH"},{"data":"Loop","floor":15.0,"key":"SMITH"}],"circlet_count":0,"master_deck":["Strike_B","Strike_B","Strike_B","Defend_B","Defend_B","Defend_B","Defend_B","Zap","Dualcast","HandOfGreed+1","Steam","Streamline","Defragment","Conserve Battery","Genetic Algorithm+1","Steam","Loop+1","Creative AI","CurseOfTheBell","Undo","Violence","Chill"],"relics":["Cracked Core","Bottled Lightning","MealTicket","Blood Vial","MawBank","Calling Bell","Potion Belt","Ornamental Fan","CaptainsWheel","Membership Card","WingedGreaves","Peace Pipe","Bronze Scales"],"acts_visited":["Exordium","TheCity"],"potions_floor_usage":[],"damage_taken":[{"damage":2.0,"enemies":"2 Louse","floor":1.0,"turns":4.0},{"damage":0.0,"enemies":"Jaw Worm","floor":2.0,"turns":3.0},{"damage":1.0,"enemies":"Cultist","floor":3.0,"turns":4.0},{"damage":19.0,"enemies":"3 Sentries","floor":6.0,"turns":10.0},{"damage":4.0,"enemies":"Looter","floor":8.0,"turns":3.0},{"damage":16.0,"enemies":"Lagavulin","floor":11.0,"turns":7.0},{"damage":3.0,"enemies":"Blue Slaver","floor":12.0,"turns":4.0},{"damage":4.0,"enemies":"Exordium Thugs","floor":13.0,"turns":6.0},{"damage":23.0,"enemies":"3 Sentries","floor":14.0,"turns":12.0},{"damage":3.0,"enemies":"Hexaghost","floor":16.0,"turns":8.0},{"damage":5.0,"enemies":"Shell Parasite","floor":18.0,"turns":8.0},{"damage":3.0,"enemies":"Chosen","floor":19.0,"turns":7.0},{"damage":59.0,"enemies":"Slavers","floor":23.0,"turns":12.0},{"damage":0,"enemies":"Snecko","floor":25,"turns":1}],"seed_played":"-607272362189622117","potions_obtained":[{"floor":1.0,"key":"Swift Potion"},{"floor":3.0,"key":"AttackPotion"},{"floor":6.0,"key":"SneckoOil"},{"floor":12.0,"key":"SpeedPotion"},{"floor":16.0,"key":"FocusPotion"}],"is_trial":false,"path_per_floor":["M","M","M","?","?","E","R","M","T","R","E","M","M","E","R","B",null,"M","M","$","?","?","E","T","M"],"character_chosen":"DEFECT","items_purchased":["Membership Card","AttackPotion","PowerPotion","WingedGreaves","Violence"],"campfire_rested":0,"item_purchase_floors":[20,20,20,20,20],"current_hp_per_floor":[66,66,65,70,70,51,51,47,47,47,31,30,28,7,7,6,56,53,52,67,67,67,10,10,12,12],"gold":471,"neow_bonus":"RANDOM_COLORLESS_2","is_daily":false,"chose_seed":false,"campfire_upgraded":3,"win_rate":0.0,"timestamp":1612642331,"path_taken":["M","M","M","?","?","E","R","M","T","R","E","M","M","E","R","BOSS","M","M","$","?","?","E","?","?"],"items_purchased_type":["Relic","Potion","Potion","Relic","Card"],"build_version":"2020-12-22","purchased_purges":1,"victory":false,"max_hp_per_floor":[68,68,68,73,73,73,73,73,73,73,73,73,73,73,73,73,73,73,73,73,73,73,73,73,73,73],"relic_stats":{"Blood Vial":16,"Peace Pipe":0,"counters":[14,89],"Ornamental Fan":[0],"Bronze Scales":[0],"MealTicket":15,"MawBank":72,"obtain_stats":[{"Potion Belt":17,"MawBank":14,"Blood Vial":11,"Calling Bell":17,"Peace Pipe":23,"CaptainsWheel":17,"Ornamental Fan":17,"Bronze Scales":24,"MealTicket":9,"WingedGreaves":20,"Bottled Lightning":6,"Membership Card":20,"Cracked Core":0},{"Potion Belt":10,"MawBank":9,"Blood Vial":6,"Calling Bell":10,"Peace Pipe":13,"CaptainsWheel":10,"Ornamental Fan":10,"Bronze Scales":13,"MealTicket":5,"WingedGreaves":12,"Bottled Lightning":4,"Membership Card":12,"Cracked Core":0},{"Potion Belt":61,"MawBank":53,"Blood Vial":31,"Calling Bell":61,"Peace Pipe":88,"CaptainsWheel":61,"Ornamental Fan":61,"Bronze Scales":88,"MealTicket":24,"WingedGreaves":76,"Bottled Lightning":21,"Membership Card":76,"Cracked Core":0}]},"card_choices":[{"not_picked":["Thinking Ahead","Mayhem"],"picked":"HandOfGreed","floor":0.0},{"not_picked":["Go for the Eyes","Rip and Tear"],"picked":"Steam","floor":1.0},{"not_picked":["Gash","Go for the Eyes"],"picked":"Streamline","floor":2.0},{"not_picked":["Stack","Coolheaded"],"picked":"Defragment","floor":3.0},{"not_picked":["Turbo","Rebound"],"picked":"Genetic Algorithm","floor":6.0},{"not_picked":["Scrape","Stack"],"picked":"Steam","floor":8.0},{"not_picked":["Self Repair","Melter"],"picked":"Loop","floor":11.0},{"not_picked":["Chaos","Darkness","Streamline"],"picked":"SKIP","floor":12.0},{"not_picked":["Barrage","Aggregate","Steam"],"picked":"SKIP","floor":13.0},{"not_picked":["Consume","Compile Driver","Skim"],"picked":"SKIP","floor":14.0},{"not_picked":["Seek","Hyperbeam"],"picked":"Creative AI","floor":16.0},{"not_picked":["Rebound","Steam+1","Turbo+1"],"picked":"SKIP","floor":18.0},{"not_picked":["Ball Lightning","Auto Shields"],"picked":"Undo","floor":19.0},{"not_picked":["Chaos","Darkness"],"picked":"Chill","floor":23.0}],"player_experience":516622,"relics_obtained":[{"floor":6.0,"key":"Bottled Lightning"},{"floor":9.0,"key":"MealTicket"},{"floor":11.0,"key":"Blood Vial"},{"floor":14.0,"key":"MawBank"},{"floor":17.0,"key":"Potion Belt"},{"floor":17.0,"key":"Ornamental Fan"},{"floor":17.0,"key":"CaptainsWheel"},{"floor":23.0,"key":"Peace Pipe"},{"floor":24.0,"key":"Bronze Scales"}],"event_choices":[{"damage_healed":0.0,"max_hp_gain":5.0,"max_hp_loss":0.0,"gold_gain":0.0,"event_name":"Big Fish","player_choice":"Donut","floor":4.0,"gold_loss":0.0,"damage_taken":0.0},{"damage_healed":0.0,"max_hp_gain":0.0,"max_hp_loss":0.0,"gold_gain":0.0,"event_name":"Match and Keep!","player_choice":"1 cards matched","floor":5.0,"gold_loss":0.0,"damage_taken":0.0,"cards_obtained":["Conserve Battery"]},{"damage_healed":0.0,"max_hp_gain":0.0,"max_hp_loss":0.0,"gold_gain":99.0,"event_name":"Nest","player_choice":"Stole From Cult","floor":21.0,"gold_loss":0.0,"damage_taken":0.0},{"damage_healed":0.0,"max_hp_gain":0.0,"max_hp_loss":0.0,"gold_gain":0.0,"event_name":"Vampires","player_choice":"Ignored","floor":22.0,"gold_loss":0.0,"damage_taken":0.0}],"is_beta":false,"boss_relics":[{"not_picked":["Astrolabe","Busted Crown"],"picked":"Calling Bell"}],"items_purged_floors":[20],"is_endless":false,"potions_floor_spawned":[1,3,6,12,16],"killed_by":"Snecko","ascension_level":5}}