{"host":"2ty4h143nj8vwezc","time":1612587534,"event":{"mods":["BaseMod","Colored Map","Googly Eyes","Highlight Path","Minty Spire (QoL Compilation)","Quick Restart","StSLib"],"gold_per_floor":[114,114,131,131,141,174,186,186,241,241,274,274,287,209,209,280,280,294,294,30,46,46,46,46,46],"floor_reached":24,"language":"ENG","playtime":965,"items_purged":["Blade Dance"],"score":408,"play_id":"ac076125-33c2-47bd-a5fc-56327afad7e9","local_time":"20210205235854","is_ascension_mode":true,"campfire_choices":[{"floor":10,"key":"REST"},{"floor":12,"key":"REST"},{"floor":15,"key":"REST"},{"floor":23,"key":"REST"}],"circlet_count":0,"master_deck":["AscendersBane","Strike_G","Strike_G","Strike_G","Defend_G","Defend_G","Defend_G","Defend_G","Defend_G","Survivor","Neutralize","Bane","Sucker Punch","Catalyst","Crippling Poison","Setup","Burst","Catalyst","Corpse Explosion","CurseOfTheBell","Deadly Poison","Catalyst","Footwork","PiercingWail"],"relics":["Ring of the Snake","NeowsBlessing","Lantern","Smiling Mask","Juzu Bracelet","Mummified Hand","Calling Bell","InkBottle","Peace Pipe","Happy Flower","Membership Card"],"acts_visited":["Exordium","TheCity"],"potions_floor_usage":[6,7,11,21,21,21,21],"damage_taken":[{"damage":0,"enemies":"2 Louse","floor":1,"turns":1},{"damage":0,"enemies":"Cultist","floor":3,"turns":1},{"damage":0,"enemies":"Jaw Worm","floor":5,"turns":1},{"damage":30,"enemies":"Gremlin Nob","floor":6,"turns":4},{"damage":6,"enemies":"Gremlin Gang","floor":7,"turns":5},{"damage":27,"enemies":"3 Sentries","floor":11,"turns":9},{"damage":9,"enemies":"Exordium Wildlife","floor":13,"turns":4},{"damage":25,"enemies":"The Guardian","floor":16,"turns":9},{"damage":39,"enemies":"2 Thieves","floor":18,"turns":3},{"damage":0,"enemies":"Spheric Guardian","floor":21,"turns":3},{"damage":43,"enemies":"Slavers","floor":24,"turns":3}],"seed_played":"-197409801114016836","potions_obtained":[{"floor":5,"key":"SkillPotion"},{"floor":6,"key":"Energy Potion"},{"floor":7,"key":"LiquidBronze"},{"floor":11,"key":"Ancient Potion"},{"floor":18,"key":"EntropicBrew"}],"is_trial":false,"path_per_floor":["M","?","M","?","M","E","M","T","T","R","E","R","M","$","R","B",null,"M","?","$","M","?","R","E"],"character_chosen":"THE_SILENT","items_purchased":["Catalyst","Footwork","Membership Card"],"campfire_rested":4,"item_purchase_floors":[14,20,20],"current_hp_per_floor":[59,59,59,59,59,29,23,23,23,42,15,34,25,25,44,19,54,15,15,15,15,15,34,0,0],"gold":46,"neow_bonus":"THREE_ENEMY_KILL","is_daily":false,"chose_seed":false,"campfire_upgraded":0,"win_rate":0.0,"timestamp":1612587534,"path_taken":["M","?","?","?","?","E","?","?","T","R","E","R","M","$","R","BOSS","M","?","$","M","?","R","E"],"items_purchased_type":["Card","Card","Relic"],"build_version":"2020-12-22","purchased_purges":1,"victory":false,"max_hp_per_floor":[66,66,66,66,66,66,66,66,66,66,66,66,66,66,66,66,66,66,66,66,66,66,66,66,66],"card_choices":[{"not_picked":["Distraction","Underhanded Strike"],"picked":"Bane","floor":1},{"not_picked":["Quick Slash","Endless Agony"],"picked":"Blade Dance","floor":3},{"not_picked":["Eviscerate","Sucker Punch"],"picked":"Catalyst","floor":5},{"not_picked":["Eviscerate","Dagger Throw"],"picked":"Crippling Poison","floor":6},{"not_picked":["All Out Attack","Leg Sweep"],"picked":"Setup","floor":7},{"not_picked":["Deflect","Bane"],"picked":"Burst","floor":11},{"not_picked":["Prepared","Acrobatics","Deflect"],"picked":"SKIP","floor":13},{"not_picked":["Burst","Envenom"],"picked":"Corpse Explosion","floor":16},{"not_picked":["Poisoned Stab","All Out Attack"],"picked":"Deadly Poison","floor":18},{"not_picked":["Leg Sweep","Underhanded Strike"],"picked":"PiercingWail","floor":21}],"player_experience":346433,"relics_obtained":[{"floor":6,"key":"Lantern"},{"floor":8,"key":"Smiling Mask"},{"floor":9,"key":"Juzu Bracelet"},{"floor":11,"key":"Mummified Hand"},{"floor":17,"key":"InkBottle"},{"floor":17,"key":"Peace Pipe"},{"floor":17,"key":"Happy Flower"}],"event_choices":[{"cards_removed":["Strike_G"],"damage_healed":0,"gold_gain":0,"player_choice":"Purged","damage_taken":0,"max_hp_gain":0,"max_hp_loss":0,"event_name":"Purifier","floor":2,"gold_loss":0},{"damage_healed":0,"gold_gain":0,"cards_transformed":["Strike_G"],"player_choice":"Transformed","damage_taken":0,"max_hp_gain":0,"max_hp_loss":0,"event_name":"Transmorgrifier","floor":4,"gold_loss":0,"cards_obtained":["Sucker Punch"]},{"damage_healed":0,"gold_gain":0,"player_choice":"Copied","damage_taken":0,"max_hp_gain":0,"max_hp_loss":0,"event_name":"Duplicator","floor":19,"gold_loss":0,"cards_obtained":["Catalyst"]},{"damage_healed":0,"gold_gain":0,"player_choice":"Ignored","damage_taken":0,"max_hp_gain":0,"max_hp_loss":0,"event_name":"Vampires","floor":22,"gold_loss":0}],"is_beta":false,"boss_relics":[{"not_picked":["Ring of the Serpent","WristBlade"],"picked":"Calling Bell"}],"items_purged_floors":[20],"is_endless":false,"potions_floor_spawned":[5,6,7,11,18],"killed_by":"Slavers","ascension_level":20}}