{"host":"ijtyqc57s6c9mbij","time":1612592576,"event":{"mods":["BaseMod","Colored Map","Downfall","Minty Spire (QoL Compilation)","StSLib"],"gold_per_floor":[99,118,128,146,199,99,99,111,143,172,184,211,237,278,301,417,429,341,353,215,63,74,101,101,101,126,62,62,87,100,0,19,117,117,117,132,132,144,154,154,154,166,179,125,25,25,38,88,98,98,98,126,51,51,51,51],"floor_reached":57,"language":"ENG","playtime":5422,"items_purged":["downfall:Aged"],"score":1393,"play_id":"ecaa5ecb-5b7f-445f-9739-f0fc83eb1913","local_time":"20210205222256","is_ascension_mode":true,"campfire_choices":[{"floor":1,"key":"RECALL"},{"data":"Guardian:Orbwalk","floor":6,"key":"SMITH"},{"data":"Guardian:CurlUp","floor":8,"key":"SMITH"},{"data":"Guardian:TimeSifter","floor":18,"key":"SMITH"},{"data":"Guardian:FierceBash","floor":28,"key":"SMITH"},{"data":"Guardian:TimeSifter","floor":35,"key":"SMITH"},{"data":"Guardian:ExploitGems","floor":45,"key":"SMITH"},{"data":"Guardian:ArmoredProtocol","floor":54,"key":"SMITH"}],"circlet_count":0,"master_deck":["Guardian:Strike_Guardian","Guardian:Strike_Guardian","Guardian:Strike_Guardian","Guardian:Strike_Guardian","Guardian:Defend_Guardian","Guardian:Defend_Guardian","Guardian:Defend_Guardian","Guardian:Defend_Guardian","Guardian:CurlUp+1","Guardian:TwinSlam","Guardian:VentSteam","Guardian:Orbwalk+1","Guardian:PiercingHide","Guardian:Planning","Guardian:ArmoredProtocol+1","Guardian:FierceBash+1","Guardian:TimeSifter+1","Ghostly","Guardian:CompilePackage","Guardian:SpikerProtocol+1","Guardian:CompilePackage","Guardian:TemporalStrike","Guardian:ChargeUp+1","Guardian:ExploitGems+1","Guardian:ArmoredProtocol","Guardian:TimeSifter+1","Guardian:DonusPower","Guardian:ChargeUp+1","Guardian:ChargeCore+1","Guardian:EvasiveProtocol+1"],"relics":["Guardian:ModeShifter","Mango","Toy Ornithopter","downfall:HeartBlessingRed","MawBank","Anchor","Coffee Dripper","downfall:HeartBlessingGreen","Guardian:BottledStasis","Red Mask","Ice Cream","Lantern","StrikeDummy","Bird Faced Urn","bronze:DonusWashers","SlaversCollar","Guardian:StasisEgg","Du-Vu Doll","downfall:HeartBlessingBlue","hexamod:CandleOfCauterizing","FossilizedHelix","Akabeko"],"acts_visited":["Exordium","TheCity","TheBeyond","TheEnding"],"potions_floor_usage":[14,14,16,21,29,31,38,56,56,56],"damage_taken":[{"damage":8,"enemies":"Cultist","floor":2,"turns":6},{"damage":8,"enemies":"2 Louse","floor":3,"turns":3},{"damage":14,"enemies":"Jaw Worm","floor":4,"turns":3},{"damage":11,"enemies":"3 Louse","floor":9,"turns":3},{"damage":0,"enemies":"Exordium Wildlife","floor":10,"turns":3},{"damage":12,"enemies":"Red Slaver","floor":12,"turns":4},{"damage":0,"enemies":"Large Slime","floor":13,"turns":6},{"damage":11,"enemies":"Gremlin Nob","floor":14,"turns":6},{"damage":5,"enemies":"Gremlin Gang","floor":15,"turns":5},{"damage":21,"enemies":"IC_STATUS_ARCHETYPE","floor":16,"turns":5},{"damage":0,"enemies":"downfall:FleeingMerchant","floor":21,"turns":4},{"damage":0,"enemies":"Spheric Guardian","floor":22,"turns":5},{"damage":9,"enemies":"Masked Bandits","floor":23,"turns":5},{"damage":7,"enemies":"Slavers","floor":26,"turns":7},{"damage":0,"enemies":"downfall:FleeingMerchant","floor":27,"turns":4},{"damage":0,"enemies":"Gremlin Leader","floor":29,"turns":5},{"damage":0,"enemies":"Chosen","floor":30,"turns":3},{"damage":1,"enemies":"downfall:FleeingMerchant","floor":31,"turns":4},{"damage":0,"enemies":"Snake Plant","floor":32,"turns":3},{"damage":0,"enemies":"SI_MIRROR_ARCHETYPE","floor":33,"turns":8},{"damage":2,"enemies":"Orb Walker","floor":36,"turns":3},{"damage":8,"enemies":"3 Darklings","floor":38,"turns":5},{"damage":0,"enemies":"Jaw Worm Horde","floor":39,"turns":2},{"damage":32,"enemies":"Writhing Mass","floor":42,"turns":4},{"damage":8,"enemies":"Maw","floor":43,"turns":6},{"damage":15,"enemies":"Jaw Worm Horde","floor":47,"turns":4},{"damage":0,"enemies":"Jaw Worm Horde","floor":48,"turns":5},{"damage":0,"enemies":"4 Shapes","floor":49,"turns":2},{"damage":6,"enemies":"DF_ARCHETYPE_ORBS","floor":50,"turns":6},{"damage":16,"enemies":"downfall:CharBossMerchant","floor":52,"turns":7},{"damage":8,"enemies":"downfall:NeowBoss","floor":55,"turns":11},{"damage":69,"enemies":"downfall:NeowBossFinal","floor":56,"turns":8}],"seed_played":"-770068954384038270","potions_obtained":[{"floor":3,"key":"LiquidMemories"},{"floor":4,"key":"Weak Potion"},{"floor":13,"key":"Block Potion"},{"floor":15,"key":"hexamod:SoulburnPotion"},{"floor":22,"key":"Explosive Potion"},{"floor":26,"key":"Regen Potion"},{"floor":29,"key":"BlessingOfTheForge"},{"floor":30,"key":"AttackPotion"},{"floor":38,"key":"Swift Potion"},{"floor":39,"key":"Strength Potion"}],"is_trial":false,"path_per_floor":["R","M","M","M","T","R","T","R","M","M","?","M","M","E","M","B",null,"R","?","?","$","M","?","T","?","E","$","R","E","M","$","M","B",null,"R","M","?","M","M","?","T","M","M","$","R","T","M","?","M","B",null,"E","$","R","B","B",null],"character_chosen":"GUARDIAN","items_purchased":["Guardian:BottledStasis","Guardian:Gem_Red","Bird Faced Urn","bronze:DonusWashers","Guardian:Gem_Green"],"campfire_rested":0,"item_purchase_floors":[21,27,31,31,44],"current_hp_per_floor":[86,78,70,56,56,56,56,56,45,45,73,61,61,60,55,39,86,86,86,86,86,86,77,77,77,70,70,70,75,75,79,86,86,86,86,86,86,86,86,86,86,56,64,64,74,74,67,81,87,96,96,82,82,82,88,55],"gold":51,"neow_bonus":"ONE_RARE_RELIC","is_daily":false,"chose_seed":false,"campfire_upgraded":7,"win_rate":0.0,"timestamp":1612592576,"path_taken":["R","M","M","?","?","R","T","R","M","M","?","M","?","E","M","BOSS","R","?","?","?","?","?","T","?","E","$","R","E","?","$","M","BOSS","R","M","?","M","M","?","T","M","M","?","R","?","?","?","M","BOSS","E","$","R","BOSS","BOSS"],"items_purchased_type":["Relic","Card","Relic","Relic","Card"],"build_version":"2020-12-22","purchased_purges":1,"victory":true,"max_hp_per_floor":[86,86,86,86,86,86,86,86,86,86,86,86,86,86,86,86,86,86,86,86,86,86,86,86,86,86,86,86,86,86,86,86,86,86,86,86,86,86,86,86,86,86,86,86,96,96,96,96,96,96,96,96,96,96,96,96],"card_choices":[{"not_picked":["Guardian:Reroute","Guardian:Gem_Green"],"picked":"Guardian:Gem_Purple","floor":2},{"not_picked":["Guardian:RollAttack","Guardian:Gem_Fragmented"],"picked":"Guardian:VentSteam","floor":3},{"not_picked":["Guardian:GemFinder","Guardian:MultiBeam"],"picked":"Guardian:Orbwalk","floor":4},{"not_picked":["Guardian:Emergency","Guardian:WalkerClaw"],"picked":"Guardian:PiercingHide","floor":9},{"not_picked":["Guardian:TemporalStrike","Guardian:TemporalShield"],"picked":"Guardian:Planning","floor":10},{"not_picked":["Guardian:SpikerProtocol","Guardian:PrismaticBeam"],"picked":"Guardian:ArmoredProtocol","floor":12},{"not_picked":["Guardian:PrimingBeam","Guardian:Incinerate"],"picked":"Guardian:Gem_Cyan","floor":13},{"not_picked":["Guardian:Gem_Lightblue","Guardian:Incinerate"],"picked":"Guardian:FierceBash","floor":14},{"not_picked":["Guardian:ShieldCharger","Guardian:Emergency"],"picked":"Guardian:Gem_Green","floor":15},{"not_picked":["Guardian:StasisField","Guardian:RevengeProtocol"],"picked":"Guardian:TimeSifter","floor":16},{"not_picked":["Guardian:VentSteam","Guardian:TemporalShield"],"picked":"Guardian:CompilePackage","floor":21},{"not_picked":["Guardian:Reroute","Guardian:Emergency"],"picked":"Guardian:Gem_Yellow","floor":22},{"not_picked":["Guardian:Harden","Guardian:Gem_Cyan"],"picked":"Guardian:SpikerProtocol+1","floor":23},{"not_picked":["Guardian:PrimingBeam","Guardian:PrismaticBarrier+1"],"picked":"Guardian:Gem_Cyan","floor":26},{"not_picked":["Guardian:RollAttack","Guardian:TimeCapacitor"],"picked":"Guardian:CompilePackage","floor":27},{"not_picked":["Guardian:TemporalShield","Guardian:FloatingOrbs"],"picked":"Guardian:TemporalStrike","floor":29},{"not_picked":["Guardian:TemporalStrike","Guardian:PiercingHide"],"picked":"Guardian:ChargeUp+1","floor":30},{"not_picked":["Guardian:ArmoredProtocol","Guardian:Gem_Blue"],"picked":"Guardian:ExploitGems","floor":31},{"not_picked":["Guardian:Incinerate","Guardian:Gem_Lightblue"],"picked":"Guardian:ArmoredProtocol","floor":32},{"not_picked":["Guardian:HyperBeam_Guardian","Guardian:StasisStrike"],"picked":"Guardian:TimeSifter","floor":33},{"not_picked":["Guardian:VentSteam","Guardian:TemporalShield"],"picked":"Guardian:Gem_White","floor":36},{"not_picked":["Guardian:WalkerClaw","Guardian:PrismaticBarrier","Guardian:Reroute"],"picked":"SKIP","floor":38},{"not_picked":["Guardian:Planning","Guardian:FloatingOrbs"],"picked":"Guardian:Gem_Green","floor":39},{"not_picked":["Guardian:GemFinder","Guardian:Gem_Green"],"picked":"Guardian:Gem_Red","floor":42},{"not_picked":["Guardian:SentryBeam","Guardian:PrismaticBarrier+1","Guardian:RollAttack+1"],"picked":"SKIP","floor":43},{"not_picked":["Guardian:Gem_Red","Guardian:Gem_Yellow"],"picked":"Guardian:DonusPower","floor":47},{"not_picked":["Guardian:Gem_Lightblue","Guardian:Recover"],"picked":"Guardian:ChargeUp+1","floor":48},{"not_picked":["Guardian:CrystalBeam","Guardian:Gem_Green"],"picked":"Guardian:ChargeCore+1","floor":49},{"not_picked":["Guardian:PiercingHide","Guardian:TimeBomb+1"],"picked":"Guardian:EvasiveProtocol+1","floor":52}],"player_experience":970409,"relics_obtained":[{"floor":5,"key":"Toy Ornithopter"},{"floor":7,"key":"MawBank"},{"floor":14,"key":"Anchor"},{"floor":23,"key":"Red Mask"},{"floor":24,"key":"Ice Cream"},{"floor":26,"key":"Lantern"},{"floor":29,"key":"StrikeDummy"},{"floor":41,"key":"Du-Vu Doll"},{"floor":46,"key":"hexamod:CandleOfCauterizing"},{"floor":48,"key":"FossilizedHelix"},{"floor":52,"key":"Akabeko"}],"event_choices":[{"damage_healed":28,"gold_gain":0,"player_choice":"Banana","damage_taken":0,"max_hp_gain":0,"max_hp_loss":0,"event_name":"Big Fish","floor":11,"gold_loss":0},{"damage_healed":0,"gold_gain":0,"player_choice":"Read","damage_taken":0,"max_hp_gain":0,"max_hp_loss":0,"event_name":"The Library","floor":19,"gold_loss":0,"cards_obtained":["Guardian:Gem_Crimson"]},{"damage_healed":0,"gold_gain":0,"player_choice":"Fought Bandits","damage_taken":0,"max_hp_gain":0,"max_hp_loss":0,"event_name":"Masked Bandits","floor":23,"gold_loss":0}],"is_beta":false,"boss_relics":[{"not_picked":["Guardian:StasisSlotReductionRelic","Astrolabe"],"picked":"Coffee Dripper"},{"not_picked":["Sozu","Empty Cage"],"picked":"SlaversCollar"}],"items_purged_floors":[53],"is_endless":false,"potions_floor_spawned":[3,4,13,15,22,26,29,30,38,39,42,52],"ascension_level":2}}