{"host":"wubxp7apcx31ieu1","time":1612597739,"event":{"mods":["AchievementEnabler","BaseMod","Colored Map","Colored Powertips","Highlight Path","Minty Spire (QoL Compilation)","Permanent Neow","Quick Restart","Random Character Button","SuperFastMode","Synergy Search"],"gold_per_floor":[13,13,29,43,118,151,169,169,250,270,284,284,284,297,297,421,421,435,435,460,484,484,484,524,557,608,161,177,177,177,201,201,201,201],"floor_reached":33,"language":"ENG","playtime":1850,"items_purged":[],"score":317,"play_id":"c7ba3fdb-cfe8-4a9c-8aa9-bb685fbc401e","local_time":"20210206154859","is_ascension_mode":false,"campfire_choices":[{"data":"1","floor":12.0,"key":"LIFT"},{"data":"2","floor":15.0,"key":"LIFT"},{"data":"3","floor":23,"key":"LIFT"},{"data":"Night Terror","floor":29,"key":"SMITH"},{"data":"Footwork","floor":32,"key":"SMITH"}],"circlet_count":0,"master_deck":["Strike_G+1","Strike_G+1","Strike_G+1","Defend_G+1","Defend_G+1","Defend_G+1","Defend_G+1","Survivor","Neutralize","Bullet Time","Accuracy","Blur","Terror+1","Blade Dance","Distraction","PiercingWail","Trip","Neutralize","Acrobatics","Night Terror+1","CurseOfTheBell","Die Die Die","Backstab+1","PiercingWail","Dagger Throw","Leg Sweep","Footwork","Backflip","Cloak And Dagger","Footwork+1","Finisher","Outmaneuver+1"],"relics":["Ring of the Snake","Golden Idol","Girya","Meat on the Bone","Calling Bell","Juzu Bracelet","Darkstone Periapt","Thread and Needle","Red Mask","Blood Vial","Regal Pillow","MealTicket"],"acts_visited":["Exordium","TheCity"],"potions_floor_usage":[24],"damage_taken":[{"damage":9.0,"enemies":"Jaw Worm","floor":1.0,"turns":5.0},{"damage":0.0,"enemies":"2 Louse","floor":3.0,"turns":4.0},{"damage":0.0,"enemies":"Small Slimes","floor":4.0,"turns":4.0},{"damage":31.0,"enemies":"Lagavulin","floor":6.0,"turns":11.0},{"damage":0.0,"enemies":"Red Slaver","floor":7.0,"turns":3.0},{"damage":5.0,"enemies":"Lots of Slimes","floor":10.0,"turns":5.0},{"damage":21.0,"enemies":"Exordium Wildlife","floor":11.0,"turns":5.0},{"damage":0.0,"enemies":"2 Fungi Beasts","floor":14.0,"turns":3.0},{"damage":0.0,"enemies":"Hexaghost","floor":16.0,"turns":6.0},{"damage":30.0,"enemies":"3 Byrds","floor":18.0,"turns":7.0},{"damage":11,"enemies":"Chosen","floor":20,"turns":6},{"damage":1,"enemies":"Snake Plant","floor":21,"turns":4},{"damage":11,"enemies":"Masked Bandits","floor":24,"turns":6},{"damage":3,"enemies":"Gremlin Leader","floor":25,"turns":6},{"damage":6,"enemies":"Centurion and Healer","floor":28,"turns":4},{"damage":43,"enemies":"Automaton","floor":33,"turns":10}],"seed_played":"-6153065080550984309","potions_obtained":[{"floor":1.0,"key":"GhostInAJar"},{"floor":3.0,"key":"FearPotion"},{"floor":7.0,"key":"FearPotion"},{"floor":11.0,"key":"AttackPotion"},{"floor":14.0,"key":"Swift Potion"},{"floor":20,"key":"Dexterity Potion"},{"floor":28,"key":"Energy Potion"}],"is_trial":false,"path_per_floor":["M","?","M","M","?","E","M","?","T","M","M","R","?","M","R","B",null,"M","?","M","M","?","R","?","E","T","$","M","R","?","T","R","B"],"character_chosen":"THE_SILENT","items_purchased":["Cloak And Dagger","Footwork","Fruit Juice","Finisher","Regal Pillow"],"campfire_rested":0,"item_purchase_floors":[27,27,27,27,27],"current_hp_per_floor":[61,61,61,61,50,19,19,19,19,26,17,17,17,29,29,41,65,35,35,36,35,35,35,36,33,33,33,41,41,41,41,41,0,0],"gold":201,"neow_bonus":"THREE_RARE_CARDS","is_daily":false,"chose_seed":false,"campfire_upgraded":2,"win_rate":0.0,"timestamp":1612597739,"path_taken":["M","?","M","M","?","E","M","?","T","M","M","R","?","M","R","BOSS","M","?","M","M","?","R","?","E","T","$","M","R","?","?","R","BOSS"],"items_purchased_type":["Card","Card","Potion","Card","Relic"],"build_version":"2020-12-22","purchased_purges":0,"victory":false,"max_hp_per_floor":[70,65,65,65,65,65,65,65,65,65,65,65,65,65,65,65,65,65,65,65,65,65,65,65,65,65,65,65,65,65,65,65,65,65],"card_choices":[{"not_picked":["Malaise","Wraith Form v2"],"picked":"Bullet Time","floor":0.0},{"not_picked":["Flying Knee","Outmaneuver"],"picked":"Accuracy","floor":1.0},{"not_picked":["Dash","Slice"],"picked":"Blur","floor":3.0},{"not_picked":["Dash","Crippling Poison"],"picked":"Terror","floor":4.0},{"not_picked":["Accuracy","Tactician"],"picked":"Blade Dance","floor":6.0},{"not_picked":["Dagger Throw","Backstab"],"picked":"Distraction","floor":7.0},{"not_picked":["Escape Plan","Underhanded Strike"],"picked":"PiercingWail","floor":10.0},{"not_picked":["Noxious Fumes","Deadly Poison","Poisoned Stab"],"picked":"SKIP","floor":11.0},{"not_picked":["Backstab","Catalyst"],"picked":"Acrobatics","floor":14.0},{"not_picked":["Die Die Die","A Thousand Cuts"],"picked":"Night Terror","floor":16.0},{"not_picked":["Deadly Poison","Slice","Dagger Throw"],"picked":"SKIP","floor":18.0},{"not_picked":["Terror","Poisoned Stab+1"],"picked":"Backstab+1","floor":20},{"not_picked":["Blur","Crippling Poison"],"picked":"PiercingWail","floor":21},{"not_picked":["Outmaneuver","Choke"],"picked":"Footwork","floor":24},{"not_picked":["Poisoned Stab","Terror"],"picked":"Backflip","floor":25},{"not_picked":["Reflex+1","Choke"],"picked":"Outmaneuver+1","floor":28}],"player_experience":73712,"relics_obtained":[{"floor":6.0,"key":"Girya"},{"floor":9.0,"key":"Meat on the Bone"},{"floor":17.0,"key":"Juzu Bracelet"},{"floor":17.0,"key":"Darkstone Periapt"},{"floor":17.0,"key":"Thread and Needle"},{"floor":24,"key":"Red Mask"},{"floor":25,"key":"Blood Vial"},{"floor":31,"key":"MealTicket"}],"event_choices":[{"damage_healed":0.0,"max_hp_gain":0.0,"max_hp_loss":5.0,"gold_gain":0.0,"event_name":"Golden Idol","player_choice":"Lose Max HP","floor":2.0,"gold_loss":0.0,"damage_taken":0.0,"relics_obtained":["Golden Idol"]},{"damage_healed":0.0,"max_hp_gain":0.0,"max_hp_loss":0.0,"gold_gain":75.0,"event_name":"World of Goop","player_choice":"Gather Gold","floor":5.0,"gold_loss":0.0,"damage_taken":11.0},{"damage_healed":0.0,"max_hp_gain":0.0,"max_hp_loss":0.0,"gold_gain":0.0,"event_name":"Living Wall","player_choice":"Grow","floor":8.0,"gold_loss":0.0,"damage_taken":0.0,"cards_upgraded":["Terror"]},{"damage_healed":0.0,"max_hp_gain":0.0,"max_hp_loss":0.0,"gold_gain":0.0,"event_name":"Match and Keep!","player_choice":"2 cards matched","floor":13.0,"gold_loss":0.0,"damage_taken":0.0,"cards_obtained":["Trip","Neutralize"]},{"damage_healed":0.0,"max_hp_gain":0.0,"max_hp_loss":0.0,"gold_gain":0.0,"cards_transformed":["Strike_G"],"event_name":"Transmorgrifier","player_choice":"Transformed","floor":19.0,"gold_loss":0.0,"damage_taken":0.0,"cards_obtained":["Die Die Die"]},{"damage_healed":0,"gold_gain":0,"cards_transformed":["Defend_G","Strike_G"],"player_choice":"Became Test Subject","damage_taken":0,"max_hp_gain":0,"max_hp_loss":0,"event_name":"Drug Dealer","floor":22,"gold_loss":0,"cards_obtained":["Dagger Throw","Leg Sweep"]},{"damage_healed":0,"gold_gain":0,"player_choice":"Fought Bandits","damage_taken":0,"max_hp_gain":0,"max_hp_loss":0,"event_name":"Masked Bandits","floor":24,"gold_loss":0},{"damage_healed":0,"gold_gain":0,"player_choice":"Simplicity","damage_taken":0,"max_hp_gain":0,"max_hp_loss":0,"event_name":"Back to Basics","floor":30,"gold_loss":0,"cards_upgraded":["Strike_G","Strike_G","Strike_G","Defend_G","Defend_G","Defend_G","Defend_G"]}],"is_beta":false,"boss_relics":[{"not_picked":["Sozu","Tiny House"],"picked":"Calling Bell"}],"items_purged_floors":[],"is_endless":false,"potions_floor_spawned":[1,3,7,11,14,20,28],"killed_by":"Automaton","ascension_level":0}}