{"host":"FirstDane","time":1612579857,"event":{"mods":["BaseMod","Bestiary","Highlight Path","Minty Spire (QoL Compilation)","Relic Stats","Slay the Relics Exporter","StSLib"],"gold_per_floor":[11,11,23,37,48,48,62,62,62],"floor_reached":8,"language":"ENG","playtime":945,"items_purged":[],"score":100,"play_id":"b0296041-9830-4dc0-9d95-ec466774ced3","local_time":"20210205205057","is_ascension_mode":true,"campfire_choices":[{"data":"Zap","floor":6,"key":"SMITH"}],"circlet_count":0,"master_deck":["AscendersBane","Strike_B","Strike_B","Defend_B","Defend_B","Defend_B","Defend_B","Zap+1","Dualcast","Genetic Algorithm+1","Cold Snap","Self Repair","Cold Snap","Go for the Eyes"],"relics":["Cracked Core"],"acts_visited":["Exordium"],"potions_floor_usage":[8,8],"damage_taken":[{"damage":8,"enemies":"Small Slimes","floor":1,"turns":5},{"damage":1,"enemies":"Cultist","floor":3,"turns":4},{"damage":0,"enemies":"2 Louse","floor":4,"turns":3},{"damage":38,"enemies":"Exordium Thugs","floor":5,"turns":9},{"damage":4,"enemies":"Lots of Slimes","floor":7,"turns":5},{"damage":31,"enemies":"Gremlin Nob","floor":8,"turns":4}],"seed_played":"-8965810529674220795","potions_obtained":[{"floor":3,"key":"PotionOfCapacity"},{"floor":4,"key":"Ancient Potion"},{"floor":7,"key":"GamblersBrew"}],"is_trial":false,"path_per_floor":["M","?","M","M","M","R","M","E"],"character_chosen":"DEFECT","items_purchased":[],"campfire_rested":0,"item_purchase_floors":[],"current_hp_per_floor":[56,56,55,55,24,24,27,0,0],"gold":62,"neow_bonus":"REMOVE_TWO","is_daily":false,"chose_seed":false,"campfire_upgraded":1,"win_rate":0.0,"timestamp":1612579857,"path_taken":["M","?","M","?","M","R","M","E"],"items_purchased_type":[],"build_version":"2020-12-18","purchased_purges":0,"victory":false,"max_hp_per_floor":[71,71,71,71,71,71,71,71,71],"relic_stats":{"counters":[6,30],"obtain_stats":[{"Cracked Core":0},{"Cracked Core":0},{"Cracked Core":0}]},"card_choices":[{"not_picked":["Rebound","Hologram"],"picked":"Genetic Algorithm","floor":1},{"not_picked":["Chill","Coolheaded"],"picked":"Cold Snap","floor":3},{"not_picked":["Leap","Capacitor"],"picked":"Self Repair","floor":4},{"not_picked":["Redo","Self Repair"],"picked":"Cold Snap","floor":5},{"not_picked":["Streamline","Coolheaded"],"picked":"Go for the Eyes","floor":7}],"player_experience":4041319,"relics_obtained":[],"event_choices":[{"damage_healed":0,"gold_gain":0,"player_choice":"Upgraded","damage_taken":0,"max_hp_gain":0,"max_hp_loss":0,"event_name":"Upgrade Shrine","floor":2,"gold_loss":0,"cards_upgraded":["Genetic Algorithm"]}],"is_beta":true,"boss_relics":[],"items_purged_floors":[],"is_endless":false,"potions_floor_spawned":[3,4,7],"killed_by":"Gremlin Nob","ascension_level":20}}