{"host":"buycw3k5d5tgqflx","time":1612620392,"event":{"mods":["Aspiration","BaseMod","Better Altar","Better Match","Better Note","Better Sensory Stone","Better Skull","Better Third Choice","Downfall","Halation","Hubris","Infinite Spire","Lobotomy","Marisa????????","Minty Spire (QoL Compilation)","Quick Restart","Rare Cards Sparkle","Relic Stats","Replay The Spire","StSLib","The Wild Card"],"gold_per_floor":[117,131,176,188,208,208,240,252,276,276,311,311,327,20,20,131,131,148,148,148,73,90,90,90,125,174,209,209,209,309,322,322,328,328],"floor_reached":33,"language":"ENG","playtime":2405,"items_purged":[],"score":413,"play_id":"80ce2d5a-6875-41e0-95eb-17626a9ce2a3","local_time":"20210206090632","is_ascension_mode":true,"campfire_choices":[{"floor":6,"key":"DIG"},{"floor":12,"key":"DIG"},{"floor":23,"key":"REST"},{"data":"hubris:InfiniteBlow+2","floor":29,"key":"SMITH"},{"data":"hubris:InfiniteBlow+3","floor":32,"key":"SMITH"}],"circlet_count":0,"master_deck":["Strike_MRS","Strike_MRS","Strike_MRS","Defend_MRS","Defend_MRS","Defend_MRS","Defend_MRS","MasterSpark","UpSweep","PulseMagic+1","IllusionStar+1","Acceleration","AsteroidBelt","LuminesStrike","AbsoluteMagnitude+1","ManaRampage+1","EventHorizon","Good Instincts+1","SprinkleStarSeal","OortCloud","hubris:InfiniteBlow+4","infinitespire:Execution","WitchOfGreed"],"relics":["MiniHakkero","Replay:Multitool","Bag of Marbles","aspiration:Lifesprig","aspiration:HummingbirdHeart","infinitespire:Midas Blood","Garlic","Guide Book","infinitespire:PuzzleCube","halation:Prosthetics","hubris:FruitBowl","Toolbox","Lantern","halation:LettersToHer","Tiny Chest","CaptainsWheel"],"acts_visited":["Exordium","TheCity"],"potions_floor_usage":[5,7,7,16,27,33,33],"damage_taken":[{"damage":0,"enemies":"Cultist","floor":1,"turns":3},{"damage":0,"enemies":"Small Slimes","floor":2,"turns":2},{"damage":0,"enemies":"2 Louse","floor":4,"turns":3},{"damage":0,"enemies":"Looter","floor":5,"turns":2},{"damage":21,"enemies":"Lagavulin","floor":7,"turns":4},{"damage":1,"enemies":"Blue Slaver","floor":8,"turns":3},{"damage":0,"enemies":"Gremlin Nob","floor":11,"turns":3},{"damage":0,"enemies":"Large Slime","floor":13,"turns":5},{"damage":31,"enemies":"The Guardian","floor":16,"turns":8},{"damage":0,"enemies":"Spheric Guardian","floor":18,"turns":2},{"damage":0,"enemies":"3 Byrds","floor":22,"turns":2},{"damage":0,"enemies":"Replay:Snechameleon","floor":25,"turns":3},{"damage":0,"enemies":"Slavers","floor":27,"turns":2},{"damage":0,"enemies":"Snake Plant","floor":31,"turns":3},{"damage":63,"enemies":"Automaton","floor":33,"turns":6}],"seed_played":"-4447613412356224114","potions_obtained":[{"floor":2,"key":"SpeedPotion"},{"floor":4,"key":"Dexterity Potion"},{"floor":5,"key":"Toxic Potion"},{"floor":11,"key":"LiquidBronze"},{"floor":13,"key":"Energy Potion"},{"floor":18,"key":"Dexterity Potion"},{"floor":24,"key":"Block Potion"},{"floor":24,"key":"Slimebound:ThreeZeroPotion"},{"floor":24,"key":"Block Potion"}],"is_trial":false,"path_per_floor":["M","M","T","M","M","R","E","M","T","?","E","R","M","$","R","B",null,"M","$","?","?","M","R","?","E","T","E","AVR","R","?","M","R","B"],"character_chosen":"MARISA","items_purchased":["Guide Book","infinitespire:PuzzleCube","hubris:FruitBowl","Toolbox"],"campfire_rested":1,"item_purchase_floors":[14,14,19,19],"current_hp_per_floor":[68,68,68,68,68,68,47,46,46,46,46,46,46,46,66,35,33,33,4,4,4,4,13,13,13,13,13,13,13,13,13,13,0,0],"gold":328,"neow_bonus":"ONE_RARE_RELIC","is_daily":false,"chose_seed":false,"campfire_upgraded":2,"win_rate":0.0,"timestamp":1612620392,"path_taken":["M","M","?","M","M","R","E","?","T","?","E","R","M","$","R","BOSS","M","?","?","?","M","R","?","E","T","E","AVR","R","?","M","R","BOSS"],"items_purchased_type":["Relic","Relic","Relic","Relic"],"build_version":"2020-12-22","purchased_purges":0,"victory":false,"max_hp_per_floor":[68,68,68,68,68,68,68,68,68,68,68,68,68,68,68,68,33,33,33,33,33,33,33,33,33,33,33,33,33,33,33,33,33,33],"relic_stats":{"counters":[15,51],"Tiny Chest":0,"obtain_stats":[{"aspiration:Lifesprig":6,"Lantern":25,"Gremlin Horn":16,"Guide Book":14,"hubris:FruitBowl":19,"Replay:Multitool":0,"aspiration:HummingbirdHeart":7,"halation:Prosthetics":17,"CaptainsWheel":28,"Shuriken":7,"Toolbox":19,"Tiny Chest":27,"Bag of Marbles":3,"Garlic":12,"MiniHakkero":0,"Kunai":5,"halation:LettersToHer":26,"infinitespire:PuzzleCube":14,"infinitespire:Midas Blood":11},{"aspiration:Lifesprig":4,"Lantern":12,"Gremlin Horn":9,"Guide Book":8,"hubris:FruitBowl":10,"Replay:Multitool":0,"aspiration:HummingbirdHeart":5,"halation:Prosthetics":9,"CaptainsWheel":13,"Shuriken":5,"Toolbox":10,"Tiny Chest":13,"Bag of Marbles":2,"Garlic":7,"MiniHakkero":0,"Kunai":4,"halation:LettersToHer":12,"infinitespire:PuzzleCube":8,"infinitespire:Midas Blood":7},{"aspiration:Lifesprig":10,"Lantern":40,"Gremlin Horn":26,"Guide Book":25,"hubris:FruitBowl":35,"Replay:Multitool":0,"aspiration:HummingbirdHeart":14,"halation:Prosthetics":33,"CaptainsWheel":42,"Shuriken":14,"Toolbox":35,"Tiny Chest":42,"Bag of Marbles":5,"Garlic":20,"MiniHakkero":0,"Kunai":10,"halation:LettersToHer":40,"infinitespire:PuzzleCube":25,"infinitespire:Midas Blood":20}]},"card_choices":[{"not_picked":["StarBarrage","AlicesGift"],"picked":"PulseMagic","floor":1},{"not_picked":["OneTimeOff","SporeBomb"],"picked":"IllusionStar","floor":2},{"not_picked":["IllusionStar","UnstableBomb"],"picked":"Acceleration","floor":4},{"not_picked":["AlicesGift","UnstableBomb"],"picked":"AsteroidBelt","floor":5},{"not_picked":["StarlightTyphoon","EnergyFlow","EarthLightRay"],"picked":"SKIP","floor":7},{"not_picked":["WitchLeyline","DoubleSpark"],"picked":"LuminesStrike","floor":8},{"not_picked":["6A","ShootTheMoon","AsteroidBelt"],"picked":"SKIP","floor":11},{"not_picked":["DarkSpark","LuminesStrike"],"picked":"AbsoluteMagnitude","floor":13},{"not_picked":["FinalSpark","EscapeVelocity"],"picked":"ManaRampage","floor":16},{"not_picked":["ShootingEcho","IllusionStar"],"picked":"EventHorizon","floor":18},{"not_picked":["Impatience+1","Survey Options+1"],"picked":"Good Instincts+1","floor":21},{"not_picked":["ChargeUpSpray","SporeBomb+1"],"picked":"SprinkleStarSeal","floor":22},{"not_picked":["CollectingQuirk","MysteriousBeam"],"picked":"OortCloud","floor":25},{"not_picked":["MagicChant","WitchLeyline","ChargingUp+1"],"picked":"SKIP","floor":27},{"not_picked":["PowerUp","GrandCross+1"],"picked":"WitchOfGreed","floor":31}],"player_experience":199889,"relics_obtained":[{"floor":3,"key":"Bag of Marbles"},{"floor":6,"key":"aspiration:Lifesprig"},{"floor":7,"key":"aspiration:HummingbirdHeart"},{"floor":11,"key":"infinitespire:Midas Blood"},{"floor":12,"key":"Garlic"},{"floor":25,"key":"Lantern"},{"floor":26,"key":"halation:LettersToHer"},{"floor":27,"key":"Tiny Chest"}],"event_choices":[{"cards_removed":["Strike_MRS"],"damage_healed":0,"gold_gain":0,"player_choice":"Purged","damage_taken":0,"max_hp_gain":0,"max_hp_loss":0,"event_name":"Purifier","floor":10,"gold_loss":0},{"damage_healed":0,"gold_gain":0,"player_choice":"Upgraded","damage_taken":0,"max_hp_gain":0,"max_hp_loss":0,"event_name":"Upgrade Shrine","floor":20,"gold_loss":0,"cards_upgraded":["ManaRampage"]},{"damage_healed":0,"gold_gain":0,"player_choice":"2","damage_taken":0,"max_hp_gain":0,"max_hp_loss":0,"event_name":"betterMatch:BetterMatch","floor":21,"gold_loss":0,"cards_obtained":["betterMatch:ColorlessUncommonCard"]},{"damage_healed":0,"gold_gain":0,"player_choice":"Got Potions","damage_taken":0,"max_hp_gain":0,"max_hp_loss":0,"event_name":"Lab","floor":24,"gold_loss":0},{"damage_healed":0,"gold_gain":100,"player_choice":"Pray","damage_taken":0,"max_hp_gain":0,"max_hp_loss":0,"event_name":"Golden Shrine","floor":30,"gold_loss":0}],"is_beta":false,"boss_relics":[{"not_picked":["aspiration:SilentSkillbook","halation:CatFaceCupcake"],"picked":"halation:Prosthetics"}],"items_purged_floors":[],"is_endless":false,"potions_floor_spawned":[2,4,5,11,13,18,25],"killed_by":"Automaton","ascension_level":1}}