{"host":"ydh61a5ftgdajrbo","time":1612634738,"event":{"mods":["BaseMod","Colored Map","DeckTracker","Downfall","Koishi","Marisa¡]Ãú«B¡@Å]²z¨F¡^","Minty Spire (QoL Compilation)","Spire Arcade","StSLib","The Administrix","The Animator","The Cursed","The Mystic","The Servant 0.9.4"],"gold_per_floor":[118,118,118,118,132,132,161,161,186,186,204,220,237,237,237,311,311,324,99,99,99,99,99],"floor_reached":22,"language":"ZHS","playtime":587,"items_purged":["Defend_G"],"score":362,"play_id":"701f8114-f838-4d65-a712-528b666a5ce4","local_time":"20210207020538","is_ascension_mode":true,"campfire_choices":[{"data":"Neutralize","floor":6,"key":"SMITH"},{"data":"Underhanded Strike","floor":8,"key":"SMITH"},{"data":"Survivor","floor":10,"key":"SMITH"},{"data":"Cloak And Dagger","floor":15,"key":"SMITH"}],"circlet_count":0,"master_deck":["AscendersBane","Strike_G","Strike_G","Strike_G","Strike_G","Defend_G","Defend_G","Defend_G","Defend_G","Survivor+1","Neutralize+1","Underhanded Strike+1","PiercingWail","Bane","Cloak And Dagger+1","After Image","Reflex","Dodge and Roll+1","Die Die Die+1"],"relics":["Ring of the Snake","NeowsBlessing","Pen Nib","Eternal Feather","Guardian:PocketSentry","Mercury Hourglass","Philosopher\u0027s Stone"],"acts_visited":["Exordium","TheCity"],"potions_floor_usage":[16,18],"damage_taken":[{"damage":0,"enemies":"2 Louse","floor":1,"turns":2},{"damage":0,"enemies":"Cultist","floor":5,"turns":1},{"damage":0,"enemies":"Gremlin Nob","floor":7,"turns":1},{"damage":0,"enemies":"Jaw Worm","floor":11,"turns":4},{"damage":0,"enemies":"Blue Slaver","floor":12,"turns":4},{"damage":5,"enemies":"Exordium Thugs","floor":13,"turns":6},{"damage":10,"enemies":"Slime Boss","floor":16,"turns":9},{"damage":21,"enemies":"3 Byrds","floor":18,"turns":4}],"seed_played":"-5304778955555812450","potions_obtained":[{"floor":1,"key":"DistilledChaos"},{"floor":11,"key":"EntropicBrew"}],"is_trial":false,"path_per_floor":["M","?","?","?","M","R","E","R","T","R","M","M","M","T","R","B",null,"M","$","?","$","?"],"character_chosen":"THE_SILENT","items_purchased":["Die Die Die"],"campfire_rested":0,"item_purchase_floors":[19],"current_hp_per_floor":[59,41,46,46,46,46,46,55,55,64,64,64,59,59,68,58,68,47,47,47,47,47,47],"gold":99,"neow_bonus":"THREE_ENEMY_KILL","is_daily":false,"chose_seed":false,"campfire_upgraded":4,"win_rate":0.0,"timestamp":1612634738,"path_taken":["M","?","?","?","M","R","E","R","T","R","M","?","M","?","R","BOSS","M","$","?","?","?"],"items_purchased_type":["Card"],"build_version":"2020-12-22","purchased_purges":1,"victory":false,"max_hp_per_floor":[66,66,71,71,71,71,71,71,71,71,71,71,71,71,71,71,71,71,71,71,71,71,71],"card_choices":[{"not_picked":["Distraction","Backstab"],"picked":"Underhanded Strike","floor":1},{"not_picked":["Expertise","Heel Hook"],"picked":"PiercingWail","floor":5},{"not_picked":["Deflect","Setup"],"picked":"Bane","floor":7},{"not_picked":["Masterful Stab","Backflip"],"picked":"Cloak And Dagger","floor":11},{"not_picked":["Leg Sweep","Dodge and Roll"],"picked":"After Image","floor":12},{"not_picked":["Backflip","Underhanded Strike"],"picked":"Reflex","floor":13},{"not_picked":["Bane","Skewer"],"picked":"Dodge and Roll+1","floor":18}],"player_experience":359098,"relics_obtained":[{"floor":7,"key":"Eternal Feather"},{"floor":9,"key":"Guardian:PocketSentry"},{"floor":14,"key":"Mercury Hourglass"}],"event_choices":[{"damage_healed":0,"gold_gain":0,"player_choice":"Success","damage_taken":18,"relics_obtained":["Pen Nib"],"max_hp_gain":0,"max_hp_loss":0,"event_name":"Scrap Ooze","floor":2,"gold_loss":0},{"damage_healed":0,"gold_gain":0,"player_choice":"Donut","damage_taken":0,"max_hp_gain":5,"max_hp_loss":0,"event_name":"Big Fish","floor":3,"gold_loss":0},{"cards_removed":["Strike_G"],"damage_healed":0,"gold_gain":0,"player_choice":"Purged","damage_taken":0,"max_hp_gain":0,"max_hp_loss":0,"event_name":"Purifier","floor":4,"gold_loss":0},{"damage_healed":0,"gold_gain":0,"player_choice":"Upgraded","damage_taken":0,"max_hp_gain":0,"max_hp_loss":0,"event_name":"Upgrade Shrine","floor":20,"gold_loss":0,"cards_upgraded":["Die Die Die"]}],"is_beta":false,"boss_relics":[{"not_picked":["Cursed Key","Astrolabe"],"picked":"Philosopher\u0027s Stone"}],"items_purged_floors":[19],"is_endless":false,"potions_floor_spawned":[1,11,12],"ascension_level":15}}