{"host":"dq9lwkr0jwog4b8f","time":1612633770,"event":{"mods":["AchievementEnabler","BaseMod","Bestiary","Colored Map","Colored Powertips","DeckTracker","Downfall","Marisa????????","Minty Spire (QoL Compilation)","Replay The Spire","Robot Space Explorer","StSLib","The Cursed","The Marked","The Servant 0.9.4"],"gold_per_floor":[411,428,428,133,149,184,137,137,163,163,178,178,191,205,205,309,309,321,65,84,84,84,84,102,102,102,128,138,138,138,138],"floor_reached":30,"language":"ENG","playtime":4213,"items_purged":["CommonCold"],"score":275,"play_id":"a7e0a912-1eb8-4842-8f6b-6c4ad547a11e","local_time":"20210206184930","is_ascension_mode":false,"campfire_choices":[{"floor":8,"key":"REST"},{"data":"Loop","floor":10,"key":"SMITH"},{"data":"Sunder","floor":12,"key":"SMITH"},{"data":"White Noise","floor":23,"key":"SMITH"},{"data":"ReplayTheSpireMod:Repulse","floor":25,"key":"SMITH"}],"circlet_count":0,"master_deck":["Strike_B","Strike_B","Strike_B","Defend_B+1","Defend_B","Defend_B","Defend_B+1","Zap","Dualcast","White Noise+1","Turbo","ReplayTheSpireMod:System Scan","Loop+1","ReplaySort","Leap","Sunder+1","ReplayTheSpireMod:Calculation Training+1","Self Repair","Glacier","Amplify","Rebound+1","ReplayGash+1","ReplayTheSpireMod:Repulse+1","Hologram","Gash"],"relics":["Cracked Core","Old Coin","ClockworkSouvenir","War Paint","Happy Flower","Velvet Choker","Replay:Bottled Eggs","Replay:WaspNest","Mango","Nilry\u0027s Codex"],"acts_visited":["Exordium","TheCity"],"potions_floor_usage":[6,16,24,27,30,30],"damage_taken":[{"damage":0,"enemies":"2 Louse","floor":1,"turns":2},{"damage":0,"enemies":"Cultist","floor":2,"turns":4},{"damage":1,"enemies":"Jaw Worm","floor":5,"turns":3},{"damage":46,"enemies":"3 Sentries","floor":6,"turns":9},{"damage":9,"enemies":"2 Fungi Beasts","floor":11,"turns":4},{"damage":5,"enemies":"3 Louse","floor":13,"turns":3},{"damage":6,"enemies":"Exordium Wildlife","floor":14,"turns":4},{"damage":8,"enemies":"Hexaghost","floor":16,"turns":11},{"damage":0,"enemies":"Shell Parasite","floor":18,"turns":8},{"damage":0,"enemies":"Spheric Guardian","floor":20,"turns":8},{"damage":11,"enemies":"Centurion and Healer","floor":24,"turns":6},{"damage":30,"enemies":"Book of Stabbing","floor":27,"turns":5},{"damage":20,"enemies":"3 Cultists","floor":28,"turns":5},{"damage":34,"enemies":"Gremlin Leader","floor":30,"turns":4}],"seed_played":"4417198212502956923","potions_obtained":[{"floor":2,"key":"Adrenaline Potion"},{"floor":5,"key":"Fruit Juice"},{"floor":6,"key":"FocusPotion"},{"floor":11,"key":"Dexterity Potion"},{"floor":18,"key":"Milkshake"},{"floor":27,"key":"LifebloodPotion"}],"is_trial":false,"path_per_floor":["M","M","?","$","M","E","$","R","T","R","M","R","M","M","R_BF","B",null,"M","$","M","?","?","R","M","R","T","E","M","?","E"],"character_chosen":"DEFECT","items_purchased":["ReplayTheSpireMod:System Scan","ClockworkSouvenir","Leap","Replay:Bottled Eggs"],"campfire_rested":1,"item_purchase_floors":[4,4,7,19],"current_hp_per_floor":[75,75,68,68,67,26,26,50,50,50,41,41,36,30,30,29,80,80,80,80,65,65,65,61,61,61,52,46,30,0,0],"gold":138,"neow_bonus":"ONE_RARE_RELIC","is_daily":false,"chose_seed":false,"campfire_upgraded":4,"win_rate":0.0,"timestamp":1612633770,"path_taken":["M","M","?","?","M","E","$","R","T","R","?","R","M","?","R_BF","BOSS","M","$","M","?","?","R","M","R","T","E","M","?","E"],"items_purchased_type":["Card","Relic","Card","Relic"],"build_version":"2020-12-22","purchased_purges":1,"victory":false,"max_hp_per_floor":[75,75,75,75,75,80,80,80,80,80,80,80,80,80,80,80,80,80,80,80,85,85,85,85,85,85,99,99,99,99,99],"card_choices":[{"not_picked":["ReplayTheSpireMod:GoodbyeWorld","ReplaySort"],"picked":"White Noise","floor":1},{"not_picked":["Hologram","BasicCrystalCard"],"picked":"Turbo","floor":2},{"not_picked":["Turbo","Force Field"],"picked":"Loop","floor":5},{"not_picked":["Darkness","Coolheaded"],"picked":"ReplaySort","floor":6},{"not_picked":["Biased Cognition","Go for the Eyes"],"picked":"Sunder","floor":11},{"not_picked":["Steam","Darkness"],"picked":"ReplayTheSpireMod:Calculation Training","floor":13},{"not_picked":["Genetic Algorithm","Stack"],"picked":"Self Repair","floor":14},{"not_picked":["All For One","Seek"],"picked":"Amplify","floor":16},{"not_picked":["Gash","Turbo"],"picked":"Rebound+1","floor":18},{"not_picked":["Self Repair","Steam+1"],"picked":"ReplayGash+1","floor":20},{"not_picked":["Beam Cell+1","White Noise"],"picked":"ReplayTheSpireMod:Repulse","floor":24},{"not_picked":["Beam Cell","Rip and Tear+1"],"picked":"Hologram","floor":27},{"not_picked":["Thunder Strike","Glacier"],"picked":"Gash","floor":28}],"player_experience":210832,"relics_obtained":[{"floor":6,"key":"War Paint"},{"floor":9,"key":"Happy Flower"},{"floor":26,"key":"Replay:WaspNest"},{"floor":27,"key":"Mango"},{"floor":29,"key":"Nilry\u0027s Codex"}],"event_choices":[{"damage_healed":0,"gold_gain":0,"player_choice":"Damaged","damage_taken":7,"max_hp_gain":0,"max_hp_loss":0,"event_name":"Wheel of Change","floor":3,"gold_loss":0},{"damage_healed":0,"gold_gain":0,"player_choice":"Shed Blood","damage_taken":20,"max_hp_gain":5,"max_hp_loss":0,"event_name":"Forgotten Altar","floor":21,"gold_loss":0},{"damage_healed":0,"gold_gain":0,"player_choice":"Ignored","damage_taken":0,"max_hp_gain":0,"max_hp_loss":0,"event_name":"Ghosts","floor":22,"gold_loss":0},{"damage_healed":0,"gold_gain":0,"player_choice":"Obtained Book","damage_taken":16,"max_hp_gain":0,"max_hp_loss":0,"event_name":"Cursed Tome","floor":29,"gold_loss":0}],"is_beta":false,"boss_relics":[{"not_picked":["Replay:Grab Bag","Pandora\u0027s Box"],"picked":"Velvet Choker"}],"items_purged_floors":[4],"is_endless":false,"potions_floor_spawned":[2,5,6,11,18,27],"killed_by":"Gremlin Leader","ascension_level":0}}