{"host":"bf5upntvbdompq33","time":1612651682,"event":{"mods":["BaseMod","Colored Map","Colored Powertips","Curses Come First","Minty Spire (QoL Compilation)","StSLib","The Dragon Tamer","The Hierophant","The Marked","The Mystic","The Servant 0.9.4"],"gold_per_floor":[112,131,143,143,143,143,18,38,38,38,38,38,70,84,84,84,84],"floor_reached":16,"language":"ENG","playtime":1001,"items_purged":["Strike_R"],"score":170,"play_id":"039f13d6-636e-455e-8795-15f99daa9fb9","local_time":"20210206154802","is_ascension_mode":true,"campfire_choices":[{"data":"Bash","floor":6,"key":"SMITH"},{"data":"Armaments","floor":10,"key":"SMITH"},{"data":"Feel No Pain","floor":12,"key":"SMITH"},{"floor":15,"key":"REST"}],"circlet_count":0,"master_deck":["AscendersBane","Strike_R","Strike_R","Strike_R","Strike_R+1","Defend_R","Defend_R+1","Defend_R","Defend_R","Bash+1","Body Slam+1","Armaments+1","Feel No Pain+1","Regret","Shrug It Off"],"relics":["Burning Blood","NeowsBlessing","Sundial","Kunai","Question Card"],"acts_visited":["Exordium"],"potions_floor_usage":[16],"damage_taken":[{"damage":0,"enemies":"2 Louse","floor":1,"turns":1},{"damage":0,"enemies":"Jaw Worm","floor":2,"turns":1},{"damage":0,"enemies":"Cultist","floor":3,"turns":1},{"damage":6,"enemies":"Looter","floor":8,"turns":3},{"damage":32,"enemies":"3 Sentries","floor":13,"turns":11},{"damage":16,"enemies":"3 Louse","floor":14,"turns":5},{"damage":48,"enemies":"The Guardian","floor":16,"turns":14}],"seed_played":"-3404496506819921129","potions_obtained":[{"floor":2,"key":"Weak Potion"},{"floor":8,"key":"Energy Potion"}],"is_trial":false,"path_per_floor":["M","M","M","?","?","R","$","M","T","R","?","R","E","M","R","B"],"character_chosen":"IRONCLAD","items_purchased":["Armaments"],"campfire_rested":1,"item_purchase_floors":[7],"current_hp_per_floor":[74,75,75,60,60,60,60,60,60,60,60,60,34,24,46,0,0],"gold":84,"neow_bonus":"THREE_ENEMY_KILL","is_daily":false,"chose_seed":false,"campfire_upgraded":3,"win_rate":0.0,"timestamp":1612651682,"path_taken":["M","M","M","?","?","R","$","M","T","R","?","R","E","M","R","BOSS"],"items_purchased_type":["Card"],"build_version":"2020-12-22","purchased_purges":1,"victory":false,"max_hp_per_floor":[75,75,75,75,75,75,75,75,75,75,75,75,75,75,75,75,75],"card_choices":[{"not_picked":["Clothesline","Armaments"],"picked":"Body Slam","floor":1},{"not_picked":["Perfected Strike","Inflame","Spot Weakness"],"picked":"SKIP","floor":2},{"not_picked":["Perfected Strike","Uppercut","Cleave"],"picked":"SKIP","floor":3},{"not_picked":["Sentinel","Burning Pact"],"picked":"Feel No Pain","floor":8},{"not_picked":["Disarm","Sword Boomerang","Bludgeon"],"picked":"SKIP","floor":13},{"not_picked":["Whirlwind","Reckless Charge","Sword Boomerang"],"picked":"Shrug It Off","floor":14}],"player_experience":1471718,"relics_obtained":[{"floor":9,"key":"Sundial"},{"floor":13,"key":"Question Card"}],"event_choices":[{"damage_healed":0,"gold_gain":0,"player_choice":"Entered Light","damage_taken":15,"max_hp_gain":0,"max_hp_loss":0,"event_name":"Shining Light","floor":4,"gold_loss":0,"cards_upgraded":["Defend_R","Strike_R"]},{"damage_healed":0,"gold_gain":0,"player_choice":"Grow","damage_taken":0,"max_hp_gain":0,"max_hp_loss":0,"event_name":"Living Wall","floor":5,"gold_loss":0,"cards_upgraded":["Body Slam"]},{"damage_healed":0,"gold_gain":0,"player_choice":"Box","damage_taken":0,"relics_obtained":["Kunai"],"max_hp_gain":0,"max_hp_loss":0,"event_name":"Big Fish","floor":11,"gold_loss":0,"cards_obtained":["Regret"]}],"is_beta":false,"boss_relics":[],"items_purged_floors":[7],"is_endless":false,"potions_floor_spawned":[2,8],"killed_by":"The Guardian","ascension_level":14}}