{"host":"ehgz297skgb1u9fr","time":1612644177,"event":{"mods":["2.2 Compatiblity","Act Like it!","Aspiration","BaseMod","Better Note","Conspire","Energized Spire","Hermit","Hubris","Minty Spire (QoL Compilation)","RRrroohrrRGHHhhh!!","Reliquary","Replay The Spire","Retaliation","Shop Mod","StSLib","Wandering Minibosses","Wide Potions"],"gold_per_floor":[119,119,38,38,38,38,69,84,84,84,103,103,103,124,124,245,245,260,260,280,280,280,280,0,23,96,96,221,380,418,511,511,630,630,644,644,660,411,431,464,487,487,487,715,715,801,801,816,816,816,816,816,574,612,412],"floor_reached":56,"language":"ENG","playtime":3977,"items_purged":[],"score":1494,"play_id":"74a1c427-3ce4-40c5-a8ce-0eeb1f1eb274","local_time":"20210206144257","is_ascension_mode":false,"campfire_choices":[{"data":"hermit:CursedWeapon","floor":6,"key":"SMITH"},{"data":"hermit:Maintenance","floor":10,"key":"SMITH"},{"data":"hermit:Maintenance","floor":15,"key":"SMITH"},{"floor":23,"key":"REST"},{"floor":42,"key":"RECALL"},{"floor":49,"key":"REST"},{"data":"hermit:BodyArmor","floor":52,"key":"SMITH"},{"data":"hermit:Reprieve","floor":52,"key":"SMITH"}],"circlet_count":0,"master_deck":["hermit:Strike_Hermit","hermit:Strike_Hermit","hermit:Strike_Hermit","hermit:Strike_Hermit","hermit:Defend_Hermit","hermit:Defend_Hermit","hermit:Defend_Hermit","hermit:Defend_Hermit","hermit:Snapshot+1","hermit:Covet","hermit:CursedWeapon+1","hermit:Maintenance+1","hermit:HighCaliber+1","Pain","hermit:Maintenance+1","hermit:FullyLoaded+1","hermit:Reprieve+1","hermit:Quickdraw+1","Parasite","hermit:HighCaliber+1","hermit:BodyArmor+1","hermit:FullyLoaded","Flash of Steel"],"relics":["hermit:Momento","NeowsBlessing","Golden Idol","Spirit Poop","Vajra","WarpedTongs","aspiration:SecretTechniqueScroll","hubris:EvacipatedBox","ClockworkSouvenir","Regal Pillow","Replay:Arrowhead","Vajra","Replay:Kaleidoscope","Replay:Accelerometer","White Beast Statue","aspiration:RandomNobGenerator","conspire:BottledYoYo","reliquary:IridiumChain","Simple Rune","Oddly Smooth Stone","wanderingMiniBosses:LockLocket","hubris:Icosahedron","Pantograph","Iron Hammer"],"acts_visited":["Exordium","TheCity","TheBeyond","TheEnding"],"potions_floor_usage":[33,33,33,39,40,44,44,44,50,54,55],"damage_taken":[{"damage":0,"enemies":"conspire:RoseBush","floor":1,"turns":1},{"damage":2,"enemies":"3 Sentries","floor":7,"turns":2},{"damage":2,"enemies":"Small Slimes","floor":8,"turns":1},{"damage":1,"enemies":"Jaw Worm","floor":11,"turns":2},{"damage":13,"enemies":"conspire:2 RoseBushes","floor":14,"turns":3},{"damage":29,"enemies":"The Guardian","floor":16,"turns":9},{"damage":13,"enemies":"3 Byrds","floor":18,"turns":7},{"damage":16,"enemies":"2 Thieves","floor":20,"turns":4},{"damage":6,"enemies":"Snecko","floor":25,"turns":3},{"damage":4,"enemies":"Colosseum Slavers","floor":28,"turns":3},{"damage":17,"enemies":"Colosseum Nobs","floor":28,"turns":3},{"damage":2,"enemies":"Sentry and Sphere","floor":29,"turns":5},{"damage":3,"enemies":"conspire:Head Lice","floor":30,"turns":8},{"damage":8,"enemies":"conspire:HollyBat","floor":31,"turns":10},{"damage":9,"enemies":"Pondfish","floor":33,"turns":15},{"damage":14,"enemies":"3 Darklings","floor":35,"turns":3},{"damage":12,"enemies":"Orb Walker","floor":37,"turns":3},{"damage":3,"enemies":"Maw","floor":39,"turns":5},{"damage":17,"enemies":"Nemesis","floor":40,"turns":5},{"damage":8,"enemies":"Jaw Worm Horde","floor":41,"turns":3},{"damage":35,"enemies":"Writhing Mass","floor":44,"turns":6},{"damage":0,"enemies":"conspire:MimicChest","floor":46,"turns":4},{"damage":2,"enemies":"Maw","floor":48,"turns":5},{"damage":42,"enemies":"hubris:GrandSnecko","floor":50,"turns":7},{"damage":53,"enemies":"Shield and Spear","floor":54,"turns":7},{"damage":85,"enemies":"The Heart","floor":55,"turns":9}],"seed_played":"-5836359669019381897","potions_obtained":[{"floor":8,"key":"Elixir"},{"floor":29,"key":"EssenceOfSteel"},{"floor":31,"key":"Cursed Concoction"},{"floor":33,"key":"Weak Potion"},{"floor":35,"key":"PowerPotion"},{"floor":39,"key":"Block Potion"},{"floor":40,"key":"GamblersBrew"},{"floor":41,"key":"Toxic Potion"},{"floor":44,"key":"Weak Potion"},{"floor":46,"key":"Adrenaline Potion"},{"floor":54,"key":"SpeedPotion"}],"is_trial":false,"path_per_floor":["M","?","$","?","?","R","E","M","T","R","M","$","?","M","R","B",null,"M","?","M","$","?","R","$","M","T","?","?","M","E","M","R","B",null,"M","?","M","$","M","E","M","R","T","M","?","?","?","M","R","B",null,"R","$","E","B",null],"character_chosen":"HERMIT","items_purchased":["hermit:CursedWeapon","hubris:EvacipatedBox","ClockworkSouvenir","Replay:Arrowhead","conspire:BottledYoYo","GamblersBrew","hermit:FullyLoaded","Flash of Steel"],"campfire_rested":2,"item_purchase_floors":[3,21,21,24,38,53,53,53],"current_hp_per_floor":[75,75,75,75,75,75,73,71,71,71,70,70,70,57,57,28,75,62,62,46,17,17,54,54,48,48,56,35,33,30,22,59,50,75,61,61,53,53,54,37,37,37,37,6,6,6,6,4,41,28,75,75,75,26,1],"gold":412,"neow_bonus":"THREE_ENEMY_KILL","is_daily":false,"chose_seed":false,"campfire_upgraded":5,"win_rate":0.0,"timestamp":1612644177,"path_taken":["M","?","$","?","?","R","E","?","T","R","M","$","?","?","R","BOSS","M","?","?","?","?","R","$","M","T","?","?","M","E","M","R","BOSS","M","?","?","$","M","E","M","R","T","M","?","?","?","M","R","BOSS","R","$","E","BOSS"],"items_purchased_type":["Card","Relic","Relic","Relic","Relic","Potion","Card","Card"],"build_version":"2020-12-22","purchased_purges":0,"victory":true,"max_hp_per_floor":[75,75,75,75,75,75,75,75,75,75,75,75,75,75,75,75,75,75,75,75,75,75,75,75,75,75,75,75,75,75,75,75,75,75,75,75,75,75,75,75,75,75,75,75,75,75,75,75,75,75,75,75,75,75,75],"card_choices":[{"not_picked":["hermit:Feint","hermit:ShadowCloak","hermit:BodyArmor"],"picked":"SKIP","floor":1},{"not_picked":["hermit:Vantage","hermit:Shortfuse"],"picked":"hermit:Maintenance","floor":7},{"not_picked":["hermit:BodyArmor","hermit:Snipe"],"picked":"hermit:HighCaliber","floor":8},{"not_picked":["hermit:CalledShot","hermit:Desperado","hermit:HoleUp"],"picked":"SKIP","floor":11},{"not_picked":["hermit:Scavenge","hermit:Magnum"],"picked":"hermit:Maintenance","floor":14},{"not_picked":["hermit:CalledShot+1","hermit:Snipe","hermit:HoleUp"],"picked":"SKIP","floor":18},{"not_picked":["hermit:Vantage","hermit:Glare","hermit:Feint+1"],"picked":"SKIP","floor":20},{"not_picked":["hermit:LuckOfTheDraw","hermit:Enervate","hermit:Malice"],"picked":"SKIP","floor":25},{"not_picked":["hermit:Roulette","hermit:Glare+1","hermit:Feint+1"],"picked":"SKIP","floor":29},{"not_picked":["hermit:CalledShot","hermit:Misfire","hermit:Vantage+1"],"picked":"SKIP","floor":30},{"not_picked":["hermit:Virtue","hermit:Feint+1"],"picked":"hermit:FullyLoaded","floor":31},{"not_picked":["hermit:Magnum","hermit:Gambit"],"picked":"hermit:Reprieve","floor":33},{"not_picked":["hermit:LowProfile+1","hermit:Headshot+1","hermit:Coalescence+1"],"picked":"SKIP","floor":35},{"not_picked":["hermit:CalledShot+1","hermit:TrackingShot"],"picked":"hermit:Quickdraw+1","floor":37},{"not_picked":["hermit:CalledShot+1","hermit:Vantage+1","hermit:Determination+1"],"picked":"SKIP","floor":39},{"not_picked":["hermit:FullyLoaded","hermit:Snipe","hermit:Reprieve"],"picked":"SKIP","floor":40},{"not_picked":["hermit:Feint+1","hermit:Manifest","hermit:LowProfile+1"],"picked":"SKIP","floor":41},{"not_picked":["hermit:Misfire+1","hermit:PistolWhip"],"picked":"hermit:HighCaliber+1","floor":44},{"not_picked":["hermit:NoHoldsBarred","hermit:Brawl"],"picked":"hermit:BodyArmor","floor":48},{"not_picked":["hermit:TrackingShot","hermit:WideOpen+1","hermit:GoldenBullet+1"],"picked":"SKIP","floor":54}],"player_experience":446229,"relics_obtained":[{"floor":7,"key":"Vajra"},{"floor":26,"key":"reliquary:SculptingSteel"},{"floor":28,"key":"Replay:Kaleidoscope"},{"floor":28,"key":"Replay:Accelerometer"},{"floor":30,"key":"White Beast Statue"},{"floor":40,"key":"reliquary:IridiumChain"},{"floor":43,"key":"Simple Rune"},{"floor":46,"key":"Oddly Smooth Stone"},{"floor":46,"key":"wanderingMiniBosses:LockLocket"},{"floor":54,"key":"Iron Hammer"}],"event_choices":[{"damage_healed":0,"gold_gain":0,"player_choice":"Take Wound","damage_taken":0,"relics_obtained":["Golden Idol"],"max_hp_gain":0,"max_hp_loss":0,"event_name":"Golden Idol","floor":4,"gold_loss":0,"cards_obtained":["rorgmod:Ache"]},{"cards_removed":["rorgmod:Ache"],"damage_healed":0,"gold_gain":0,"player_choice":"Offered Curse","damage_taken":0,"relics_obtained":["Spirit Poop"],"max_hp_gain":0,"max_hp_loss":0,"event_name":"Bonfire Elementals","floor":5,"gold_loss":0},{"damage_healed":0,"gold_gain":0,"player_choice":"Rummage","damage_taken":0,"relics_obtained":["WarpedTongs"],"max_hp_gain":0,"max_hp_loss":0,"event_name":"Accursed Blacksmith","floor":13,"gold_loss":0,"cards_obtained":["Pain"]},{"damage_healed":0,"gold_gain":0,"player_choice":"Bought 0 Potions","damage_taken":0,"max_hp_gain":0,"max_hp_loss":0,"event_name":"The Woman in Blue","floor":19,"gold_loss":0},{"damage_healed":0,"gold_gain":0,"player_choice":"Upgraded","damage_taken":0,"max_hp_gain":0,"max_hp_loss":0,"event_name":"Upgrade Shrine","floor":22,"gold_loss":0,"cards_upgraded":["hermit:HighCaliber"]},{"damage_healed":0,"gold_gain":0,"player_choice":"Fight","damage_taken":0,"max_hp_gain":0,"max_hp_loss":0,"event_name":"Colosseum","floor":28,"gold_loss":0},{"damage_healed":0,"gold_gain":0,"player_choice":"Fought Nobs","damage_taken":0,"max_hp_gain":0,"max_hp_loss":0,"event_name":"Colosseum","floor":28,"gold_loss":0},{"damage_healed":0,"gold_gain":0,"player_choice":"Ignored","damage_taken":0,"max_hp_gain":0,"max_hp_loss":0,"event_name":"Transmorgrifier","floor":36,"gold_loss":0},{"damage_healed":0,"gold_gain":0,"player_choice":"Memory 1","damage_taken":0,"max_hp_gain":0,"max_hp_loss":0,"event_name":"SensoryStone","floor":45,"gold_loss":0}],"is_beta":false,"boss_relics":[{"not_picked":["Runic Pyramid","aspiration:WatcherSkillbook"],"picked":"aspiration:SecretTechniqueScroll"},{"not_picked":["energizedSpire:StickyHand","hubris:TerracottaHorce","SlaversCollar"],"picked":"aspiration:RandomNobGenerator"}],"items_purged_floors":[],"is_endless":false,"potions_floor_spawned":[8,28,29,31,33,35,37,39,40,41,44,46,48,54],"ascension_level":0}}