{"host":"fmb9x04chdot191d","time":1612592181,"event":{"mods":["2.2 Compatiblity","AchievementEnabler","BaseMod","BetterRewards","Colored Map","Downfall","Hermit","Highlight Path","Marisa（霧雨　魔理沙）","Minty Spire (QoL Compilation)","Permanent Neow","Quick Restart","StSLib","The Servant 0.9.4"],"gold_per_floor":[112,131,131,141,141,167,167,167,167,179,179,209,222,72,72,72,72],"floor_reached":16,"language":"ENG","playtime":697,"items_purged":[],"score":100,"play_id":"9384d789-f375-435a-bcb4-c003dd4634f0","local_time":"20210206191621","is_ascension_mode":false,"campfire_choices":[{"data":"ChargingUp","floor":8.0,"key":"SMITH"},{"data":"MasterSpark","floor":11.0,"key":"SMITH"},{"floor":15,"key":"REST"}],"circlet_count":0,"master_deck":["Strike_MRS","Strike_MRS","Strike_MRS","Defend_MRS","Defend_MRS","Defend_MRS","Defend_MRS","MasterSpark+1","UpSweep+1","ChargingUp+1","Parasite","Parasite","AlicesGift","PulseMagic"],"relics":["MiniHakkero","MagicBroom","Dream Catcher","TungstenRod","ShroomBag","Pen Nib"],"acts_visited":["Exordium"],"potions_floor_usage":[],"damage_taken":[{"damage":2.0,"enemies":"2 Louse","floor":1.0,"turns":2.0},{"damage":1.0,"enemies":"Cultist","floor":2.0,"turns":3.0},{"damage":1.0,"enemies":"Jaw Worm","floor":4.0,"turns":3.0},{"damage":6.0,"enemies":"Gremlin Nob","floor":6.0,"turns":3.0},{"damage":11.0,"enemies":"Blue Slaver","floor":10.0,"turns":2.0},{"damage":12.0,"enemies":"The Mushroom Lair","floor":12.0,"turns":3.0},{"damage":12.0,"enemies":"2 Fungi Beasts","floor":13.0,"turns":3.0},{"damage":27,"enemies":"Slime Boss","floor":16,"turns":9}],"seed_played":"3218512501410157216","potions_obtained":[{"floor":1.0,"key":"SmokeBomb"},{"floor":4.0,"key":"BlessingOfTheForge"},{"floor":10.0,"key":"ColorlessPotion"}],"is_trial":false,"path_per_floor":["M","M","?","M","?","E","?","R","T","M","R","?","M","$","R","B"],"character_chosen":"MARISA","items_purchased":["Pen Nib"],"campfire_rested":1,"item_purchase_floors":[14],"current_hp_per_floor":[73,72,72,71,64,58,58,58,58,47,47,35,27,27,49,26,26],"gold":72,"neow_bonus":"UPGRADE_CARD","is_daily":false,"chose_seed":false,"campfire_upgraded":2,"win_rate":0.0,"timestamp":1612592181,"path_taken":["M","M","?","?","?","E","?","R","T","M","R","?","?","?","R","BOSS"],"items_purchased_type":["Relic"],"build_version":"2020-12-22","purchased_purges":0,"victory":false,"max_hp_per_floor":[75,75,75,75,75,75,75,75,75,75,75,75,75,75,75,75,75],"card_choices":[{"not_picked":["DarkSpark","LuminesStrike","AsteroidBelt"],"picked":"SKIP","floor":1.0},{"not_picked":["MeteoricShower","GravityBeat","MachineGunSpark"],"picked":"SKIP","floor":2.0},{"not_picked":["6A","OpenUniverse","OrrerysSun"],"picked":"SKIP","floor":4.0},{"not_picked":["GalacticHalo","SuperPerseids"],"picked":"ChargingUp","floor":6.0},{"not_picked":["StarBarrage","Acceleration","UnstableBomb"],"picked":"SKIP","floor":10.0},{"not_picked":["WitchOfGreed","EarthLightRay"],"picked":"AlicesGift","floor":12.0},{"not_picked":["DC","EnergyFlow"],"picked":"PulseMagic","floor":13.0}],"player_experience":87376,"relics_obtained":[{"floor":6.0,"key":"Dream Catcher"},{"floor":9.0,"key":"TungstenRod"},{"floor":12.0,"key":"ShroomBag"}],"event_choices":[{"cards_removed":["Strike_MRS"],"damage_healed":0.0,"max_hp_gain":0.0,"max_hp_loss":0.0,"gold_gain":0.0,"event_name":"Bonfire Elementals","player_choice":"Offered Basic","floor":3.0,"gold_loss":0.0,"damage_taken":0.0},{"damage_healed":0.0,"max_hp_gain":0.0,"max_hp_loss":0.0,"gold_gain":0.0,"event_name":"Scrap Ooze","player_choice":"Success","floor":5.0,"gold_loss":0.0,"damage_taken":7.0,"relics_obtained":["MagicBroom"]},{"damage_healed":0.0,"max_hp_gain":0.0,"max_hp_loss":0.0,"gold_gain":0.0,"event_name":"Liars Game","player_choice":"Ignored","floor":7.0,"gold_loss":0.0,"damage_taken":0.0},{"damage_healed":0.0,"max_hp_gain":0.0,"max_hp_loss":0.0,"gold_gain":0.0,"event_name":"Mushrooms_MRS","player_choice":"Fought Mushrooms","floor":12.0,"gold_loss":0.0,"damage_taken":0.0}],"is_beta":false,"boss_relics":[],"items_purged_floors":[],"is_endless":false,"potions_floor_spawned":[1,4,10],"killed_by":"Slime Boss","ascension_level":0}}