{"host":"0mk07bycsqo1qk03","time":1612618017,"event":{"mods":["BaseMod","Downfall","Hermit","Hubris","Minty Spire (QoL Compilation)","Reliquary","Replay The Spire","StSLib","The Cursed"],"gold_per_floor":[99,114,131,145,320,382,434,448,448,448,476,487,487,487,497,497,497,497],"floor_reached":16,"language":"ENG","playtime":754,"items_purged":[],"score":132,"play_id":"f66acea1-4860-45e4-bedf-7327751342a8","local_time":"20210206142657","is_ascension_mode":true,"campfire_choices":[{"floor":1,"key":"DIG"},{"data":"sneckomod:TrashToTreasure","floor":9,"key":"SMITH"}],"circlet_count":0,"master_deck":["sneckomod:Strike","sneckomod:Strike","sneckomod:Strike+1","sneckomod:Defend","sneckomod:Defend","sneckomod:Defend","sneckomod:TailWhip","sneckomod:SnekBite+1","sneckomod:Unknown","sneckomod:Unknown","sneckomod:Unknown1Cost","sneckomod:SerpentIdol","sneckomod:SerpentIdol","sneckomod:TrashToTreasure+1","sneckomod:UnknownExhaust","sneckomod:SnekBeam","sneckomod:Unknown1Cost","sneckomod:Restock"],"relics":["sneckomod:SneckoSoul","Darkstone Periapt","reliquary:Sideboard","Juzu Bracelet","Whetstone"],"acts_visited":["Exordium"],"potions_floor_usage":[11,16,16],"damage_taken":[{"damage":12,"enemies":"Jaw Worm","floor":2,"turns":4},{"damage":0,"enemies":"2 Louse","floor":3,"turns":2},{"damage":2,"enemies":"Small Slimes","floor":4,"turns":3},{"damage":21,"enemies":"2 Fungi Beasts","floor":8,"turns":3},{"damage":21,"enemies":"3 Sentries","floor":11,"turns":7},{"damage":11,"enemies":"Large Slime","floor":12,"turns":6},{"damage":5,"enemies":"Lots of Slimes","floor":15,"turns":4},{"damage":53,"enemies":"IC_STATUS_ARCHETYPE","floor":16,"turns":10}],"seed_played":"-5978249423687616165","potions_obtained":[{"floor":3,"key":"SteroidPotion"},{"floor":4,"key":"LiquidMemories"},{"floor":6,"key":"sneckomod:DiceRollPotion"},{"floor":11,"key":"Milkshake"},{"floor":15,"key":"PowerPotion"}],"is_trial":false,"path_per_floor":["R","M","M","M","?","?","T","M","R","?","E","M","?","?","M","B"],"character_chosen":"THE_SNECKO","items_purchased":[],"campfire_rested":0,"item_purchase_floors":[],"current_hp_per_floor":[99,87,87,88,94,100,100,79,79,79,58,47,47,47,46,0,0,0],"gold":497,"neow_bonus":"TEN_PERCENT_HP_BONUS","is_daily":false,"chose_seed":false,"campfire_upgraded":1,"win_rate":0.0,"timestamp":1612618017,"path_taken":["R","M","M","M","?","?","T","M","R","?","E","M","?","?","M","BOSS"],"items_purchased_type":[],"build_version":"2020-12-22","purchased_purges":0,"victory":false,"max_hp_per_floor":[99,99,99,102,108,114,114,114,114,114,114,114,114,114,114,114,114,114],"card_choices":[{"not_picked":["sneckomod:SoulRoll","sneckomod:UnknownCommonSkill"],"picked":"sneckomod:Unknown1Cost","floor":2},{"not_picked":["sneckomod:ImprovisedGuard","sneckomod:Nope"],"picked":"sneckomod:SerpentIdol","floor":3},{"not_picked":["sneckomod:UnknownBlock","sneckomod:Unknown1Cost"],"picked":"sneckomod:SerpentIdol","floor":4},{"not_picked":["sneckomod:ImprovisedAttack","sneckomod:UnknownCommonAttack"],"picked":"sneckomod:TrashToTreasure","floor":6},{"not_picked":["sneckomod:DiceCrush","sneckomod:IronFang"],"picked":"sneckomod:UnknownExhaust","floor":8},{"not_picked":["sneckomod:UnknownBlock","sneckomod:SoulDraw"],"picked":"sneckomod:SnekBeam","floor":11},{"not_picked":["sneckomod:DiceBoulder","sneckomod:WideSting"],"picked":"sneckomod:Restock","floor":12},{"not_picked":["sneckomod:DiceBlock","sneckomod:IronFang"],"picked":"sneckomod:UnknownStrength","floor":15}],"player_experience":1015197,"relics_obtained":[{"floor":1,"key":"Darkstone Periapt"},{"floor":6,"key":"reliquary:Sideboard"},{"floor":7,"key":"Juzu Bracelet"},{"floor":11,"key":"Whetstone"}],"event_choices":[{"cards_removed":["Doubt"],"damage_healed":0,"gold_gain":0,"player_choice":"Card Removal","damage_taken":0,"max_hp_gain":0,"max_hp_loss":0,"event_name":"The Cleric","floor":10,"gold_loss":0}],"is_beta":false,"boss_relics":[],"items_purged_floors":[],"is_endless":false,"potions_floor_spawned":[3,4,11,15],"killed_by":"IC_STATUS_ARCHETYPE","ascension_level":1}}