{"host":"0clp59ii0fcmlcyr","time":1612631226,"event":{"mods":["AchievementEnabler","BaseMod","Better Altar","Better Match","Better Sensory Stone","Better Skull","Better Third Choice","BetterRewards","Bossed Relics","Colored Powertips","Highlight Path","Minty Spire (QoL Compilation)","Permanent Neow","RNG Fix","Shop Mod","Spicy Shops","StSLib"],"gold_per_floor":[114,127,144,94,94,126,146,165,165,165,193,212,212,247,247,369,369,383,91,104,4,20,20,20],"floor_reached":23,"language":"ENG","playtime":1613,"items_purged":["Eruption","Strike_P"],"score":266,"play_id":"ccf4b815-a493-4c46-95fa-5e0601337339","local_time":"20210206180706","is_ascension_mode":true,"campfire_choices":[{"floor":13,"key":"REST"},{"floor":15,"key":"REST"}],"circlet_count":0,"master_deck":["Strike_P","Strike_P","Defend_P","Defend_P","Defend_P","Defend_P","Vigilance","Weave","Alpha+1","Wish","Evaluate","Scrawl"],"relics":["Black Star","Incense Burner","Happy Flower","Odd Mushroom","Sundial","SlaversCollar","TheAbacus","MerchantsRug"],"acts_visited":["Exordium","TheCity"],"potions_floor_usage":[14,20,23],"damage_taken":[{"damage":3,"enemies":"Cultist","floor":1,"turns":5},{"damage":0,"enemies":"2 Louse","floor":2,"turns":3},{"damage":1,"enemies":"Jaw Worm","floor":3,"turns":5},{"damage":23,"enemies":"Lagavulin","floor":6,"turns":6},{"damage":9,"enemies":"2 Fungi Beasts","floor":7,"turns":5},{"damage":5,"enemies":"Exordium Thugs","floor":8,"turns":4},{"damage":8,"enemies":"The Mushroom Lair","floor":11,"turns":4},{"damage":13,"enemies":"Large Slime","floor":12,"turns":5},{"damage":16,"enemies":"3 Sentries","floor":14,"turns":9},{"damage":0,"enemies":"Slime Boss","floor":16,"turns":5},{"damage":24,"enemies":"Spheric Guardian","floor":18,"turns":4},{"damage":20,"enemies":"3 Byrds","floor":20,"turns":4},{"damage":28,"enemies":"Centurion and Healer","floor":22,"turns":4},{"damage":34,"enemies":"Book of Stabbing","floor":23,"turns":3}],"seed_played":"-9215822872530666496","potions_obtained":[{"floor":1,"key":"PowerPotion"},{"floor":8,"key":"SpeedPotion"},{"floor":16,"key":"Regen Potion"},{"floor":22,"key":"Fruit Juice"}],"is_trial":false,"path_per_floor":["M","M","M","?","?","E","M","M","T","?","?","M","R","E","R","B",null,"M","$","M","$","M","E"],"character_chosen":"WATCHER","items_purchased":["TheAbacus","MerchantsRug"],"campfire_rested":2,"item_purchase_floors":[19,19],"current_hp_per_floor":[69,69,68,68,73,50,41,36,36,36,28,15,38,22,45,45,77,53,53,47,47,19,0,0],"gold":20,"neow_bonus":"BOSS_RELIC","is_daily":false,"chose_seed":false,"campfire_upgraded":0,"win_rate":0.0,"timestamp":1612631226,"path_taken":["M","M","M","?","?","E","M","M","T","?","?","M","R","E","R","BOSS","M","$","M","$","M","E"],"items_purchased_type":["Relic","Relic"],"build_version":"2020-12-22","purchased_purges":2,"victory":false,"max_hp_per_floor":[72,72,72,72,77,77,77,77,77,77,77,77,77,77,77,77,77,77,77,77,77,77,82,82],"card_choices":[{"not_picked":["JustLucky","Perseverance"],"picked":"Weave","floor":1},{"not_picked":["FlurryOfBlows","Halt","Wallop"],"picked":"SKIP","floor":2},{"not_picked":["CutThroughFate","FlurryOfBlows"],"picked":"Alpha","floor":3},{"not_picked":["Evaluate","Sanctity"],"picked":"Wish","floor":6},{"not_picked":["BattleHymn","FlyingSleeves","Worship"],"picked":"SKIP","floor":7},{"not_picked":["Consecrate","Halt"],"picked":"Evaluate","floor":8},{"not_picked":["Sanctity","PathToVictory","Evaluate"],"picked":"SKIP","floor":12},{"not_picked":["InnerPeace","Nirvana","MentalFortress"],"picked":"SKIP","floor":14},{"not_picked":["SpiritShield","LessonLearned"],"picked":"Scrawl","floor":16},{"not_picked":["Worship+1","FlurryOfBlows","JustLucky"],"picked":"SKIP","floor":18},{"not_picked":["Crescendo","Vengeance+1","Consecrate"],"picked":"SKIP","floor":20},{"not_picked":["MentalFortress","CrushJoints","CutThroughFate"],"picked":"SKIP","floor":22}],"player_experience":108815,"relics_obtained":[{"floor":6,"key":"Incense Burner"},{"floor":6,"key":"Nunchaku"},{"floor":9,"key":"Happy Flower"},{"floor":11,"key":"Odd Mushroom"},{"floor":14,"key":"Bag of Marbles"},{"floor":14,"key":"Sundial"}],"event_choices":[{"cards_removed":["Strike_P"],"damage_healed":0,"gold_gain":0,"player_choice":"Card Removal","damage_taken":0,"max_hp_gain":0,"max_hp_loss":0,"event_name":"The Cleric","floor":4,"gold_loss":50},{"damage_healed":0,"gold_gain":0,"player_choice":"Donut","damage_taken":0,"max_hp_gain":5,"max_hp_loss":0,"event_name":"Big Fish","floor":5,"gold_loss":0},{"damage_healed":0,"gold_gain":0,"player_choice":"Forge","damage_taken":0,"max_hp_gain":0,"max_hp_loss":0,"event_name":"Accursed Blacksmith","floor":10,"gold_loss":0,"cards_upgraded":["Alpha"]},{"damage_healed":0,"gold_gain":0,"player_choice":"Fought Mushrooms","damage_taken":0,"max_hp_gain":0,"max_hp_loss":0,"event_name":"Mushrooms","floor":11,"gold_loss":0}],"is_beta":false,"boss_relics":[{"not_picked":["Fusion Hammer","Busted Crown"],"picked":"SlaversCollar"}],"items_purged_floors":[19,21],"is_endless":false,"potions_floor_spawned":[1,8,16,22],"killed_by":"Book of Stabbing","ascension_level":1}}