{"host":"fl6c84p0pqwjbhud","time":1612636745,"event":{"mods":["AchievementEnabler","BaseMod","Better Altar","Better Match","Better Note","Better Sensory Stone","Better Skull","Better Third Choice","Better Vampires","Better-Laid Plans","Colored Map","Defuse TimeMaze Blight","Displayed Cursed Tome","Energized Spire","Highlight Path","Minty Spire (QoL Compilation)","Permanent Neow","Quick Restart","Relic Sorter","StSLib","Synergy Search","Transform Curses"],"gold_per_floor":[110,123,123,123,138,138,151,151,175,196,219,219,240,47,47,168,168,182,182,182,206,229,273,273,273],"floor_reached":24,"language":"ENG","playtime":1858,"items_purged":["Defend_G"],"score":210,"play_id":"c4f8fc65-14d4-4deb-ac80-125bb615d3b2","local_time":"20210206193905","is_ascension_mode":false,"campfire_choices":[{"data":"Blade Dance","floor":6,"key":"SMITH"},{"data":"Deflect","floor":8,"key":"SMITH"},{"data":"Blind","floor":12,"key":"SMITH"},{"floor":15,"key":"REST"}],"circlet_count":0,"master_deck":["Strike_G","Strike_G","Strike_G","Strike_G","Strike_G","Defend_G","Defend_G","Defend_G","Defend_G","Survivor","Neutralize","Blind+1","Slice","Blade Dance+1","Escape Plan","Deflect+1","Well Laid Plans","Masterful Stab","Prepared","Accuracy","A Thousand Cuts","Footwork","All Out Attack","Poisoned Stab","Backstab+1"],"relics":["Ring of the Snake","Golden Idol","Oddly Smooth Stone","Fusion Hammer","Snake Skull"],"acts_visited":["Exordium","TheCity"],"potions_floor_usage":[16,16,16,21,21,23,24],"damage_taken":[{"damage":6,"enemies":"Jaw Worm","floor":1,"turns":5},{"damage":0,"enemies":"2 Louse","floor":2,"turns":3},{"damage":1,"enemies":"Cultist","floor":5,"turns":5},{"damage":8,"enemies":"Exordium Wildlife","floor":7,"turns":4},{"damage":0,"enemies":"Red Slaver","floor":10,"turns":3},{"damage":0,"enemies":"2 Fungi Beasts","floor":11,"turns":4},{"damage":2,"enemies":"Exordium Thugs","floor":13,"turns":5},{"damage":4,"enemies":"Hexaghost","floor":16,"turns":9},{"damage":0,"enemies":"3 Byrds","floor":18,"turns":4},{"damage":4,"enemies":"Spheric Guardian","floor":21,"turns":3},{"damage":13,"enemies":"Snake Plant","floor":22,"turns":5},{"damage":34,"enemies":"Slavers","floor":23,"turns":5},{"damage":21,"enemies":"3 Cultists","floor":24,"turns":4}],"seed_played":"8776046147691565796","potions_obtained":[{"floor":1,"key":"PowerPotion"},{"floor":2,"key":"SkillPotion"},{"floor":10,"key":"BlessingOfTheForge"},{"floor":20,"key":"Poison Potion"},{"floor":20,"key":"Swift Potion"},{"floor":20,"key":"Swift Potion"},{"floor":22,"key":"GamblersBrew"},{"floor":23,"key":"Explosive Potion"}],"is_trial":false,"path_per_floor":["M","M","?","?","M","R","M","R","T","M","M","R","M","$","R","B",null,"M","?","?","M","M","E","M"],"character_chosen":"THE_SILENT","items_purchased":["Accuracy","ColorlessPotion"],"campfire_rested":1,"item_purchase_floors":[14,14],"current_hp_per_floor":[64,64,47,70,69,69,61,61,61,61,61,61,59,59,70,66,70,70,70,70,66,53,19,0,0],"gold":273,"neow_bonus":"RANDOM_COLORLESS","is_daily":false,"chose_seed":false,"campfire_upgraded":3,"win_rate":0.0,"timestamp":1612636745,"path_taken":["M","M","?","?","M","R","M","R","T","M","?","R","M","$","R","BOSS","M","?","?","M","M","E","?"],"items_purchased_type":["Card","Potion"],"build_version":"2020-12-22","purchased_purges":1,"victory":false,"max_hp_per_floor":[70,70,70,70,70,70,70,70,70,70,70,70,70,70,70,70,70,70,70,70,70,70,70,70,70],"card_choices":[{"not_picked":["Bandage Up","Dark Shackles"],"picked":"Blind","floor":0},{"not_picked":["Heel Hook","PiercingWail"],"picked":"Slice","floor":1},{"not_picked":["Predator","Quick Slash"],"picked":"Blade Dance","floor":2},{"not_picked":["Outmaneuver","Crippling Poison"],"picked":"Escape Plan","floor":5},{"not_picked":["Quick Slash","Dagger Throw"],"picked":"Deflect","floor":7},{"not_picked":["Flechettes","Tools of the Trade"],"picked":"Well Laid Plans","floor":10},{"not_picked":["Backflip","Dodge and Roll"],"picked":"Masterful Stab","floor":11},{"not_picked":["Acrobatics","Backflip"],"picked":"Prepared","floor":13},{"not_picked":["Corpse Explosion","Venomology"],"picked":"A Thousand Cuts","floor":16},{"not_picked":["Setup","Underhanded Strike"],"picked":"Footwork","floor":18},{"not_picked":["Sucker Punch","Crippling Poison"],"picked":"All Out Attack","floor":21},{"not_picked":["PiercingWail+1","Sucker Punch"],"picked":"Poisoned Stab","floor":22},{"not_picked":["Slice+1","Acrobatics"],"picked":"Backstab+1","floor":23}],"player_experience":482702,"relics_obtained":[{"floor":9,"key":"Oddly Smooth Stone"},{"floor":23,"key":"Snake Skull"}],"event_choices":[{"damage_healed":0,"gold_gain":0,"player_choice":"Take Damage","damage_taken":17,"relics_obtained":["Golden Idol"],"max_hp_gain":0,"max_hp_loss":0,"event_name":"Golden Idol","floor":3,"gold_loss":0},{"damage_healed":23,"gold_gain":0,"player_choice":"Full Heal","damage_taken":0,"max_hp_gain":0,"max_hp_loss":0,"event_name":"Wheel of Change","floor":4,"gold_loss":0},{"cards_removed":["Well Laid Plans"],"damage_healed":0,"gold_gain":0,"player_choice":"Give","damage_taken":0,"max_hp_gain":0,"max_hp_loss":0,"event_name":"betterNote:BetterNote","floor":19,"gold_loss":0,"cards_obtained":["Burst"]},{"damage_healed":0,"gold_gain":0,"player_choice":"Got Potions","damage_taken":0,"max_hp_gain":0,"max_hp_loss":0,"event_name":"Lab","floor":20,"gold_loss":0}],"is_beta":false,"boss_relics":[{"not_picked":["Coffee Dripper","energizedSpire:EnergizedDie"],"picked":"Fusion Hammer"}],"items_purged_floors":[14],"is_endless":false,"potions_floor_spawned":[1,2,10,22,23],"killed_by":"3 Cultists","ascension_level":0}}