{"host":"oigynbtg272c19pw","time":1612629344,"event":{"mods":["BaseMod","Colored Map","Minty Spire (QoL Compilation)","Relic Stats","Slay the Relics Exporter","StSLib"],"gold_per_floor":[110,110,128,128,141,177,177,177,177],"floor_reached":8,"playtime":151,"items_purged":[],"score":112,"play_id":"ecfa71db-e58a-45c9-a591-ee4b57d739b6","local_time":"20210206173544","is_ascension_mode":true,"campfire_choices":[{"floor":7,"key":"REST"}],"circlet_count":0,"master_deck":["AscendersBane","Strike_P","Strike_P","Strike_P","Strike_P","Defend_P+1","Defend_P+1","Defend_P","Defend_P","Eruption","Vigilance","WindmillStrike","Swivel","Consecrate","Wallop"],"relics":["PureWater","NeowsBlessing","Golden Idol","War Paint"],"acts_visited":["Exordium"],"potions_floor_usage":[6,6],"damage_taken":[{"damage":0.0,"enemies":"Small Slimes","floor":1.0,"turns":1.0},{"damage":0.0,"enemies":"Jaw Worm","floor":3.0,"turns":1.0},{"damage":0.0,"enemies":"Cultist","floor":5.0,"turns":1.0},{"damage":19,"enemies":"Lagavulin","floor":6,"turns":6},{"damage":57,"enemies":"Gremlin Nob","floor":8,"turns":4}],"seed_played":"-2138282092391297237","potions_obtained":[{"floor":4.0,"key":"ColorlessPotion"},{"floor":4.0,"key":"FearPotion"},{"floor":5.0,"key":"Explosive Potion"}],"is_trial":false,"path_per_floor":["M","?","M","?","M","E","R","E"],"character_chosen":"WATCHER","items_purchased":[],"campfire_rested":1,"item_purchase_floors":[],"current_hp_per_floor":[61,38,38,38,38,19,39,0,0],"gold":177,"neow_bonus":"THREE_ENEMY_KILL","is_daily":false,"chose_seed":false,"campfire_upgraded":0,"win_rate":0.0,"timestamp":1612629344,"path_taken":["M","?","M","?","?","E","R","E"],"items_purchased_type":[],"build_version":"2020-12-13","purchased_purges":0,"victory":false,"max_hp_per_floor":[68,68,68,68,68,68,68,68,68],"relic_stats":{"counters":[5,13],"Golden Idol":14,"War Paint":["Defend_P","Defend_P"],"obtain_stats":[{"NeowsBlessing":0,"Golden Idol":2,"PureWater":0,"War Paint":6},{"NeowsBlessing":0,"Golden Idol":1,"PureWater":0,"War Paint":4},{"NeowsBlessing":0,"Golden Idol":1,"PureWater":0,"War Paint":9}]},"card_choices":[{"not_picked":["Crescendo","BowlingBash"],"picked":"WindmillStrike","floor":1.0},{"not_picked":["CrushJoints","Protect"],"picked":"Swivel","floor":3.0},{"not_picked":["EmptyFist","Protect"],"picked":"Consecrate","floor":5.0},{"not_picked":["EmptyFist","Prostrate"],"picked":"Wallop","floor":6}],"player_experience":1553017,"relics_obtained":[{"floor":6,"key":"War Paint"}],"event_choices":[{"damage_healed":0.0,"max_hp_gain":0.0,"max_hp_loss":0.0,"gold_gain":0.0,"event_name":"Golden Idol","player_choice":"Take Damage","floor":2.0,"gold_loss":0.0,"damage_taken":23.0,"relics_obtained":["Golden Idol"]},{"damage_healed":0.0,"max_hp_gain":0.0,"max_hp_loss":0.0,"gold_gain":0.0,"event_name":"Lab","player_choice":"Got Potions","floor":4.0,"gold_loss":0.0,"damage_taken":0.0}],"is_beta":false,"boss_relics":[],"items_purged_floors":[],"is_endless":false,"potions_floor_spawned":[5],"killed_by":"Gremlin Nob","ascension_level":20}}