{"host":"6drv1qzpbnls60z2","time":1612594241,"event":{"mods":["ATMod(°¢èªMod)","Act Like it!","Arknights","BaseMod","Hallownest","Jedi Mod","Minty Spire (QoL Compilation)","Reliquary","Replay The Spire","Shop Mod","Spicy Shops","StSLib","Uncapped","¡¾ÒÅÎï¿¨ÅÆ¡¿REMEMod","²ÐÁôÖ®Îï","óô»ðÖ¸ÄÏ"],"gold_per_floor":[115,133,133,44,55,55,82,157,210,46,46,60,60,90,90,167,217,237,61,61,61,61,61],"floor_reached":22,"language":"ZHS","playtime":1168,"items_purged":[],"score":580,"play_id":"310a0b59-07db-4f8c-960c-c62fd3c34735","local_time":"20210206145041","daily_mods":["SealedDeck","Vintage"],"is_ascension_mode":true,"campfire_choices":[{"data":"ats:Composite Medical Shells","floor":6,"key":"SMITH"},{"floor":15,"key":"REST"}],"circlet_count":0,"master_deck":["AscendersBane","AT_EssenceShift","Creative AI","ats:Magnetic Hammer","ats:Blood Oath","ats:Closed Bolt Burst Fire+1","ats:Absolute Focus","ats:Apocalypse","ats:Apocalypse","ats:Assault Order","ats:Assault Order","ats:Composite Medical Shells+1","ats:Phantom","ats:Chain Hook","ats:Hook Shot","Voices","ats:Part Time Job","ats:Shadow Assault+1","ats:Charging Defense","ats:Directed Diagnosis"],"relics":["ats:Sanity","AT_ATBox","REME_ComplimentaryCards","Potion Belt","reliquary:RoseTintedGlasses","Ornamental Fan","ats:Originium","REME_IWantAll","Replay:Baseball","Ancient Tea Set","Ring of Hypnosis","Ring of Searing","Molten Egg 2","Pondfish Scales","Boot","Turnip","MerchantsRug","PreservedInsect"],"acts_visited":["Exordium","TheCity"],"potions_floor_usage":[14,17],"damage_taken":[{"damage":17,"enemies":"Cultist","floor":1,"turns":4},{"damage":0,"enemies":"Small Slimes","floor":2,"turns":2},{"damage":14,"enemies":"2 Louse","floor":5,"turns":3},{"damage":60,"enemies":"3 Sentries","floor":7,"turns":7},{"damage":11,"enemies":"Large Slime","floor":12,"turns":4},{"damage":38,"enemies":"Gremlin Nob","floor":14,"turns":4},{"damage":8,"enemies":"Slime Boss","floor":16,"turns":5},{"damage":37,"enemies":"Chosen","floor":18,"turns":7},{"damage":196,"enemies":"Spheric Guardian","floor":22,"turns":5}],"seed_played":"-9093221463473916309","potions_obtained":[{"floor":12,"key":"CultistPotion"},{"floor":16,"key":"BlessingOfTheForge"},{"floor":17,"key":"REME_GoldPotion"}],"is_trial":true,"path_per_floor":["M","M","?","$","M","R","E","?","T","R","?","M","T","E","R","B",null,"M","$","?","?","M"],"character_chosen":"DOCTOR_CLASS","items_purchased":["ats:Chain Hook","ats:Hook Shot","Ancient Tea Set","ats:Directed Diagnosis","MerchantsRug"],"campfire_rested":1,"item_purchase_floors":[4,10,10,19,19],"current_hp_per_floor":[64,72,72,72,62,62,31,20,20,20,20,28,28,9,30,43,70,63,63,63,63,0,0],"gold":61,"neow_bonus":"","is_daily":false,"chose_seed":false,"campfire_upgraded":1,"win_rate":0.0,"timestamp":1612594241,"path_taken":["M","M","?","$","M","R","E","?","T","R","?","M","?","E","R","BOSS","M","$","?","?","M"],"items_purchased_type":["Card","Card","Relic","Card","Relic"],"build_version":"2020-12-22","purchased_purges":0,"victory":false,"max_hp_per_floor":[72,72,72,72,72,72,72,72,72,72,72,72,72,72,72,72,77,77,77,77,77,77,77],"card_choices":[{"not_picked":["ats:Poison Spread","ats:Sashimi Platter","ats:Revitalization"],"picked":"SKIP","floor":7},{"not_picked":["ats:Demon Strength","ats:Burning Ground"],"picked":"ats:Part Time Job","floor":14},{"not_picked":["ats:Fractured Body","ats:Nebulous Foxfire"],"picked":"ats:Shadow Assault+1","floor":16},{"not_picked":["ats:Guardian Obelisk","ats:Powerful Strike+1"],"picked":"ats:Charging Defense","floor":17}],"player_experience":185152,"relics_obtained":[{"floor":1,"key":"Potion Belt"},{"floor":2,"key":"reliquary:RoseTintedGlasses"},{"floor":5,"key":"Ornamental Fan"},{"floor":7,"key":"ats:Originium"},{"floor":7,"key":"REME_IWantAll"},{"floor":9,"key":"Replay:Baseball"},{"floor":11,"key":"Ring of Hypnosis"},{"floor":11,"key":"Ring of Searing"},{"floor":12,"key":"Molten Egg 2"},{"floor":13,"key":"Pondfish Scales"},{"floor":14,"key":"ats:Originium"},{"floor":14,"key":"Boot"},{"floor":18,"key":"Turnip"}],"event_choices":[{"damage_healed":0,"gold_gain":0,"player_choice":"Leave","damage_taken":0,"max_hp_gain":0,"max_hp_loss":0,"event_name":"The Cleric","floor":3,"gold_loss":0},{"damage_healed":0,"gold_gain":75,"player_choice":"Gather Gold","damage_taken":11,"max_hp_gain":0,"max_hp_loss":0,"event_name":"World of Goop","floor":8,"gold_loss":0},{"damage_healed":0,"gold_gain":0,"player_choice":"Ignored","damage_taken":0,"max_hp_gain":0,"max_hp_loss":0,"event_name":"Ghosts","floor":21,"gold_loss":0}],"is_beta":false,"boss_relics":[{"not_picked":["Replay:Wanted Poster","Snecko Eye"],"picked":"Tiny House"}],"items_purged_floors":[],"is_endless":true,"potions_floor_spawned":[12,16],"killed_by":"Spheric Guardian","ascension_level":20}}