{"host":"hk3n60c9tb8azi3z","time":1612649068,"event":{"mods":["AchievementEnabler","BaseMod","Minty Spire (QoL Compilation)","Relic Sorter","Relic Stats"],"gold_per_floor":[115,40,12,12,12,12,46,46,71,71,71,86,109,123,123,123,123],"floor_reached":16,"language":"ENG","playtime":529,"items_purged":[],"score":196,"play_id":"f454434f-ab81-4de6-9c77-59314302517d","local_time":"20210206230428","is_ascension_mode":true,"campfire_choices":[{"data":"Bash","floor":6.0,"key":"SMITH"},{"data":"Armaments","floor":8,"key":"SMITH"},{"floor":11,"key":"REST"},{"data":"Armaments","floor":15,"key":"SMITH"}],"circlet_count":0,"master_deck":["AscendersBane","Strike_R","Strike_R","Strike_R","Strike_R","Strike_R","Defend_R","Defend_R","Defend_R","Defend_R","Bash+1","Reaper","Perfected Strike","Sword Boomerang","Armaments+1","Disarm","Juggernaut","Armaments+1"],"relics":["Burning Blood","Anchor","Bag of Marbles","Golden Idol"],"acts_visited":["Exordium"],"potions_floor_usage":[7],"damage_taken":[{"damage":3.0,"enemies":"2 Louse","floor":1.0,"turns":3.0},{"damage":54,"enemies":"3 Sentries","floor":7,"turns":12},{"damage":2,"enemies":"Jaw Worm","floor":12,"turns":3},{"damage":4,"enemies":"Small Slimes","floor":13,"turns":3},{"damage":3,"enemies":"Blue Slaver","floor":14,"turns":3},{"damage":67,"enemies":"Hexaghost","floor":16,"turns":9}],"seed_played":"649593193607555999","potions_obtained":[{"floor":1.0,"key":"SkillPotion"}],"is_trial":false,"path_per_floor":["M","?","$","?","$","R","E","R","T","?","R","M","M","M","R","B"],"character_chosen":"IRONCLAD","items_purchased":["Sword Boomerang"],"campfire_rested":1,"item_purchase_floors":[3],"current_hp_per_floor":[75,75,75,80,80,80,36,36,36,8,32,42,58,61,61,0,0],"gold":123,"neow_bonus":"THREE_RARE_CARDS","is_daily":false,"chose_seed":false,"campfire_upgraded":3,"win_rate":0.0,"timestamp":1612649068,"path_taken":["M","?","$","?","?","R","E","R","T","?","R","M","?","?","R","BOSS"],"items_purchased_type":["Card"],"build_version":"2020-12-22","purchased_purges":0,"victory":false,"max_hp_per_floor":[75,75,75,80,80,80,80,80,80,80,80,80,80,80,80,80,80],"relic_stats":{"counters":[6,33],"Golden Idol":11,"obtain_stats":[{"Anchor":7,"Golden Idol":10,"Bag of Marbles":9,"Burning Blood":0},{"Anchor":2,"Golden Idol":2,"Bag of Marbles":2,"Burning Blood":0},{"Anchor":15,"Golden Idol":15,"Bag of Marbles":15,"Burning Blood":0}],"Burning Blood":26},"card_choices":[{"not_picked":["Berserk","Brutality"],"picked":"Reaper","floor":0.0},{"not_picked":["True Grit","Evolve"],"picked":"Perfected Strike","floor":1.0},{"not_picked":["Evolve","Bloodletting"],"picked":"Armaments","floor":7},{"not_picked":["Wild Strike","Ghostly Armor"],"picked":"Disarm","floor":12},{"not_picked":["Sword Boomerang","Warcry"],"picked":"Juggernaut","floor":13},{"not_picked":["Seeing Red","Anger"],"picked":"Armaments","floor":14}],"player_experience":1659085,"relics_obtained":[{"floor":7,"key":"Anchor"},{"floor":9,"key":"Bag of Marbles"}],"event_choices":[{"cards_removed":["Shame"],"damage_healed":0.0,"max_hp_gain":0.0,"max_hp_loss":0.0,"gold_gain":0.0,"event_name":"The Cleric","player_choice":"Card Removal","floor":2.0,"gold_loss":75.0,"damage_taken":0.0},{"damage_healed":0.0,"max_hp_gain":5.0,"max_hp_loss":0.0,"gold_gain":0.0,"event_name":"Big Fish","player_choice":"Donut","floor":4.0,"gold_loss":0.0,"damage_taken":0.0},{"damage_healed":0,"gold_gain":0,"player_choice":"Take Damage","damage_taken":28,"relics_obtained":["Golden Idol"],"max_hp_gain":0,"max_hp_loss":0,"event_name":"Golden Idol","floor":10,"gold_loss":0}],"is_beta":false,"boss_relics":[],"items_purged_floors":[],"is_endless":false,"potions_floor_spawned":[1],"killed_by":"Hexaghost","ascension_level":20}}