{"host":"ao4lxi9bhtts409i","time":1612611067,"event":{"mods":["AchievementEnabler","BaseMod","Colored Map","Colored Powertips","Minty Spire (QoL Compilation)","SuperFastMode"],"gold_per_floor":[114,125,145,158,158,191,49,49,74,101,116,116,116,134,134,134,134],"floor_reached":16,"language":"ENG","playtime":950,"items_purged":[],"score":129,"play_id":"634ab454-2189-46fe-b5f0-b5de46d83b1e","local_time":"20210206123107","is_ascension_mode":true,"campfire_choices":[{"data":"Burst","floor":8,"key":"SMITH"},{"floor":12,"key":"REST"},{"floor":15,"key":"REST"}],"circlet_count":0,"master_deck":["Strike_G","Strike_G","Strike_G","Strike_G","Strike_G","Defend_G","Defend_G+1","Defend_G","Defend_G","Defend_G","Survivor","Neutralize","Burst+1","Quick Slash","Dodge and Roll","Dagger Spray","Deadly Poison+1","Footwork","Bullet Time","Footwork","Deflect","Die Die Die"],"relics":["Ring of the Snake","War Paint","Juzu Bracelet","Toy Ornithopter","Golden Idol"],"acts_visited":["Exordium"],"potions_floor_usage":[6,6,10,16],"damage_taken":[{"damage":0,"enemies":"Small Slimes","floor":1,"turns":3},{"damage":0,"enemies":"Cultist","floor":2,"turns":3},{"damage":2,"enemies":"Jaw Worm","floor":3,"turns":5},{"damage":21,"enemies":"Large Slime","floor":4,"turns":9},{"damage":5,"enemies":"3 Sentries","floor":6,"turns":7},{"damage":22,"enemies":"Gremlin Nob","floor":10,"turns":4},{"damage":0,"enemies":"2 Fungi Beasts","floor":11,"turns":5},{"damage":8,"enemies":"Lots of Slimes","floor":14,"turns":5},{"damage":57,"enemies":"Slime Boss","floor":16,"turns":10}],"seed_played":"-2570266251350465698","potions_obtained":[{"floor":1,"key":"LiquidBronze"},{"floor":4,"key":"PowerPotion"},{"floor":5,"key":"SteroidPotion"},{"floor":5,"key":"LiquidMemories"},{"floor":5,"key":"GhostInAJar"},{"floor":6,"key":"SmokeBomb"},{"floor":11,"key":"ColorlessPotion"}],"is_trial":false,"path_per_floor":["M","M","M","M","?","E","$","R","T","E","M","R","?","M","R","B"],"character_chosen":"THE_SILENT","items_purchased":["Bullet Time"],"campfire_rested":2,"item_purchase_floors":[7],"current_hp_per_floor":[70,70,68,47,47,42,42,42,42,20,20,41,41,33,52,0,0],"gold":134,"neow_bonus":"ONE_RANDOM_RARE_CARD","is_daily":false,"chose_seed":false,"campfire_upgraded":1,"win_rate":0.0,"timestamp":1612611067,"path_taken":["M","M","M","M","?","E","$","R","T","E","M","R","?","M","R","BOSS"],"items_purchased_type":["Card"],"build_version":"2020-12-22","purchased_purges":0,"victory":false,"max_hp_per_floor":[70,70,70,70,70,70,70,70,70,70,70,70,65,65,65,65,65],"card_choices":[{"not_picked":["Concentrate","Outmaneuver"],"picked":"Quick Slash","floor":1},{"not_picked":["Endless Agony","Dagger Throw"],"picked":"Dodge and Roll","floor":2},{"not_picked":["Catalyst","Poisoned Stab"],"picked":"Dagger Spray","floor":3},{"not_picked":["PiercingWail","Underhanded Strike"],"picked":"Deadly Poison","floor":4},{"not_picked":["Bane","Cloak And Dagger"],"picked":"Footwork","floor":6},{"not_picked":["Sucker Punch","All Out Attack"],"picked":"Footwork","floor":10},{"not_picked":["Escape Plan","Dagger Spray"],"picked":"Deflect","floor":11},{"not_picked":["Reflex","Escape Plan"],"picked":"Die Die Die","floor":14}],"player_experience":258945,"relics_obtained":[{"floor":6,"key":"War Paint"},{"floor":9,"key":"Juzu Bracelet"},{"floor":10,"key":"Toy Ornithopter"}],"event_choices":[{"damage_healed":0,"gold_gain":0,"player_choice":"Got Potions","damage_taken":0,"max_hp_gain":0,"max_hp_loss":0,"event_name":"Lab","floor":5,"gold_loss":0},{"damage_healed":0,"gold_gain":0,"player_choice":"Lose Max HP","damage_taken":0,"relics_obtained":["Golden Idol"],"max_hp_gain":0,"max_hp_loss":5,"event_name":"Golden Idol","floor":13,"gold_loss":0}],"is_beta":false,"boss_relics":[],"items_purged_floors":[],"is_endless":false,"potions_floor_spawned":[1,4,6,11],"killed_by":"Slime Boss","ascension_level":3}}