{"host":"sc0o2qwpf9j16a4i","time":1612620595,"event":{"mods":["AchievementEnabler","BaseMod","BetterRewards","Block Reminder","Colored Map","Colored Powertips","Custom Start","Highlight Path","Minty Spire (QoL Compilation)","Relic Stats"],"gold_per_floor":[116,116,129,153,30,56,56,56,56,82,101,131,23,35,35,130,130,148,148,148,2,2,2,27,27,27,38,13,48,80,94,94,189,189,204,1203,1220,639,639,639,667,678,678,712,723,737,737,751,751,751],"floor_reached":51,"language":"ENG","playtime":2025,"items_purged":["Normality"],"score":1001,"play_id":"6b652d4a-12a2-4e0c-bfb1-ff742d1d20cc","local_time":"20210206160955","daily_mods":["Chimera","Red Cards","Night Terrors"],"is_ascension_mode":false,"campfire_choices":[{"data":"Dagger Spray","floor":7,"key":"SMITH"},{"data":"Venomology","floor":15,"key":"SMITH"},{"data":"Ghostly","floor":23,"key":"SMITH"},{"data":"Ghostly","floor":25,"key":"SMITH"},{"data":"Burst","floor":32,"key":"SMITH"},{"data":"A Thousand Cuts","floor":40,"key":"SMITH"},{"floor":49,"key":"REST"}],"circlet_count":0,"master_deck":["Bash","Survivor","Zap","Eruption","Dagger Throw","Eviscerate","Evolve","Dagger Spray+1","Footwork","Venomology+1","Twin Strike","Feel No Pain","Whirlwind","Flying Knee","Burst+1","Ghostly+1","Ghostly+1","Ghostly","Ghostly","Ghostly","RitualDagger","Cloak And Dagger","Blade Dance","A Thousand Cuts+1","Accuracy","Uppercut","Entrench","Burst","Clash","Venomology","Blur","Dark Embrace+1","Envenom","Blade Dance","Spot Weakness","Blade Dance+1","Well Laid Plans+1","Catalyst+1"],"relics":["Ring of the Snake","WarpedTongs","Omamori","Akabeko","Gremlin Horn","Odd Mushroom","Bottled Lightning","Calling Bell","Art of War","Mummified Hand","The Specimen","PreservedInsect","Dream Catcher","Toy Ornithopter","Red Mask","Oddly Smooth Stone","Pandora\u0027s Box","Happy Flower","Ice Cream","Singing Bowl","Kunai"],"acts_visited":["Exordium","TheCity","TheBeyond"],"potions_floor_usage":[12,12,12,18,18,24,24,27,27,29,30,31,31,33,33,35,35,37,41,41,42,42,44,44,44,44,45,45,50],"damage_taken":[{"damage":0.0,"enemies":"Small Slimes","floor":1.0,"turns":3.0},{"damage":3.0,"enemies":"Jaw Worm","floor":3.0,"turns":3.0},{"damage":25.0,"enemies":"Lagavulin","floor":6.0,"turns":8.0},{"damage":0,"enemies":"The Mushroom Lair","floor":10,"turns":1},{"damage":0,"enemies":"2 Louse","floor":11,"turns":1},{"damage":0,"enemies":"3 Sentries","floor":12,"turns":5},{"damage":5,"enemies":"Exordium Wildlife","floor":14,"turns":2},{"damage":0,"enemies":"Slime Boss","floor":16,"turns":3},{"damage":0,"enemies":"Chosen","floor":18,"turns":5},{"damage":8,"enemies":"Book of Stabbing","floor":24,"turns":5},{"damage":0,"enemies":"3 Byrds","floor":27,"turns":2},{"damage":0,"enemies":"Masked Bandits","floor":29,"turns":3},{"damage":0,"enemies":"Gremlin Leader","floor":30,"turns":4},{"damage":0,"enemies":"Cultist and Chosen","floor":31,"turns":6},{"damage":3,"enemies":"Collector","floor":33,"turns":9},{"damage":1,"enemies":"Orb Walker","floor":35,"turns":2},{"damage":0,"enemies":"3 Shapes","floor":37,"turns":2},{"damage":0,"enemies":"Giant Head","floor":41,"turns":7},{"damage":0,"enemies":"Transient","floor":42,"turns":5},{"damage":0,"enemies":"Reptomancer","floor":44,"turns":3},{"damage":16,"enemies":"Jaw Worm Horde","floor":45,"turns":3},{"damage":2,"enemies":"4 Shapes","floor":46,"turns":4},{"damage":0,"enemies":"Sphere and 2 Shapes","floor":48,"turns":5},{"damage":3,"enemies":"Time Eater","floor":50,"turns":12}],"seed_played":"-944322192968459836","potions_obtained":[{"floor":6.0,"key":"Energy Potion"},{"floor":11,"key":"BlessingOfTheForge"},{"floor":14,"key":"Weak Potion"},{"floor":24,"key":"Ancient Potion"},{"floor":29,"key":"GhostInAJar"},{"floor":31,"key":"Fruit Juice"},{"floor":33,"key":"CunningPotion"},{"floor":41,"key":"CunningPotion"},{"floor":44,"key":"PowerPotion"}],"is_trial":true,"path_per_floor":["M","?","M","T","$","E","R","?","T","?","M","E","$","M","R","B",null,"M","?","?","$","?","R","E","R","T","M","$","?","E","M","R","B",null,"M","?","M","$","?","R","E","M","T","E","M","M","?","M","R","B",null],"character_chosen":"THE_SILENT","items_purchased":["Evolve","ColorlessPotion","Feel No Pain","Whirlwind","PreservedInsect","Blade Dance","Envenom","Blade Dance","Happy Flower","Spot Weakness","LiquidMemories"],"campfire_rested":1,"item_purchase_floors":[5,5,13,13,21,28,38,38,38,38,38],"current_hp_per_floor":[70,70,67,67,67,42,42,35,35,35,35,35,35,30,30,30,70,70,70,35,35,29,29,35,35,35,35,35,35,35,40,40,37,40,39,39,40,40,40,40,40,40,40,40,29,29,29,29,39,36],"gold":751,"neow_bonus":"","is_daily":false,"chose_seed":false,"campfire_upgraded":6,"win_rate":0.0,"timestamp":1612620595,"path_taken":["M","?","?","?","$","E","R","?","T","?","M","E","?","M","R","BOSS","M","?","?","$","?","R","E","R","T","M","?","?","E","?","R","BOSS","M","?","M","?","?","R","E","?","T","E","M","M","?","?","R","BOSS"],"items_purchased_type":["Card","Potion","Card","Card","Relic","Card","Card","Card","Relic","Card","Potion"],"build_version":"2020-12-22","purchased_purges":1,"victory":true,"max_hp_per_floor":[70,70,70,70,70,70,70,70,70,70,70,70,70,70,70,70,70,70,70,35,35,35,35,35,35,35,35,35,35,35,40,40,40,40,40,40,40,40,40,40,40,40,40,40,42,44,44,44,39,39],"relic_stats":{"Gremlin Horn":[21,21],"Happy Flower":[13],"Singing Bowl":4,"counters":[24,103],"PreservedInsect":270,"WarpedTongs":[99],"Dream Catcher":1,"Mummified Hand":[67],"Pandora\u0027s Box":["Accuracy","Uppercut","Entrench","Burst","Clash","Venomology"],"Art of War":[18],"Kunai":[10],"obtain_stats":[{"Ice Cream":41,"Gremlin Horn":9,"The Specimen":17,"Happy Flower":38,"Singing Bowl":43,"Oddly Smooth Stone":30,"PreservedInsect":21,"Omamori":4,"Odd Mushroom":10,"Akabeko":6,"WarpedTongs":2,"Calling Bell":17,"Dream Catcher":24,"Mummified Hand":17,"Pandora\u0027s Box":34,"Art of War":17,"Red Mask":29,"Bottled Lightning":12,"Kunai":44,"Toy Ornithopter":26,"Ring of the Snake":0},{"Ice Cream":18,"Gremlin Horn":3,"The Specimen":8,"Happy Flower":17,"Singing Bowl":19,"Oddly Smooth Stone":13,"PreservedInsect":9,"Omamori":2,"Odd Mushroom":4,"Akabeko":3,"WarpedTongs":1,"Calling Bell":8,"Dream Catcher":10,"Mummified Hand":8,"Pandora\u0027s Box":15,"Art of War":8,"Red Mask":12,"Bottled Lightning":6,"Kunai":20,"Toy Ornithopter":10,"Ring of the Snake":0},{"Ice Cream":71,"Gremlin Horn":14,"The Specimen":26,"Happy Flower":64,"Singing Bowl":76,"Oddly Smooth Stone":45,"PreservedInsect":31,"Omamori":6,"Odd Mushroom":15,"Akabeko":14,"WarpedTongs":3,"Calling Bell":26,"Dream Catcher":36,"Mummified Hand":26,"Pandora\u0027s Box":60,"Art of War":26,"Red Mask":41,"Bottled Lightning":21,"Kunai":79,"Toy Ornithopter":36,"Ring of the Snake":0}],"Toy Ornithopter":4,"Ring of the Snake":[48]},"card_choices":[{"not_picked":["Headbutt","Dual Wield"],"picked":"Dagger Throw","floor":1.0},{"not_picked":["Dagger Throw","Sucker Punch"],"picked":"Eviscerate","floor":3.0},{"not_picked":["Blade Dance","Heavy Blade"],"picked":"Dagger Spray","floor":6.0},{"not_picked":["Havoc","Cleave"],"picked":"Footwork","floor":10},{"not_picked":["Dodge and Roll","Fire Breathing"],"picked":"Venomology","floor":11},{"not_picked":["Acrobatics","Accuracy"],"picked":"Twin Strike","floor":12},{"not_picked":["Prepared","PiercingWail"],"picked":"Flying Knee","floor":14},{"not_picked":["Offering","Phantasmal Killer"],"picked":"Burst","floor":16},{"not_picked":["Twin Strike","Rupture+1","Pommel Strike"],"picked":"SKIP","floor":18},{"not_picked":["Dodge and Roll+1","Thunderclap"],"picked":"Cloak And Dagger","floor":24},{"not_picked":["Deflect","Quick Slash","Dropkick+1"],"picked":"SKIP","floor":27},{"not_picked":["Immolate","Underhanded Strike","Pommel Strike+1"],"picked":"SKIP","floor":30},{"not_picked":["Dagger Throw","Cleave","Predator"],"picked":"SKIP","floor":31},{"not_picked":["Glass Knife","Unload"],"picked":"A Thousand Cuts","floor":33},{"not_picked":["Flying Knee","Pommel Strike"],"picked":"Blur","floor":35},{"not_picked":["Wild Strike+1","Second Wind+1"],"picked":"Dark Embrace","floor":37},{"not_picked":["All Out Attack+1","Pommel Strike","Heel Hook+1"],"picked":"SKIP","floor":41},{"not_picked":["Dual Wield+1","Clothesline+1","Skewer"],"picked":"SKIP","floor":42},{"not_picked":["Twin Strike+1","Quick Slash"],"picked":"Blade Dance+1","floor":44},{"not_picked":["Setup+1","Pommel Strike","Anger"],"picked":"Singing Bowl","floor":45},{"not_picked":["Deflect","Heavy Blade","Dodge and Roll+1"],"picked":"Singing Bowl","floor":46},{"not_picked":["Anger","Blade Dance"],"picked":"Well Laid Plans+1","floor":48},{"not_picked":["Tactician","Envenom"],"picked":"Catalyst+1","floor":49}],"player_experience":1225384,"relics_obtained":[{"floor":4.0,"key":"Omamori"},{"floor":6.0,"key":"Akabeko"},{"floor":9,"key":"Gremlin Horn"},{"floor":10,"key":"Odd Mushroom"},{"floor":12,"key":"Bottled Lightning"},{"floor":17,"key":"Art of War"},{"floor":17,"key":"Mummified Hand"},{"floor":17,"key":"The Specimen"},{"floor":24,"key":"Dream Catcher"},{"floor":26,"key":"Toy Ornithopter"},{"floor":29,"key":"Red Mask"},{"floor":30,"key":"Oddly Smooth Stone"},{"floor":41,"key":"Ice Cream"},{"floor":43,"key":"Singing Bowl"},{"floor":44,"key":"Kunai"}],"event_choices":[{"damage_healed":0.0,"max_hp_gain":0.0,"max_hp_loss":0.0,"gold_gain":0.0,"event_name":"Accursed Blacksmith","player_choice":"Rummage","floor":2.0,"gold_loss":0.0,"damage_taken":0.0,"relics_obtained":["WarpedTongs"],"cards_obtained":["Pain"]},{"cards_removed":["Pain"],"damage_healed":0,"gold_gain":0,"player_choice":"Card Removal","damage_taken":7,"max_hp_gain":0,"max_hp_loss":0,"event_name":"Golden Wing","floor":8,"gold_loss":0},{"damage_healed":0,"gold_gain":0,"player_choice":"Fought Mushrooms","damage_taken":0,"max_hp_gain":0,"max_hp_loss":0,"event_name":"Mushrooms","floor":10,"gold_loss":0},{"damage_healed":0,"gold_gain":0,"player_choice":"Simplicity","damage_taken":0,"max_hp_gain":0,"max_hp_loss":0,"event_name":"Back to Basics","floor":19,"gold_loss":0,"cards_upgraded":["Strike_R","Strike_G","Strike_B","Defend_R","Defend_G","Defend_P"]},{"damage_healed":0,"gold_gain":0,"player_choice":"Became a Ghost","damage_taken":0,"max_hp_gain":0,"max_hp_loss":35,"event_name":"Ghosts","floor":20,"gold_loss":0,"cards_obtained":["Ghostly","Ghostly","Ghostly","Ghostly","Ghostly"]},{"damage_healed":0,"gold_gain":0,"player_choice":"Joined the Cult","damage_taken":6,"max_hp_gain":0,"max_hp_loss":0,"event_name":"Nest","floor":22,"gold_loss":0,"cards_obtained":["RitualDagger"]},{"damage_healed":0,"gold_gain":0,"player_choice":"Fought Bandits","damage_taken":0,"max_hp_gain":0,"max_hp_loss":0,"event_name":"Masked Bandits","floor":29,"gold_loss":0},{"damage_healed":0,"gold_gain":999,"player_choice":"Gold","damage_taken":0,"max_hp_gain":0,"max_hp_loss":0,"event_name":"MindBloom","floor":36,"gold_loss":0,"cards_obtained":["Normality","Normality"]},{"damage_healed":0,"gold_gain":0,"player_choice":"Ignored","damage_taken":0,"max_hp_gain":0,"max_hp_loss":0,"event_name":"SecretPortal","floor":39,"gold_loss":0},{"damage_healed":0,"gold_gain":0,"player_choice":"Upgraded","damage_taken":0,"max_hp_gain":0,"max_hp_loss":0,"event_name":"Upgrade Shrine","floor":47,"gold_loss":0,"cards_upgraded":["Dark Embrace"]}],"is_beta":false,"boss_relics":[{"not_picked":["Philosopher\u0027s Stone","SlaversCollar"],"picked":"Calling Bell"},{"not_picked":["Coffee Dripper","Black Star"],"picked":"Pandora\u0027s Box"}],"items_purged_floors":[38],"is_endless":false,"potions_floor_spawned":[6,11,14,24,29,31,33,41,42,44],"ascension_level":0}}