{"host":"ek3xvuouaw6vk9if","time":1612573725,"event":{"mods":["BaseMod","BetterRewards","Curses Come First","Dark Map","Downfall","Minty Spire (QoL Compilation)","Permanent Neow","Quick Restart","Relic Stats","Replay The Spire","Spire Arcade","StSLib","The Marked"],"gold_per_floor":[113,113,132,145,145,145,172,188,239,8,28,28,43,59,59,156,156,176,16,35,47,47,47,47,47],"floor_reached":24,"language":"ENG","playtime":1131,"items_purged":["theMarked:Strike","theMarked:Strike"],"score":332,"play_id":"ef259c6c-ab7c-4c12-b8e5-3b71646dfacd","local_time":"20210205200845","is_ascension_mode":true,"campfire_choices":[{"data":"theMarked:BanishingWave","floor":6,"key":"SMITH"},{"data":"theMarked:AttractMetal","floor":15,"key":"SMITH"},{"data":"theMarked:MysticalArsenal","floor":23,"key":"SMITH"}],"circlet_count":0,"master_deck":["theMarked:Strike","theMarked:Strike+1","theMarked:Strike+1","theMarked:Defend","theMarked:Defend","theMarked:Defend","theMarked:Defend","theMarked:SoldierOfQuellstein","theMarked:Memento","theMarked:HeightenedSenses","theMarked:BanishingWave+1","theMarked:AttractMetal+1","theMarked:Frustration","theMarked:MysticalArsenal+1","theMarked:Reabsorb","theMarked:Memento","theMarked:EternalStudent","theMarked:Convert","theMarked:WardOff","theMarked:ChannelForce","theMarked:Heritage"],"relics":["theMarked:ArtifactOfAir","Meat on the Bone","Pen Nib","Replay:Bottled Snecko","Replay:Mystery Machine","Blood Vial","Membership Card","Black Star"],"acts_visited":["Exordium","TheCity"],"potions_floor_usage":[12,16,24],"damage_taken":[{"damage":3,"enemies":"Jaw Worm","floor":1,"turns":4},{"damage":0,"enemies":"Small Slimes","floor":3,"turns":3},{"damage":1,"enemies":"Cultist","floor":4,"turns":3},{"damage":4,"enemies":"3 Sentries","floor":7,"turns":3},{"damage":0,"enemies":"Gremlin Gang","floor":8,"turns":3},{"damage":1,"enemies":"Looter","floor":11,"turns":3},{"damage":0,"enemies":"3 Louse","floor":12,"turns":1},{"damage":3,"enemies":"Red Slaver","floor":13,"turns":5},{"damage":0,"enemies":"Looter","floor":14,"turns":2},{"damage":38,"enemies":"The Guardian","floor":16,"turns":8},{"damage":39,"enemies":"2 Thieves","floor":18,"turns":5},{"damage":0,"enemies":"Spheric Guardian","floor":20,"turns":2},{"damage":20,"enemies":"Snake Plant","floor":21,"turns":4},{"damage":46,"enemies":"Gremlin Leader","floor":24,"turns":6}],"seed_played":"-6001303386085449631","potions_obtained":[{"floor":4,"key":"SmokeBomb"},{"floor":11,"key":"Strength Potion"},{"floor":13,"key":"theMarked:ChargePotion"},{"floor":14,"key":"BlessingOfTheForge"}],"is_trial":false,"path_per_floor":["M","?","M","M","?","R","E","M","T","$","M","M","M","M","R","B",null,"M","$","M","M","?","R","E"],"character_chosen":"THE_DEFAULT","items_purchased":["theMarked:Memento","Meat on the Bone","Pen Nib","Membership Card","theMarked:MysticalArsenal","theMarked:WardOff","theMarked:ChannelForce","CultistPotion"],"campfire_rested":0,"item_purchase_floors":[0,0,0,10,10,19,19,19],"current_hp_per_floor":[67,49,49,48,34,34,42,42,42,42,43,45,44,46,46,22,70,43,43,45,39,39,39,0,0],"gold":47,"neow_bonus":"","is_daily":false,"chose_seed":false,"campfire_upgraded":3,"win_rate":0.0,"timestamp":1612573725,"path_taken":["M","?","M","M","?","R","E","M","T","?","M","?","?","M","R","BOSS","M","$","?","M","?","R","E"],"items_purchased_type":["Card","Relic","Relic","Relic","Card","Card","Card","Potion"],"build_version":"2020-12-22","purchased_purges":2,"victory":false,"max_hp_per_floor":[70,70,70,70,70,70,70,70,70,70,70,70,70,70,70,70,70,70,70,70,70,70,70,70,70],"relic_stats":{"Blood Vial":16,"counters":[39,157],"Pen Nib":[31],"Black Star":0,"obtain_stats":[{"Ice Cream":17,"ReplayFunnel":41,"Lantern":17,"Bag of Preparation":9,"Replay:Mystery Machine":38,"Sling":27,"Blood Vial":9,"Replay:Bandana":12,"Nunchaku":26,"Replay:Bronze Core":34,"Replay:Bottled Flurry":10,"Replay:Bottled Snecko":2,"Replay:Wax Seal":29,"Gremlin Food":45,"theMarked:DemonDagger":48,"Oddly Smooth Stone":20,"hexamod:Sixitude":43,"Eternal Feather":17,"Pen Nib":6,"Frozen Egg 2":23,"Calling Bell":17,"theMarked:ArtifactOfAir":0,"Black Star":17,"Membership Card":10,"Meat on the Bone":0},{"Ice Cream":9,"ReplayFunnel":21,"Lantern":9,"Bag of Preparation":5,"Replay:Mystery Machine":19,"Sling":14,"Blood Vial":30,"Replay:Bandana":7,"Nunchaku":14,"Replay:Bronze Core":17,"Replay:Bottled Flurry":6,"Replay:Bottled Snecko":26,"Replay:Wax Seal":16,"Gremlin Food":22,"theMarked:DemonDagger":24,"Oddly Smooth Stone":10,"hexamod:Sixitude":21,"Eternal Feather":9,"Pen Nib":4,"Frozen Egg 2":13,"Calling Bell":9,"theMarked:ArtifactOfAir":0,"Black Star":35,"Membership Card":30,"Meat on the Bone":25},{"Ice Cream":32,"ReplayFunnel":87,"Lantern":32,"Bag of Preparation":12,"Replay:Mystery Machine":77,"Sling":53,"Blood Vial":121,"Replay:Bandana":19,"Nunchaku":53,"Replay:Bronze Core":70,"Replay:Bottled Flurry":18,"Replay:Bottled Snecko":109,"Replay:Wax Seal":63,"Gremlin Food":92,"theMarked:DemonDagger":99,"Oddly Smooth Stone":35,"hexamod:Sixitude":87,"Eternal Feather":32,"Pen Nib":10,"Frozen Egg 2":48,"Calling Bell":32,"theMarked:ArtifactOfAir":0,"Black Star":140,"Membership Card":121,"Meat on the Bone":105}],"Meat on the Bone":48},"card_choices":[{"not_picked":["theMarked:ElectricStrings","theMarked:WastefulAttack","theMarked:Aftermath"],"picked":"SKIP","floor":1},{"not_picked":["theMarked:Electrocute","theMarked:Electrify"],"picked":"theMarked:HeightenedSenses","floor":3},{"not_picked":["theMarked:Aftermath","theMarked:ChainLightning"],"picked":"theMarked:BanishingWave","floor":4},{"not_picked":["theMarked:OneWithTheBlade","theMarked:ChannelForce"],"picked":"theMarked:AttractMetal","floor":7},{"not_picked":["theMarked:TheMission","theMarked:TurnInvisible"],"picked":"theMarked:Frustration","floor":8},{"not_picked":["theMarked:Convert","theMarked:TakeCover"],"picked":"theMarked:Reabsorb","floor":11},{"not_picked":["theMarked:Overcharge","theMarked:TakeCover","theMarked:WastefulAttack"],"picked":"SKIP","floor":13},{"not_picked":["theMarked:ChainLightning","theMarked:Maelstrom"],"picked":"theMarked:Memento","floor":14},{"not_picked":["theMarked:Defy","theMarked:SuspiciousRaven"],"picked":"theMarked:EternalStudent","floor":16},{"not_picked":["theMarked:ChainLightning","theMarked:TunnelVision"],"picked":"theMarked:Convert","floor":18},{"not_picked":["theMarked:TwofoldDefense","theMarked:CreepingChasm"],"picked":"theMarked:Heritage","floor":20},{"not_picked":["theMarked:ChannelForce+1","theMarked:TwofoldDefense","theMarked:TakeCover"],"picked":"SKIP","floor":21}],"player_experience":765658,"relics_obtained":[{"floor":7,"key":"Replay:Mystery Machine"},{"floor":9,"key":"Blood Vial"}],"event_choices":[{"damage_healed":0,"gold_gain":0,"player_choice":"Success","damage_taken":18,"relics_obtained":["Replay:Bottled Snecko"],"max_hp_gain":0,"max_hp_loss":0,"event_name":"Scrap Ooze","floor":2,"gold_loss":0},{"damage_healed":0,"gold_gain":0,"player_choice":"Entered Light","damage_taken":14,"max_hp_gain":0,"max_hp_loss":0,"event_name":"Shining Light","floor":5,"gold_loss":0,"cards_upgraded":["theMarked:Strike","theMarked:Strike"]},{"damage_healed":0,"gold_gain":0,"player_choice":"Ignored","damage_taken":0,"max_hp_gain":0,"max_hp_loss":0,"event_name":"Vampires","floor":22,"gold_loss":0}],"is_beta":false,"boss_relics":[{"not_picked":["Runic Pyramid","Replay:Wanted Poster"],"picked":"Black Star"}],"items_purged_floors":[10,19],"is_endless":false,"potions_floor_spawned":[4,11,12,13,14,20],"killed_by":"Gremlin Leader","ascension_level":2}}