{"host":"0msxzbajcl1c78mb","time":1612596238,"event":{"mods":["AchievementEnabler","BaseMod","Colored Map","Colored Powertips","Highlight Path","Minty Spire (QoL Compilation)","Relic Sorter","Relic Stats","StSLib","The Jungle","everything is the same but u backflip on backflip"],"gold_per_floor":[112,112,122,72,83,108,108,125,125,125,154,154,175,100,100,197,197,215,225,225,236,236,236,236],"floor_reached":23,"language":"ENG","playtime":1785,"items_purged":["Dualcast"],"score":289,"play_id":"fa134192-0057-414b-b48e-ca399b060235","local_time":"20210206022358","is_ascension_mode":true,"campfire_choices":[{"data":"Genetic Algorithm","floor":7.0,"key":"SMITH"},{"floor":10,"key":"REST"},{"data":"Streamline","floor":12,"key":"SMITH"},{"data":"Streamline","floor":15,"key":"SMITH"}],"circlet_count":0,"master_deck":["Strike_B","Strike_B","Strike_B","Defend_B","Defend_B","Defend_B","Defend_B","Zap","CurseOfTheBell","Reinforced Body","Gash","Streamline+1","Genetic Algorithm+1","Leap","Streamline+1","Reboot","Gash+1","Go for the Eyes","Chill"],"relics":["Calling Bell","Akabeko","Shuriken","Gambling Chip","Meat on the Bone","Kunai","Frozen Egg 2","HornCleat","Odd Mushroom","SlaversCollar"],"acts_visited":["Exordium","TheCity"],"potions_floor_usage":[11,19,19,21],"damage_taken":[{"damage":0.0,"enemies":"2 Louse","floor":1.0,"turns":3.0},{"damage":7.0,"enemies":"Small Slimes","floor":3.0,"turns":3.0},{"damage":8.0,"enemies":"Jaw Worm","floor":5.0,"turns":4.0},{"damage":27.0,"enemies":"Gremlin Nob","floor":6.0,"turns":5.0},{"damage":9,"enemies":"Gremlin Gang","floor":8,"turns":5},{"damage":6,"enemies":"3 Sentries","floor":11,"turns":8},{"damage":14,"enemies":"The Mushroom Lair","floor":13,"turns":5},{"damage":13,"enemies":"Slime Boss","floor":16,"turns":10},{"damage":0,"enemies":"Spheric Guardian","floor":18,"turns":3},{"damage":1,"enemies":"3 Byrds","floor":19,"turns":6},{"damage":35,"enemies":"3 Cultists","floor":21,"turns":7},{"damage":50,"enemies":"Book of Stabbing","floor":23,"turns":7}],"seed_played":"1075613146075107684","potions_obtained":[{"floor":8,"key":"Fire Potion"},{"floor":11,"key":"Energy Potion"},{"floor":13,"key":"Weak Potion"},{"floor":16,"key":"FocusPotion"},{"floor":19,"key":"Fruit Juice"}],"is_trial":false,"path_per_floor":["M","?","M","?","M","E","R","M","T","R","E","R","?","$","R","B",null,"M","M","?","M","?","E"],"character_chosen":"DEFECT","items_purchased":[],"campfire_rested":1,"item_purchase_floors":[],"current_hp_per_floor":[68,61,54,54,46,31,31,34,34,56,50,50,48,48,48,47,68,68,67,67,49,49,0,0],"gold":236,"neow_bonus":"BOSS_RELIC","is_daily":false,"chose_seed":false,"campfire_upgraded":3,"win_rate":0.0,"timestamp":1612596238,"path_taken":["M","?","M","?","M","E","R","M","T","R","E","R","?","?","R","BOSS","M","?","?","M","?","E"],"items_purchased_type":[],"build_version":"2020-12-22","purchased_purges":1,"victory":false,"max_hp_per_floor":[75,75,75,75,75,75,75,75,75,75,75,75,75,75,75,75,75,75,75,75,80,80,80,80],"relic_stats":{"counters":[12,66],"Shuriken":[11],"Gambling Chip":[41],"Kunai":[10],"obtain_stats":[{"Calling Bell":0,"SlaversCollar":17,"HornCleat":11,"Shuriken":0,"Gambling Chip":0,"Kunai":6,"Frozen Egg 2":9,"Odd Mushroom":13,"Cracked Core":0,"Akabeko":0,"Meat on the Bone":2},{"Calling Bell":0,"SlaversCollar":8,"HornCleat":6,"Shuriken":0,"Gambling Chip":0,"Kunai":4,"Frozen Egg 2":5,"Odd Mushroom":7,"Cracked Core":0,"Akabeko":0,"Meat on the Bone":1},{"Calling Bell":0,"SlaversCollar":43,"HornCleat":28,"Shuriken":0,"Gambling Chip":0,"Kunai":15,"Frozen Egg 2":20,"Odd Mushroom":33,"Cracked Core":0,"Akabeko":0,"Meat on the Bone":3}],"Meat on the Bone":60},"card_choices":[{"not_picked":["Steam Power","Rebound"],"picked":"Reinforced Body","floor":1.0},{"not_picked":["Self Repair","Compile Driver"],"picked":"Gash","floor":3.0},{"not_picked":["Barrage","Recycle"],"picked":"Streamline","floor":5.0},{"not_picked":["Multi-Cast","Fusion"],"picked":"Genetic Algorithm","floor":6.0},{"not_picked":["Hologram","Darkness"],"picked":"Leap","floor":8},{"not_picked":["Storm+1","Biased Cognition+1"],"picked":"Streamline","floor":11},{"not_picked":["Creative AI+1","Core Surge"],"picked":"Reboot","floor":16},{"not_picked":["Hologram","Recycle+1"],"picked":"Gash+1","floor":18},{"not_picked":["Hologram","Heatsinks+1","Beam Cell"],"picked":"SKIP","floor":19},{"not_picked":["Auto Shields+1","Ball Lightning"],"picked":"Go for the Eyes","floor":21}],"player_experience":309460,"relics_obtained":[{"floor":0.0,"key":"Akabeko"},{"floor":0.0,"key":"Shuriken"},{"floor":0.0,"key":"Gambling Chip"},{"floor":6.0,"key":"Kunai"},{"floor":9,"key":"Frozen Egg 2"},{"floor":11,"key":"HornCleat"},{"floor":13,"key":"Odd Mushroom"}],"event_choices":[{"damage_healed":0.0,"max_hp_gain":0.0,"max_hp_loss":0.0,"gold_gain":0.0,"event_name":"Scrap Ooze","player_choice":"Success","floor":2.0,"gold_loss":0.0,"damage_taken":7.0,"relics_obtained":["Meat on the Bone"]},{"cards_removed":["Strike_B"],"damage_healed":0.0,"max_hp_gain":0.0,"max_hp_loss":0.0,"gold_gain":0.0,"event_name":"The Cleric","player_choice":"Card Removal","floor":4.0,"gold_loss":50.0,"damage_taken":0.0},{"damage_healed":0,"gold_gain":0,"player_choice":"Fought Mushrooms","damage_taken":0,"max_hp_gain":0,"max_hp_loss":0,"event_name":"Mushrooms","floor":13,"gold_loss":0},{"damage_healed":0,"gold_gain":0,"player_choice":"Ignored","damage_taken":0,"max_hp_gain":0,"max_hp_loss":0,"event_name":"Ghosts","floor":20,"gold_loss":0},{"damage_healed":0,"gold_gain":0,"player_choice":"Read","damage_taken":0,"max_hp_gain":0,"max_hp_loss":0,"event_name":"The Library","floor":22,"gold_loss":0,"cards_obtained":["Chill"]}],"is_beta":false,"boss_relics":[{"not_picked":["Cursed Key","SacredBark"],"picked":"SlaversCollar"}],"items_purged_floors":[14],"is_endless":false,"potions_floor_spawned":[8,11,13,16,19],"killed_by":"Book of Stabbing","ascension_level":9}}