{"host":"1q02rw1wpi0nrsss","time":1612624054,"event":{"mods":["AchievementEnabler","BaseMod","Better Note","Better Third Choice","Bossed Relics","Custom Start","Dark Map","DeckTracker","Disable Question Mark Monsters","Minty Spire (QoL Compilation)","Permanent Neow","Quick Restart","Rare Cards Sparkle","Relic Stats","StSLib","??????REMEMod"],"gold_per_floor":[113,113,63,76,93,123,123,151,151,171,171,181,199,1,1,1,1],"floor_reached":16,"language":"ENG","playtime":627,"items_purged":["Strike_R"],"score":122,"play_id":"6a699390-d289-4e71-a8c1-39dd675607bd","local_time":"20210206070734","is_ascension_mode":true,"campfire_choices":[{"floor":7,"key":"REST"},{"data":"Burst","floor":11,"key":"SMITH"},{"data":"Spot Weakness","floor":15,"key":"SMITH"}],"circlet_count":0,"master_deck":["Strike_R","Strike_R","Strike_R","Defend_R","Defend_R","Defend_R","Defend_R","Bash","Burst+1","Spot Weakness+1","Shrug It Off","Offering","Combust","Twin Strike","Sword Boomerang"],"relics":["Burning Blood","REME_ComplimentaryCards","Smiling Mask","REME_LimitBreaker","Odd Mushroom","Gremlin Horn"],"acts_visited":["Exordium"],"potions_floor_usage":[8,13,16,16,16],"damage_taken":[{"damage":13.0,"enemies":"Jaw Worm","floor":1.0,"turns":4.0},{"damage":5.0,"enemies":"Small Slimes","floor":4.0,"turns":3.0},{"damage":3.0,"enemies":"2 Louse","floor":5.0,"turns":4.0},{"damage":59,"enemies":"3 Sentries","floor":6,"turns":11},{"damage":14,"enemies":"The Mushroom Lair","floor":8,"turns":5},{"damage":14,"enemies":"Large Slime","floor":10,"turns":6},{"damage":17,"enemies":"2 Fungi Beasts","floor":12,"turns":3},{"damage":13,"enemies":"Blue Slaver","floor":13,"turns":3},{"damage":24,"enemies":"The Guardian","floor":16,"turns":7}],"seed_played":"754588733378790992","potions_obtained":[{"floor":6,"key":"Dexterity Potion"},{"floor":8,"key":"HeartOfIron"},{"floor":12,"key":"CultistPotion"}],"is_trial":false,"path_per_floor":["M","?","?","M","M","E","R","?","T","M","R","M","M","$","R","B"],"character_chosen":"IRONCLAD","items_purchased":["CultistPotion","SkillPotion"],"campfire_rested":1,"item_purchase_floors":[14,14],"current_hp_per_floor":[73,78,78,79,82,29,54,46,46,38,38,27,20,20,20,0,0],"gold":1,"neow_bonus":"RANDOM_COMMON_RELIC","is_daily":false,"chose_seed":false,"campfire_upgraded":2,"win_rate":0.0,"timestamp":1612624054,"path_taken":["M","?","?","M","M","E","R","?","T","M","R","M","M","$","R","BOSS"],"items_purchased_type":["Potion","Potion"],"build_version":"2020-12-22","purchased_purges":1,"victory":false,"max_hp_per_floor":[80,85,85,85,85,85,85,85,85,85,85,85,85,85,85,85,85],"relic_stats":{"Gremlin Horn":[2,2],"counters":[9,46],"Smiling Mask":25,"obtain_stats":[{"Gremlin Horn":9,"REME_LimitBreaker":6,"Odd Mushroom":8,"Smiling Mask":0,"Burning Blood":0,"REME_ComplimentaryCards":0},{"Gremlin Horn":5,"REME_LimitBreaker":4,"Odd Mushroom":5,"Smiling Mask":0,"Burning Blood":0,"REME_ComplimentaryCards":0},{"Gremlin Horn":27,"REME_LimitBreaker":22,"Odd Mushroom":27,"Smiling Mask":0,"Burning Blood":0,"REME_ComplimentaryCards":0}],"Burning Blood":48},"card_choices":[{"not_picked":["Battle Trance","Clash"],"picked":"Spot Weakness","floor":1.0},{"not_picked":["Clothesline","Warcry"],"picked":"Shrug It Off","floor":4.0},{"not_picked":["Flex","Dual Wield","Pommel Strike"],"picked":"SKIP","floor":5.0},{"not_picked":["Iron Wave","Havoc"],"picked":"Offering","floor":6},{"not_picked":["Burning Pact","Pommel Strike"],"picked":"Combust","floor":8},{"not_picked":["Pommel Strike","Shrug It Off"],"picked":"Twin Strike","floor":10},{"not_picked":["Entrench","Sword Boomerang","Cleave"],"picked":"SKIP","floor":12},{"not_picked":["Battle Trance","Clash"],"picked":"Sword Boomerang","floor":13}],"player_experience":88375,"relics_obtained":[{"floor":6,"key":"REME_LimitBreaker"},{"floor":8,"key":"Odd Mushroom"},{"floor":9,"key":"Gremlin Horn"}],"event_choices":[{"damage_healed":0.0,"max_hp_gain":5.0,"max_hp_loss":0.0,"gold_gain":0.0,"event_name":"Big Fish","player_choice":"Donut","floor":2.0,"gold_loss":0.0,"damage_taken":0.0},{"cards_removed":["Strike_R"],"damage_healed":0.0,"max_hp_gain":0.0,"max_hp_loss":0.0,"gold_gain":0.0,"event_name":"The Cleric","player_choice":"Card Removal","floor":3.0,"gold_loss":50.0,"damage_taken":0.0},{"damage_healed":0,"gold_gain":0,"player_choice":"Fought Mushrooms","damage_taken":0,"max_hp_gain":0,"max_hp_loss":0,"event_name":"Mushrooms","floor":8,"gold_loss":0}],"is_beta":false,"boss_relics":[],"items_purged_floors":[14],"is_endless":false,"potions_floor_spawned":[6,8,12],"killed_by":"The Guardian","ascension_level":4}}