{"host":"17u3w43rikeuspxs","time":1612595644,"event":{"mods":["BaseMod","Downfall","Minty Spire (QoL Compilation)","StSLib"],"gold_per_floor":[111,111,124,124,142,172,172,200,282,302,302,25,38,70,70,70,70],"floor_reached":16,"language":"ENG","playtime":710,"items_purged":[],"score":132,"play_id":"375548a3-b0c2-458a-9549-81c68e7abf24","local_time":"20210206021404","is_ascension_mode":true,"campfire_choices":[{"floor":7.0,"key":"REST"},{"data":"True Grit","floor":11.0,"key":"SMITH"},{"floor":15.0,"key":"REST"}],"circlet_count":0,"master_deck":["Strike_R","Strike_R","Strike_R","Strike_R","Strike_R+1","Defend_R+1","Defend_R","Defend_R","Defend_R","Bash","Battle Trance","True Grit+1","Inflame","Shrug It Off","Offering","Whirlwind+1","Heavy Blade+1"],"relics":["Black Star","Unceasing Top","Blood Vial","Omamori","Champion Belt","Boot","Molten Egg 2","PreservedInsect","Dream Catcher","Bottled Flame"],"acts_visited":["Exordium"],"potions_floor_usage":[16,16],"damage_taken":[{"damage":1.0,"enemies":"Cultist","floor":1.0,"turns":4.0},{"damage":7.0,"enemies":"Jaw Worm","floor":3.0,"turns":3.0},{"damage":0.0,"enemies":"2 Louse","floor":5.0,"turns":3.0},{"damage":33.0,"enemies":"Lagavulin","floor":6.0,"turns":10.0},{"damage":2.0,"enemies":"3 Sentries","floor":8.0,"turns":11.0},{"damage":15.0,"enemies":"2 Fungi Beasts","floor":10.0,"turns":4.0},{"damage":6.0,"enemies":"Red Slaver","floor":13.0,"turns":1.0},{"damage":10.0,"enemies":"Gremlin Nob","floor":14.0,"turns":3.0},{"damage":50,"enemies":"Hexaghost","floor":16,"turns":14}],"seed_played":"5799911405594031873","potions_obtained":[{"floor":1.0,"key":"PowerPotion"},{"floor":5.0,"key":"Block Potion"},{"floor":13.0,"key":"LiquidMemories"},{"floor":14.0,"key":"ElixirPotion"}],"is_trial":false,"path_per_floor":["M","?","M","T","M","E","R","E","T","M","R","$","M","E","R","B"],"character_chosen":"IRONCLAD","items_purchased":["PreservedInsect","Whirlwind+1","Strength Potion"],"campfire_rested":2,"item_purchase_floors":[12,12,12],"current_hp_per_floor":[79,63,56,56,56,23,47,47,47,34,34,34,30,22,46,0,0],"gold":70,"neow_bonus":"BOSS_RELIC","is_daily":false,"chose_seed":false,"campfire_upgraded":1,"win_rate":0.0,"timestamp":1612595644,"path_taken":["M","?","M","?","?","E","R","E","T","M","R","$","M","E","R","BOSS"],"items_purchased_type":["Relic","Card","Potion"],"build_version":"2020-12-22","purchased_purges":0,"victory":false,"max_hp_per_floor":[80,80,80,80,80,80,80,80,80,80,80,80,80,80,80,80,80],"card_choices":[{"not_picked":["Rupture","Thunderclap"],"picked":"Battle Trance","floor":1.0},{"not_picked":["Seeing Red","Perfected Strike"],"picked":"True Grit","floor":3.0},{"not_picked":["Clothesline","Headbutt"],"picked":"Inflame","floor":5.0},{"not_picked":["Sentinel","Warcry"],"picked":"Shrug It Off","floor":6.0},{"not_picked":["Warcry","Blood for Blood","Anger"],"picked":"SKIP","floor":8.0},{"not_picked":["Clash+1","Sever Soul+1"],"picked":"Offering","floor":10.0},{"not_picked":["Anger+1","Iron Wave+1","Headbutt+1"],"picked":"SKIP","floor":13.0},{"not_picked":["Searing Blow+1","Feel No Pain","Shockwave"],"picked":"SKIP","floor":14.0},{"not_picked":["Iron Wave+1","Wild Strike+1"],"picked":"Heavy Blade+1","floor":15.0}],"player_experience":83109,"relics_obtained":[{"floor":4.0,"key":"Unceasing Top"},{"floor":6.0,"key":"Blood Vial"},{"floor":6.0,"key":"Omamori"},{"floor":8.0,"key":"Champion Belt"},{"floor":8.0,"key":"Boot"},{"floor":9.0,"key":"Molten Egg 2"},{"floor":14.0,"key":"Dream Catcher"},{"floor":14.0,"key":"Bottled Flame"}],"event_choices":[{"damage_healed":0.0,"max_hp_gain":0.0,"max_hp_loss":0.0,"gold_gain":0.0,"event_name":"Shining Light","player_choice":"Entered Light","floor":2.0,"gold_loss":0.0,"damage_taken":16.0,"cards_upgraded":["Strike_R","Defend_R"]}],"is_beta":false,"boss_relics":[],"items_purged_floors":[],"is_endless":false,"potions_floor_spawned":[1,5,13,14],"killed_by":"Hexaghost","ascension_level":2}}