{"host":"bx54wbx1b8s5cm4v","time":1612587791,"event":{"mods":["BaseMod","Beaked The Cultist","GifTheSpireLib","Hubris","Marisa????????","Minty Spire (QoL Compilation)","StSLib","The Blackbeard","The Bladedancer","The Cursed","The Disciple","The Druid","The Forsaken","The Necromancer","The Runesmith","The Servant 0.9.4","TheBandit"],"gold_per_floor":[109,125,137,312,387,414,414,40,40,40,66,82,92,92,92,197,197,214,214,88,88,105,138,156,156,229,247,264,289,301,336,336,433,433,444,444,455,69,84,84,84,84,135,146,146,146,175,188,188,188],"floor_reached":51,"language":"ENG","playtime":2302,"items_purged":["Doubt","Shame","Strike_R"],"score":772,"play_id":"3edd5fba-f5bf-4dd6-ac59-28f4f4e36421","local_time":"20210206020311","is_ascension_mode":false,"campfire_choices":[{"data":"Armaments","floor":7,"key":"SMITH"},{"data":"Bash","floor":10,"key":"SMITH"},{"data":"WindmillStrike","floor":15,"key":"SMITH"},{"data":"Inflame","floor":25,"key":"SMITH"},{"data":"Rampage","floor":32,"key":"SMITH"},{"data":"Demon Form","floor":40,"key":"SMITH"},{"data":"Disarm","floor":42,"key":"SMITH"},{"floor":45,"key":"REST"},{"data":"CrushJoints","floor":49,"key":"SMITH"}],"circlet_count":0,"master_deck":["Strike_R","Strike_R","Strike_R","Defend_R","Defend_R","Defend_R","Defend_R","Bash+1","Cleave","Flex+1","Clash","Armaments+1","WindmillStrike+1","Conclude","Reaper","Headbutt","Disarm+1","Inflame+1","Rage+1","Iron Wave+1","Sword Boomerang","Rampage+1","Disarm+1","Battle Trance","CrushJoints+1","Dropkick"],"relics":["Burning Blood","hubris:DisguiseKit","Medical Kit","PreservedInsect","Meat on the Bone","hubris:HollowSoul","Anchor","CaptainsWheel","hubris:BottledRain","Shuriken","theForsaken:Lifeblossom","Black Star","hubris:Icosahedron","Paper Frog","Bronze Scales","hubris:Reverence","Champion Belt","Mercury Hourglass"],"acts_visited":["Exordium","TheCity","TheBeyond"],"potions_floor_usage":[23,27,33],"damage_taken":[{"damage":0,"enemies":"Small Slimes","floor":1,"turns":3},{"damage":6,"enemies":"Jaw Worm","floor":2,"turns":3},{"damage":0,"enemies":"2 Louse","floor":3,"turns":2},{"damage":16,"enemies":"3 Sentries","floor":6,"turns":8},{"damage":13,"enemies":"Lagavulin","floor":11,"turns":5},{"damage":0,"enemies":"2 Fungi Beasts","floor":12,"turns":3},{"damage":7,"enemies":"Blue Slaver","floor":13,"turns":3},{"damage":43,"enemies":"The Guardian","floor":16,"turns":10},{"damage":22,"enemies":"Spheric Guardian","floor":18,"turns":4},{"damage":5,"enemies":"Chosen","floor":22,"turns":4},{"damage":32,"enemies":"Gremlin Leader","floor":23,"turns":6},{"damage":24,"enemies":"Centurion and Healer","floor":24,"turns":5},{"damage":10,"enemies":"Chosen and Byrds","floor":27,"turns":6},{"damage":12,"enemies":"Snake Plant","floor":28,"turns":4},{"damage":29,"enemies":"Slavers","floor":29,"turns":4},{"damage":18,"enemies":"Cultist and Chosen","floor":30,"turns":5},{"damage":26,"enemies":"Gremlin Leader","floor":31,"turns":6},{"damage":65,"enemies":"Champ","floor":33,"turns":12},{"damage":22,"enemies":"3 Darklings","floor":35,"turns":6},{"damage":0,"enemies":"Orb Walker","floor":37,"turns":3},{"damage":32,"enemies":"Transient","floor":39,"turns":5},{"damage":38,"enemies":"Writhing Mass","floor":44,"turns":5},{"damage":35,"enemies":"Giant Head","floor":47,"turns":7},{"damage":9,"enemies":"4 Shapes","floor":48,"turns":3},{"damage":21,"enemies":"Awakened One","floor":50,"turns":8}],"seed_played":"881071170683182965","potions_obtained":[{"floor":1,"key":"DuplicationPotion"},{"floor":11,"key":"BloodPotion"},{"floor":22,"key":"Explosive Potion"},{"floor":30,"key":"BloodPotion"},{"floor":31,"key":"FairyPotion"},{"floor":35,"key":"SkillPotion"}],"is_trial":false,"path_per_floor":["M","M","M","?","?","E","R","$","T","R","E","M","M","?","R","B",null,"M","?","$","?","M","E","M","R","T","M","M","E","M","E","R","B",null,"M","?","M","$","M","R","?","R","T","M","R","T","E","M","R","B",null],"character_chosen":"IRONCLAD","items_purchased":["Medical Kit","PreservedInsect","Headbutt","Paper Frog"],"campfire_rested":1,"item_purchase_floors":[8,8,20,38],"current_hp_per_floor":[80,80,80,80,69,59,59,59,59,59,52,58,57,50,50,25,80,64,64,64,64,72,58,56,56,56,52,58,57,57,49,49,24,80,65,65,76,76,54,54,54,54,54,48,72,72,51,80,80,76],"gold":188,"neow_bonus":"","is_daily":false,"chose_seed":false,"campfire_upgraded":8,"win_rate":0.0,"timestamp":1612587791,"path_taken":["M","M","M","?","?","E","R","$","T","R","E","M","M","?","R","BOSS","M","?","$","?","M","E","M","R","T","M","M","E","M","E","R","BOSS","M","?","M","$","M","R","?","R","T","M","R","?","E","M","R","BOSS"],"items_purchased_type":["Relic","Relic","Card","Relic"],"build_version":"2020-12-22","purchased_purges":3,"victory":true,"max_hp_per_floor":[80,80,80,80,80,80,80,80,80,80,80,80,80,80,80,80,80,80,80,80,80,80,80,80,80,80,80,80,80,80,80,80,80,80,80,80,80,80,80,80,80,80,80,80,80,80,80,80,80,80],"card_choices":[{"not_picked":["Pommel Strike","Warcry"],"picked":"Cleave","floor":1},{"not_picked":["Perfected Strike","Sword Boomerang"],"picked":"Flex","floor":2},{"not_picked":["Sword Boomerang","Flex"],"picked":"Clash","floor":3},{"not_picked":["Sword Boomerang","Juggernaut"],"picked":"Armaments","floor":6},{"not_picked":["Infernal Blade","Second Wind","True Grit"],"picked":"WindmillStrike","floor":11},{"not_picked":["Flex","Dark Embrace","Searing Blow"],"picked":"Conclude","floor":12},{"not_picked":["Pommel Strike","Perfected Strike","Flex","ClearTheMind"],"picked":"SKIP","floor":13},{"not_picked":["hubris:StunningStrike","Corruption","Vault"],"picked":"Reaper","floor":16},{"not_picked":["Body Slam","Cleave+1","Carnage","CutThroughFate"],"picked":"SKIP","floor":18},{"not_picked":["Pommel Strike","hubris:SharpeningStone","WheelKick"],"picked":"Disarm+1","floor":22},{"not_picked":["Feed","Shrug It Off","SashWhip"],"picked":"Inflame","floor":23},{"not_picked":["Armaments","Anger+1","CarveReality"],"picked":"Rage+1","floor":24},{"not_picked":["Pommel Strike","Shrug It Off","Headbutt","Collect"],"picked":"SKIP","floor":27},{"not_picked":["Brutality","Sever Soul+1","FlurryOfBlows"],"picked":"Iron Wave+1","floor":28},{"not_picked":["Second Wind","Dual Wield","Vengeance"],"picked":"Sword Boomerang","floor":29},{"not_picked":["True Grit","Dark Embrace","Headbutt","ThirdEye"],"picked":"SKIP","floor":30},{"not_picked":["Cleave+1","Sword Boomerang","EmptyBody"],"picked":"Rampage","floor":31},{"not_picked":["Bludgeon","Brutality","Scrawl"],"picked":"Demon Form","floor":33},{"not_picked":["Armaments+1","Iron Wave+1","EmptyFist"],"picked":"Disarm","floor":35},{"not_picked":["Feel No Pain+1","Armaments","Anger","Swivel"],"picked":"SKIP","floor":37},{"not_picked":["Metallicize","True Grit+1","EmptyBody"],"picked":"Battle Trance","floor":39},{"not_picked":["Warcry","True Grit","Twin Strike"],"picked":"CrushJoints","floor":44},{"not_picked":["Headbutt+1","Burning Pact+1","Body Slam","FearNoEvil"],"picked":"SKIP","floor":47},{"not_picked":["hubris:CleavingFinish","Warcry","CrushJoints"],"picked":"Dropkick","floor":48}],"player_experience":321760,"relics_obtained":[{"floor":6,"key":"hubris:DisguiseKit"},{"floor":9,"key":"Meat on the Bone"},{"floor":23,"key":"CaptainsWheel"},{"floor":26,"key":"hubris:BottledRain"},{"floor":29,"key":"Shuriken"},{"floor":31,"key":"theForsaken:Lifeblossom"},{"floor":43,"key":"Bronze Scales"},{"floor":46,"key":"hubris:Reverence"},{"floor":47,"key":"Champion Belt"},{"floor":47,"key":"Mercury Hourglass"}],"event_choices":[{"damage_healed":0,"gold_gain":175,"player_choice":"AGREE","damage_taken":0,"max_hp_gain":0,"max_hp_loss":0,"event_name":"Liars Game","floor":4,"gold_loss":0,"cards_obtained":["Doubt"]},{"damage_healed":0,"gold_gain":75,"player_choice":"Gather Gold","damage_taken":11,"max_hp_gain":0,"max_hp_loss":0,"event_name":"World of Goop","floor":5,"gold_loss":0},{"cards_removed":["Strike_R"],"damage_healed":0,"gold_gain":0,"player_choice":"Card Removal","damage_taken":7,"max_hp_gain":0,"max_hp_loss":0,"event_name":"Golden Wing","floor":14,"gold_loss":0},{"damage_healed":0,"gold_gain":0,"player_choice":"Stole Relic","damage_taken":0,"relics_obtained":["Anchor"],"max_hp_gain":0,"max_hp_loss":0,"event_name":"Addict","floor":19,"gold_loss":0,"cards_obtained":["Shame"]},{"cards_removed":["Demon Form"],"damage_healed":0,"gold_gain":0,"player_choice":"Removed Power","damage_taken":0,"max_hp_gain":0,"max_hp_loss":0,"event_name":"Falling","floor":41,"gold_loss":0}],"is_beta":false,"boss_relics":[{"not_picked":["beaked:MawFillet","Runesmith:UraniumAnvil"],"picked":"hubris:HollowSoul"},{"not_picked":["Astrolabe","hubris:ScarierMask"],"picked":"Black Star"}],"items_purged_floors":[8,20,38],"is_endless":false,"potions_floor_spawned":[1,11,22,30,31,35,47,48],"ascension_level":0}}