{"host":"h7xtspmc2x3i8s2i","time":1612592017,"event":{"mods":["2.2 Compatiblity","AchievementEnabler","Act Like it!","AlwaysNeverKeys","Aspiration","Astrologer","BaseMod","Bestiary","Better Altar","Better Match","Better Note","Better Sensory Stone","Better Skull","Better Third Choice","Better Vampires","Better-Laid Plans","Colored Map","Colored Powertips","Conjunction","Curses Come First","Defuse TimeMaze Blight","Dio Mod","Disable Question Mark Monsters","Dota2Spire","Downfall","EXCEPTION","Emptier Cage","Energized Spire","Evolution","Friendly Minions","GifTheSpireLib","Gold Saver","Gremlin Skip","Halation","Hubris","Hyrulean Relics","Infinite Spire","Jedi Mod","Key Reminder","Marked Mod","Minty Spire (QoL Compilation)","Permanent Neow","Potion Indicator Mod","Quick Restart","Random Character Button","Random Character Mod","Rare Cards Sparkle","Relic Filter","Relic Stats","Reliquary","Replay The Spire","SacredBarkPlus","Shop Mod","Smile Girya","Somnambulant","Spicy Shops","Spikes Relics","Spire Birthday Party","StSLib","Steal the Spire","Stuff the Spire","SuperFastMode","The Awakened One except there are too many feathers","The Blue Laboratory","The Cursed","The Death Knight","The Edgeheg","The Problem Sleuth","The Runesmith","The Wild Card","Trackpad","Transform Curses","Uncapped","Unceasing Turn Reminder","Virulent Crown","Wide Potions","everything is the same but u backflip on backflip","slay the spire mod where everything is the same but ironclad has a cowboy hat"],"gold_per_floor":[1562,1562,1579,826,841,866,866,897,897,913,924,950,997,1016,1016,1120,1120,1133,567,26,40,55,55,55],"floor_reached":23,"language":"ENG","playtime":1155,"items_purged":[],"score":380,"play_id":"ea936638-2813-4c22-bd5e-b55f85590b86","local_time":"20210206011337","is_ascension_mode":true,"campfire_choices":[{"floor":15,"key":"RECALL"}],"circlet_count":0,"master_deck":["theWildCard:BasicStrike","theWildCard:BasicStrike","theWildCard:BasicStrike","theWildCard:BasicStrike","theWildCard:BasicDefend","theWildCard:BasicDefend","theWildCard:BasicDefend","theWildCard:BasicDefend","theWildCard:CallToAdventure","theWildCard:Arsene","theWildCard:ArchaicAssault","theWildCard:TheArcanaUnleashed","Dramatic Entrance","theWildCard:ArcaneArts","theWildCard:PowerOfTheArcana","theWildCard:ArcaneArts","theWildCard:ArcaneArts","theWildCard:Impatience","theWildCard:ArcaneArts","StuffTheSpire:Innocence","theWildCard:PowerOfTheArcana","theWildCard:ArcaneArts","Madness","theWildCard:StingingStrike"],"relics":["theWildCard:VelvetContract","EVO:Axolotl","dioMod:VampireBlood","MerchantsRug","Membership Card","Lantern","Pet Ghost","halation:SelfBoilingWater","StuffTheSpire:SapphireSignet","reliquary:BallBearing","Iron Hammer","hubris:TinFlute","keyreminder:keyreminder","StuffTheSpire:OldFever","aspiration:HiddenCompartment","hubris:RunicObelisk","Dota2Spire:OctarineCore","BrokenLever","Runesmith:AutoHammer","jedi:fakemustache","Dota2Spire:LotusOrb"],"acts_visited":["Exordium","TheCity"],"potions_floor_usage":[5,5,11,16,18,18,23],"damage_taken":[{"damage":0,"enemies":"Small Slimes","floor":1,"turns":2},{"damage":2,"enemies":"2 Louse","floor":3,"turns":4},{"damage":3,"enemies":"Jaw Worm","floor":5,"turns":2},{"damage":0,"enemies":"Lagavulin","floor":6,"turns":4},{"damage":0,"enemies":"Gremlin Nob","floor":8,"turns":2},{"damage":0,"enemies":"3 Louse","floor":10,"turns":1},{"damage":9,"enemies":"Blue Slaver","floor":11,"turns":3},{"damage":16,"enemies":"Lagavulin","floor":12,"turns":4},{"damage":0,"enemies":"Large Slime","floor":14,"turns":2},{"damage":0,"enemies":"Fading Forest","floor":16,"turns":6},{"damage":4,"enemies":"3 Byrds","floor":18,"turns":4},{"damage":0,"enemies":"Chosen","floor":21,"turns":3},{"damage":0,"enemies":"Snake Plant","floor":22,"turns":2},{"damage":69,"enemies":"Slavers","floor":23,"turns":3}],"seed_played":"-4894393727746438776","potions_obtained":[{"floor":3,"key":"Swift Potion"},{"floor":10,"key":"blueLaboratory:FruitPunch"},{"floor":12,"key":"BlessingOfTheForge"},{"floor":16,"key":"SkillPotion"},{"floor":18,"key":"jedi:mysterypotion"},{"floor":22,"key":"EssenceOfSteel"}],"is_trial":false,"path_per_floor":["M","?","M","$","M","E","?","E","T","M","M","E","T","M","R","B",null,"M","?","$","M","M","E"],"character_chosen":"THE_WILD_CARD","items_purchased":["MerchantsRug","theWildCard:TheArcanaUnleashed","Membership Card","Lantern","Pet Ghost","halation:SelfBoilingWater","StuffTheSpire:SapphireSignet","Dramatic Entrance","blueLaboratory:FruitPunch","Dota2Spire:OctarineCore","BrokenLever","theWildCard:PowerOfTheArcana","theWildCard:ArcaneArts","Madness","Runesmith:AutoHammer","jedi:fakemustache","Dota2Spire:LotusOrb"],"campfire_rested":0,"item_purchase_floors":[4,4,4,4,4,4,4,4,4,20,20,20,20,20,20,20,20],"current_hp_per_floor":[60,65,65,65,67,67,55,58,58,67,63,50,50,56,56,68,69,69,69,69,69,69,0,0],"gold":55,"neow_bonus":"NOSTALGIA","is_daily":false,"chose_seed":false,"campfire_upgraded":0,"win_rate":0.0,"timestamp":1612592017,"path_taken":["M","?","M","$","M","E","?","E","T","M","M","E","?","?","R","BOSS","M","?","$","M","M","E"],"items_purchased_type":["Relic","Card","Relic","Relic","Relic","Relic","Relic","Card","Potion","Relic","Relic","Card","Card","Card","Relic","Relic","Relic"],"build_version":"2020-12-22","purchased_purges":0,"victory":false,"max_hp_per_floor":[60,65,65,65,67,67,67,67,67,67,69,69,69,69,69,69,69,69,69,69,69,69,69,69],"relic_stats":{"counters":[14,42],"obtain_stats":[{"MerchantsRug":4,"Lantern":4,"aspiration:Nostalgia":0,"BrokenLever":20,"EVO:Axolotl":0,"hubris:RunicObelisk":17,"halation:SelfBoilingWater":4,"aspiration:HiddenCompartment":13,"Pet Ghost":4,"Dota2Spire:LotusOrb":20,"StuffTheSpire:SapphireSignet":4,"keyreminder:keyreminder":9,"jedi:fakemustache":20,"theWildCard:VelvetContract":0,"dioMod:VampireBlood":0,"reliquary:BallBearing":6,"Iron Hammer":7,"Dota2Spire:OctarineCore":20,"Membership Card":4,"Runesmith:AutoHammer":20,"hubris:TinFlute":8,"StuffTheSpire:OldFever":12},{"MerchantsRug":2,"Lantern":2,"aspiration:Nostalgia":0,"BrokenLever":11,"EVO:Axolotl":0,"hubris:RunicObelisk":10,"halation:SelfBoilingWater":2,"aspiration:HiddenCompartment":8,"Pet Ghost":2,"Dota2Spire:LotusOrb":11,"StuffTheSpire:SapphireSignet":2,"keyreminder:keyreminder":5,"jedi:fakemustache":11,"theWildCard:VelvetContract":0,"dioMod:VampireBlood":0,"reliquary:BallBearing":4,"Iron Hammer":4,"Dota2Spire:OctarineCore":11,"Membership Card":2,"Runesmith:AutoHammer":11,"hubris:TinFlute":5,"StuffTheSpire:OldFever":8},{"MerchantsRug":6,"Lantern":6,"aspiration:Nostalgia":0,"BrokenLever":34,"EVO:Axolotl":0,"hubris:RunicObelisk":30,"halation:SelfBoilingWater":6,"aspiration:HiddenCompartment":22,"Pet Ghost":6,"Dota2Spire:LotusOrb":34,"StuffTheSpire:SapphireSignet":6,"keyreminder:keyreminder":14,"jedi:fakemustache":34,"theWildCard:VelvetContract":0,"dioMod:VampireBlood":0,"reliquary:BallBearing":12,"Iron Hammer":12,"Dota2Spire:OctarineCore":34,"Membership Card":6,"Runesmith:AutoHammer":34,"hubris:TinFlute":14,"StuffTheSpire:OldFever":22}]},"card_choices":[{"not_picked":["theWildCard:LadyLuck","theWildCard:Odin"],"picked":"theWildCard:ArchaicAssault","floor":1},{"not_picked":["theWildCard:MaskChange","theWildCard:ShieldOfMany","theWildCard:Polydeuces"],"picked":"SKIP","floor":3},{"not_picked":["theWildCard:BladeOfGenerations","theWildCard:SeveringSlash"],"picked":"theWildCard:ArcaneArts","floor":5},{"not_picked":["theWildCard:EnergizedStroke","theWildCard:UnderLockAndKey"],"picked":"theWildCard:PowerOfTheArcana","floor":6},{"not_picked":["theWildCard:Proficiency","theWildCard:Desolation"],"picked":"theWildCard:ArcaneArts","floor":8},{"not_picked":["theWildCard:PaleRider","theWildCard:ShieldOfMany","theWildCard:EnergyTheft"],"picked":"SKIP","floor":10},{"not_picked":["theWildCard:SeveringSlash","theWildCard:Safeguard"],"picked":"theWildCard:ArcaneArts","floor":11},{"not_picked":["theWildCard:Lucifer","theWildCard:Polydeuces"],"picked":"theWildCard:Impatience","floor":12},{"not_picked":["theWildCard:EnergyTheft","theWildCard:BladeOfGenerations"],"picked":"theWildCard:ArcaneArts","floor":14},{"not_picked":["theWildCard:Salvation","theWildCard:Proficiency","theWildCard:SeveringSlash+1"],"picked":"SKIP","floor":18},{"not_picked":["theWildCard:Salvation","theWildCard:Unburden"],"picked":"theWildCard:StingingStrike","floor":21},{"not_picked":["theWildCard:Proficiency","theWildCard:SeveringSlash+1","theWildCard:EnergyTheft"],"picked":"SKIP","floor":22}],"player_experience":383839,"relics_obtained":[{"floor":6,"key":"reliquary:BallBearing"},{"floor":8,"key":"hubris:TinFlute"},{"floor":12,"key":"StuffTheSpire:OldFever"},{"floor":13,"key":"aspiration:HiddenCompartment"}],"event_choices":[{"damage_healed":0,"gold_gain":0,"player_choice":"Donut","damage_taken":0,"max_hp_gain":5,"max_hp_loss":0,"event_name":"Big Fish","floor":2,"gold_loss":0},{"damage_healed":0,"gold_gain":0,"player_choice":"Relic ","damage_taken":12,"max_hp_gain":0,"max_hp_loss":0,"event_name":"betterThird:BetterScrap","floor":7,"gold_loss":0,"cards_obtained":["jedi:sharpshooter"]}],"is_beta":false,"boss_relics":[{"not_picked":["jedi:battlestandard","Replay:Grab Bag"],"picked":"hubris:RunicObelisk"}],"items_purged_floors":[],"is_endless":false,"potions_floor_spawned":[3,10,12,16,18,22],"killed_by":"Slavers","ascension_level":1}}