{"host":"nlh1m2716594vj2h","time":1612581777,"event":{"mods":["AchievementEnabler","BaseMod","Beaked The Cultist","BetterRewards","Downfall","Duelist Mod","Glutton Mod","Googly Eyes","Gremlin Mod","Hermit","Hubris","Infinite Spire","Jorbs\u0027s Wanderer Trilogy","Marisa????????","Minty Spire (QoL Compilation)","Replay The Spire","Shop Mod","StSLib","The Animator","The Blackbeard","The Bug Knight","The Cursed","The Gatherer","The Hierophant","The Necromancer","The Poker Player","The Runesmith","The Servant 0.9.4"],"gold_per_floor":[138,150,150,150,170,170,204,304,304,304,323,38,113,130,130,230,230,246,257,257,272,272,286,286,304,304,304,304,323,4,22,22,127,127,137,137,137,157,175,210,224,224,250,250,333,349,349,366,366,366,366,366,30,61,61],"floor_reached":56,"language":"ENG","playtime":4459,"items_purged":[],"score":1081,"play_id":"e5a2c4cf-60dd-4354-8fb3-59a666b15d0f","local_time":"20210205222257","is_ascension_mode":false,"campfire_choices":[{"floor":6,"key":"RECALL"},{"data":"theDuelist:BabyDragon","floor":10,"key":"SMITH"},{"floor":15,"key":"REST"},{"data":"Crow Ritual","floor":24,"key":"SMITH"},{"floor":32,"key":"REST"},{"floor":47,"key":"REST"},{"floor":49,"key":"REST"},{"data":"hubris:InfiniteBlow+18","floor":52,"key":"SMITH"}],"circlet_count":0,"master_deck":["theDuelist:BabyDragon+1","theDuelist:CastleWalls","theDuelist:CastleWalls","theDuelist:CaveDragon","theDuelist:CaveDragon","theDuelist:LesserDragon","theDuelist:LesserDragon","theDuelist:Sparks","theDuelist:Sparks","theDuelist:YamataDragon","theDuelist:BusterBlader","theDuelist:MadFlameKaiju","theDuelist:Hinotama","theDuelist:CyberDragonCore","theDuelist:Hydrogeddon","theDuelist:RedRisingDragon","theDuelist:DragonZombie","theDuelist:HorusServant","theDuelist:HorusServant","Crow Ritual+1","theDuelist:DarkDriceratops","theDuelist:StardustDragon","theDuelist:WaterDragon","theDuelist:EvilMind+1","theDuelist:BusterBladerDDS+1","theDuelist:LordD+1","theDuelist:SeismicShockwave+1","theDuelist:BigFire+1","theDuelist:TyrantWing+1","theDuelist:ArmageddonDragonEmp","theDuelist:Freezadon+1","theDuelist:GravityLash","theDuelist:LightningDarts+1","theDuelist:BlackTyranno","theDuelist:BlackBrachios+1","theDuelist:LabyrinthWall","Dark Shackles+1","hubris:InfiniteBlow+19","theDuelist:Scapegoat+1","theDuelist:DefenseZone+1","theDuelist:DragonCaptureJar+2","theDuelist:AncientPixieDragon","theDuelist:ViceDragon+1"],"relics":["theDuelist:MillenniumPuzzle","theDuelist:CardPoolRelic","theDuelist:CardPoolBasicRelic","theDuelist:BoosterPackPoolRelic","theDuelist:CardPoolAddRelic","theDuelist:CardPoolMinusRelic","theDuelist:CardPoolSaveRelic","theDuelist:CardPoolOptionsRelic","Incense Burner","Runesmith:Nanobots","theDuelist:MillenniumPrayerbook","Omamori","theDuelist:BoosterPackTrapEgg","theDuelist:MerchantPendant","theDuelist:GoldenScale","theDuelist:ElectricKey","theDuelist:DragonRelicC","hubris:ScarierMask","theDuelist:NamelessPowerRelicB","sneckomod:BabySnecko","infinitespire:FocusingShard","hubris:Backtick","Replay:Ringing Soul","Juzu Bracelet","theDuelist:DuelistOrichalcum","hubris:AncientText","StoneCalendar","Gambling Chip"],"acts_visited":["Exordium","TheCity","TheBeyond","TheEnding"],"potions_floor_usage":[16,16,33,40,40,50,54],"damage_taken":[{"damage":4,"enemies":"Jaw Worm","floor":1,"turns":2},{"damage":0,"enemies":"2 Louse","floor":2,"turns":1},{"damage":0,"enemies":"Cultist","floor":5,"turns":2},{"damage":0,"enemies":"3 Sentries","floor":7,"turns":1},{"damage":10,"enemies":"Lots of Slimes","floor":11,"turns":3},{"damage":0,"enemies":"Looter","floor":14,"turns":1},{"damage":35,"enemies":"Fading Forest","floor":16,"turns":11},{"damage":3,"enemies":"Shell Parasite","floor":18,"turns":2},{"damage":16,"enemies":"Spheric Guardian","floor":19,"turns":4},{"damage":0,"enemies":"Chosen and Byrds","floor":21,"turns":2},{"damage":1,"enemies":"3 Cultists","floor":23,"turns":4},{"damage":0,"enemies":"Snake Plant","floor":25,"turns":4},{"damage":0,"enemies":"Centurion and Healer","floor":29,"turns":1},{"damage":0,"enemies":"Cultist and Chosen","floor":31,"turns":3},{"damage":31,"enemies":"Champ","floor":33,"turns":10},{"damage":0,"enemies":"3 Darklings","floor":35,"turns":4},{"damage":0,"enemies":"3 Shapes","floor":38,"turns":2},{"damage":3,"enemies":"Sphere and 2 Shapes","floor":39,"turns":4},{"damage":80,"enemies":"Reptomancer","floor":40,"turns":4},{"damage":0,"enemies":"3 Darklings","floor":41,"turns":3},{"damage":0,"enemies":"Jaw Worm Horde","floor":46,"turns":2},{"damage":2,"enemies":"Writhing Mass","floor":48,"turns":5},{"damage":49,"enemies":"Awakened One","floor":50,"turns":12},{"damage":2,"enemies":"Shield and Spear","floor":54,"turns":4},{"damage":1,"enemies":"The Heart","floor":55,"turns":1}],"seed_played":"6700290369081782316","potions_obtained":[{"floor":2,"key":"Fire Potion"},{"floor":5,"key":"theDuelist:LavaBottle"},{"floor":7,"key":"theDuelist:SummonFuryPotion"},{"floor":23,"key":"champ:CounterPotion"},{"floor":29,"key":"FearPotion"},{"floor":33,"key":"theDuelist:StunPotion"},{"floor":35,"key":"theDuelist:TokenPotionB"},{"floor":45,"key":"theDuelist:OrbBottle"},{"floor":45,"key":"theDuelist:ReducerPotion"},{"floor":46,"key":"theDuelist:FlamingBottle"},{"floor":54,"key":"SkillPotion"}],"is_trial":false,"path_per_floor":["M","M","?","?","M","R","E","?","T","R","M","$","?","M","R","B",null,"M","M","AVR","M","?","M","R","M","T","?","?","M","$","M","R","B",null,"M","?","?","M","M","E","M","AVR","T","?","?","M","R","M","R","B",null,"R","$","E","B",null],"character_chosen":"THE_DUELIST","items_purchased":["Runesmith:Nanobots","theDuelist:BusterBlader","theDuelist:MadFlameKaiju","theDuelist:MerchantPendant","theDuelist:HorusServant","Crow Ritual","theDuelist:GoldenScale","theDuelist:DarkDriceratops","theDuelist:ArmageddonDragonEmp","infinitespire:FocusingShard","StoneCalendar","theDuelist:AncientPixieDragon"],"campfire_rested":4,"item_purchase_floors":[0,0,0,12,12,12,12,12,30,30,53,53],"current_hp_per_floor":[60,60,60,54,54,54,54,54,54,54,44,44,33,33,57,36,80,77,61,61,61,61,60,60,60,60,46,46,46,46,46,70,39,81,84,84,84,87,87,10,13,16,16,16,19,22,53,54,86,37,108,108,111,112,111],"gold":61,"neow_bonus":"","is_daily":false,"chose_seed":false,"campfire_upgraded":3,"win_rate":0.0,"timestamp":1612581777,"path_taken":["M","M","?","?","M","R","E","?","T","R","?","?","?","M","R","BOSS","M","M","AVR","M","?","M","R","?","T","?","?","M","$","M","R","BOSS","M","?","?","M","M","E","M","AVR","T","?","?","M","R","M","R","BOSS","R","$","E","BOSS"],"items_purchased_type":["Relic","Card","Card","Relic","Card","Card","Relic","Card","Card","Relic","Relic","Card"],"build_version":"2020-12-22","purchased_purges":0,"victory":true,"max_hp_per_floor":[80,80,80,80,80,80,80,80,80,80,80,80,80,80,80,80,80,80,80,80,80,76,76,76,76,76,81,81,81,81,81,81,81,81,84,84,84,87,90,93,96,99,99,99,102,105,105,108,108,108,108,108,111,114,114],"card_choices":[{"not_picked":["theDuelist:BigFire","theDuelist:LightningDarts","theDuelist:RainbowOverdragon","theDuelist:BattleguardKing"],"picked":"theDuelist:Hinotama","floor":1},{"not_picked":["theDuelist:Kabazauls","theDuelist:AquaDolphin","theDuelist:Earthquake","theDuelist:DarkHorus"],"picked":"theDuelist:CyberDragonCore","floor":2},{"not_picked":["theDuelist:TwinBarrelDragon","theDuelist:LesserDragon","theDuelist:BlackPtera","theDuelist:TwinHeadedFire"],"picked":"theDuelist:Hydrogeddon","floor":5},{"not_picked":["theDuelist:TwinHeadedFire","theDuelist:MaskedDragon","theDuelist:SnowDragon","theDuelist:BoosterDragon"],"picked":"theDuelist:RedRisingDragon","floor":7},{"not_picked":["theDuelist:BlackStego","theDuelist:GalaxyTyranno","theDuelist:AncientPixieDragon","theDuelist:TwinHeadedBehemoth"],"picked":"theDuelist:DragonZombie","floor":11},{"not_picked":["theDuelist:SnowdustDragon","theDuelist:BeserkDragon","theDuelist:FrozenFitzgerald","theDuelist:ExploderDragonwing"],"picked":"theDuelist:StardustDragon","floor":14},{"not_picked":["theDuelist:WingedDragonRa","theDuelist:TailSwipe","theDuelist:Lancephorhynchus","theDuelist:CyberDragonInfinity"],"picked":"theDuelist:WaterDragon","floor":16},{"not_picked":["theDuelist:StampingDestruction","theDuelist:SpiralSpearStrike","theDuelist:UltraEvolutionPill","theDuelist:AxeDespair"],"picked":"theDuelist:EvilMind+1","floor":18},{"not_picked":["theDuelist:MetalDragon","theDuelist:ThunderDragon+1","theDuelist:BlacklandFireDragon","theDuelist:BarrelDragon"],"picked":"theDuelist:BusterBladerDDS+1","floor":19},{"not_picked":["theDuelist:InfernityDoomDragon","theDuelist:CyberTwinDragon","theDuelist:BoosterDragon","theDuelist:OneDayPeace"],"picked":"theDuelist:LordD","floor":21},{"not_picked":["theDuelist:WingedDragonRa","theDuelist:WaterDragon+1","theDuelist:OceanDragonLord","theDuelist:FiveHeaded+1"],"picked":"theDuelist:SeismicShockwave+1","floor":23},{"not_picked":["theDuelist:BattleguardKing","theDuelist:Hinotama","theDuelist:LightningDarts+1","theDuelist:SmashingGround"],"picked":"theDuelist:BigFire+1","floor":25},{"not_picked":["theDuelist:SilverWing","theDuelist:CyberDragonSieger","theDuelist:ArtifactSanctum+1"],"picked":"theDuelist:TyrantWing+1","floor":29},{"not_picked":["theDuelist:TwinHeadedFire","theDuelist:MirageDragon","theDuelist:BabyDragon","theDuelist:DragonZombie"],"picked":"theDuelist:Freezadon+1","floor":31},{"not_picked":["theDuelist:StardustDragon+1","theDuelist:FiveHeaded","theDuelist:DoomkaiserDragon","theDuelist:ChimeratechOverdragon"],"picked":"theDuelist:GravityLash","floor":33},{"not_picked":["theDuelist:BigFire","theDuelist:Hinotama+1","theDuelist:RainbowOverdragon","theDuelist:SmashingGround"],"picked":"theDuelist:LightningDarts+1","floor":35},{"not_picked":["theDuelist:TrihornedDragon+1","theDuelist:MadSwordBeast+1","theDuelist:MadFlameKaiju+1","theDuelist:GiantRex+1"],"picked":"theDuelist:BlackTyranno","floor":38},{"not_picked":["theDuelist:GiantRex+1","theDuelist:SilverDragon","theDuelist:WhiteHornDragon+1","theDuelist:CyberneticOverflow+1"],"picked":"theDuelist:BlackBrachios+1","floor":39},{"not_picked":["theDuelist:RainbowOverdragon+1","theDuelist:BlueBloodedOni","theDuelist:ShardGreed","theDuelist:FeatherPho"],"picked":"theDuelist:LabyrinthWall","floor":40},{"not_picked":["Discovery+1","Jack Of All Trades","PanicButton+1"],"picked":"Dark Shackles+1","floor":41},{"not_picked":["theDuelist:FiveHeaded","theDuelist:DragonMastery+1","theDuelist:DoomkaiserDragon","theDuelist:ArmageddonDragonEmp+1"],"picked":"theDuelist:Scapegoat+1","floor":45},{"not_picked":["theDuelist:CyberValley","theDuelist:FrostflameDragon+1","theDuelist:ViceDragon","theDuelist:SphereChaos+1"],"picked":"theDuelist:DefenseZone+1","floor":46},{"not_picked":["theDuelist:TwinBarrelDragon","theDuelist:GenesisDragon","theDuelist:EvilMind+1","theDuelist:ArtifactIgnition+1"],"picked":"theDuelist:DragonCaptureJar+2","floor":48},{"not_picked":["theDuelist:LordD+1","theDuelist:CyberDragonDrei+1","theDuelist:Earthquake+1","theDuelist:CyberValley+1"],"picked":"theDuelist:ViceDragon+1","floor":54}],"player_experience":477029,"relics_obtained":[{"floor":7,"key":"Omamori"},{"floor":9,"key":"theDuelist:BoosterPackTrapEgg"},{"floor":40,"key":"Juzu Bracelet"},{"floor":43,"key":"theDuelist:DuelistOrichalcum"},{"floor":45,"key":"hubris:AncientText"},{"floor":54,"key":"Gambling Chip"}],"event_choices":[{"damage_healed":0,"gold_gain":0,"player_choice":"Dig - random Duelist relic","duelist":true,"damage_taken":0,"max_hp_gain":0,"max_hp_loss":0,"event_name":"Aknamkanon\u0027s Tomb","floor":4,"gold_loss":0},{"damage_healed":0,"gold_gain":100,"player_choice":"Pray","damage_taken":0,"max_hp_gain":0,"max_hp_loss":0,"event_name":"Golden Shrine","floor":8,"gold_loss":0},{"damage_healed":0,"gold_gain":75,"player_choice":"Gather Gold","damage_taken":11,"max_hp_gain":0,"max_hp_loss":0,"event_name":"World of Goop","floor":13,"gold_loss":0},{"power_reward":3,"total_magic_score":47,"gold_gain":0,"duelist":true,"damage_taken":0,"relics_obtained":["theDuelist:NamelessPowerRelicB"],"points":7,"max_hp_gain":0,"max_hp_loss":4,"spent_points":{"magic":2,"greed":1,"war":0,"power":3,"hunger":1},"event_name":"Nameless Tomb","floor":22,"gold_loss":0,"cards_obtained":[]},{"damage_healed":0,"gold_gain":0,"player_choice":"Shed Blood","damage_taken":19,"max_hp_gain":5,"max_hp_loss":0,"event_name":"Forgotten Altar","floor":27,"gold_loss":0},{"damage_healed":0,"gold_gain":0,"player_choice":"Leave","duelist":true,"damage_taken":0,"max_hp_gain":0,"max_hp_loss":0,"event_name":"Battle City","floor":44,"gold_loss":0}],"is_beta":false,"boss_relics":[{"not_picked":["beaked:SacredDeck","Replay:Bronze Core"],"picked":"theDuelist:ElectricKey"},{"not_picked":["hubris:CrackedHourglass","ChewingGum"],"picked":"hubris:Backtick"}],"items_purged_floors":[],"is_endless":false,"potions_floor_spawned":[2,5,7,23,29,33,35,38,46,54],"ascension_level":0}}