{"host":"8i4doyxqctgl5qb0","time":1612651163,"event":{"mods":["AchievementEnabler","BaseMod","Block Reminder","Colored Powertips","Downfall","Minty Spire (QoL Compilation)","Permanent Neow","Potion Indicator Mod","Rare Cards Sparkle","StSLib","SuperFastMode","The Jungle"],"gold_per_floor":[361,69,79,94,111,111,130,130,153,153,53,71,89,110,110,110,110],"floor_reached":16,"language":"ZHS","playtime":384,"items_purged":["Clumsy","Strike_G"],"score":150,"play_id":"7bb164ba-2b4b-4a08-9245-2cf63e924a55","local_time":"20210207063923","is_ascension_mode":true,"campfire_choices":[{"data":"Adrenaline","floor":6.0,"key":"SMITH"},{"data":"Bouncing Flask","floor":8.0,"key":"SMITH"},{"floor":15.0,"key":"REST"}],"circlet_count":0,"master_deck":["AscendersBane","Strike_G","Strike_G","Strike_G","Defend_G","Defend_G","Defend_G","Defend_G","Defend_G","Survivor","Neutralize","Deadly Poison","Bouncing Flask+1","Adrenaline+1","Dagger Spray","Bane","Backflip","Well Laid Plans","Deflect","Tools of the Trade","Poisoned Stab"],"relics":["Ring of the Snake","Dream Catcher","Odd Mushroom"],"acts_visited":["Exordium"],"potions_floor_usage":[],"damage_taken":[{"damage":3.0,"enemies":"Cultist","floor":1.0,"turns":5.0},{"damage":0.0,"enemies":"Small Slimes","floor":3.0,"turns":3.0},{"damage":0.0,"enemies":"2 Louse","floor":4.0,"turns":2.0},{"damage":6.0,"enemies":"Blue Slaver","floor":5.0,"turns":4.0},{"damage":5.0,"enemies":"Exordium Thugs","floor":7.0,"turns":4.0},{"damage":0.0,"enemies":"Exordium Wildlife","floor":12.0,"turns":3.0},{"damage":4.0,"enemies":"Red Slaver","floor":13.0,"turns":3.0},{"damage":6.0,"enemies":"The Mushroom Lair","floor":14.0,"turns":4.0},{"damage":0,"enemies":"Slime Boss","floor":16,"turns":1}],"seed_played":"-6016598517893450570","potions_obtained":[{"floor":3.0,"key":"Swift Potion"},{"floor":4.0,"key":"DistilledChaos"},{"floor":14.0,"key":"LiquidBronze"}],"is_trial":false,"path_per_floor":["M","$","M","M","M","R","M","R","T","?","$","M","M","?","R","B"],"character_chosen":"THE_SILENT","items_purchased":["Bouncing Flask","Adrenaline"],"campfire_rested":1,"item_purchase_floors":[2,2],"current_hp_per_floor":[60,60,60,60,54,54,49,49,49,49,49,49,45,39,60,60,60],"gold":110,"neow_bonus":"TWO_FIFTY_GOLD","is_daily":false,"chose_seed":false,"campfire_upgraded":2,"win_rate":0.0,"timestamp":1612651163,"path_taken":["M","$","M","M","M","R","?","R","T","?","?","M","M","?","R","BOSS"],"items_purchased_type":["Card","Card"],"build_version":"2020-12-22","purchased_purges":2,"victory":false,"max_hp_per_floor":[70,70,70,70,70,70,70,70,70,70,70,70,70,70,70,70,70],"card_choices":[{"not_picked":["Setup","Eviscerate"],"picked":"Deadly Poison","floor":1.0},{"not_picked":["Expertise","Calculated Gamble"],"picked":"Dagger Spray","floor":3.0},{"not_picked":["Dodge and Roll","Predator"],"picked":"Bane","floor":4.0},{"not_picked":["Sucker Punch","Outmaneuver"],"picked":"Backflip","floor":5.0},{"not_picked":["All Out Attack","Masterful Stab"],"picked":"Well Laid Plans","floor":7.0},{"not_picked":["Predator","Sucker Punch","Dagger Throw"],"picked":"SKIP","floor":12.0},{"not_picked":["Sucker Punch","Crippling Poison"],"picked":"Deflect","floor":13.0},{"not_picked":["Outmaneuver","Dodge and Roll"],"picked":"Tools of the Trade","floor":14.0},{"not_picked":["Deflect","Slice"],"picked":"Poisoned Stab","floor":15.0}],"player_experience":278495,"relics_obtained":[{"floor":9.0,"key":"Dream Catcher"},{"floor":14.0,"key":"Odd Mushroom"}],"event_choices":[{"cards_removed":["Strike_G"],"damage_healed":0.0,"max_hp_gain":0.0,"max_hp_loss":0.0,"gold_gain":0.0,"event_name":"Purifier","player_choice":"Purged","floor":10.0,"gold_loss":0.0,"damage_taken":0.0},{"damage_healed":0.0,"max_hp_gain":0.0,"max_hp_loss":0.0,"gold_gain":0.0,"event_name":"Mushrooms","player_choice":"Fought Mushrooms","floor":14.0,"gold_loss":0.0,"damage_taken":0.0}],"is_beta":false,"boss_relics":[],"items_purged_floors":[2,11],"is_endless":false,"potions_floor_spawned":[3,4,7,14],"killed_by":"Slime Boss","ascension_level":12}}