{"host":"2ty4h143nj8vwezc","time":1612588522,"event":{"mods":["BaseMod","Colored Map","Googly Eyes","Highlight Path","Minty Spire (QoL Compilation)","Quick Restart","StSLib"],"gold_per_floor":[117,133,83,99,99,99,249,249,327,327,42,42,56,89,89,89,89],"floor_reached":16,"language":"ENG","playtime":716,"items_purged":["Doubt"],"score":196,"play_id":"95d25ab2-5f9a-45a6-8aa6-7cd114591740","local_time":"20210206001522","is_ascension_mode":true,"campfire_choices":[{"floor":6.0,"key":"REST"},{"data":"Cloak And Dagger","floor":8.0,"key":"SMITH"},{"data":"Accuracy","floor":12.0,"key":"SMITH"},{"floor":15.0,"key":"REST"}],"circlet_count":0,"master_deck":["AscendersBane","Strike_G","Strike_G","Strike_G","Strike_G","Strike_G","Defend_G","Defend_G","Defend_G","Defend_G","Defend_G","Survivor","Neutralize","Accuracy+1","Accuracy","PiercingWail","Cloak And Dagger+1","Eviscerate","Neutralize","Footwork"],"relics":["HoveringKite","Kunai","Sling","Meat on the Bone"],"acts_visited":["Exordium"],"potions_floor_usage":[],"damage_taken":[{"damage":7.0,"enemies":"Jaw Worm","floor":1.0,"turns":5.0},{"damage":3.0,"enemies":"2 Louse","floor":2.0,"turns":4.0},{"damage":22.0,"enemies":"Cultist","floor":4.0,"turns":6.0},{"damage":16.0,"enemies":"2 Fungi Beasts","floor":13.0,"turns":4.0},{"damage":27.0,"enemies":"Gremlin Nob","floor":14.0,"turns":5.0},{"damage":23,"enemies":"Hexaghost","floor":16,"turns":9}],"seed_played":"4724563603267688110","potions_obtained":[{"floor":1.0,"key":"SpeedPotion"},{"floor":13.0,"key":"GhostInAJar"}],"is_trial":false,"path_per_floor":["M","M","$","M","?","R","?","R","T","?","$","R","M","E","R","B"],"character_chosen":"THE_SILENT","items_purchased":["PiercingWail","Sling","Footwork"],"campfire_rested":2,"item_purchase_floors":[3,11,11],"current_hp_per_floor":[52,49,49,27,27,46,46,46,46,46,46,46,30,3,22,0,0],"gold":89,"neow_bonus":"BOSS_RELIC","is_daily":false,"chose_seed":false,"campfire_upgraded":2,"win_rate":0.0,"timestamp":1612588522,"path_taken":["M","M","$","M","?","R","?","R","T","?","$","R","?","E","R","BOSS"],"items_purchased_type":["Card","Relic","Card"],"build_version":"2020-12-22","purchased_purges":1,"victory":false,"max_hp_per_floor":[66,66,66,66,66,66,66,66,66,66,66,66,66,66,66,66,66],"card_choices":[{"not_picked":["Dash","Tactician"],"picked":"Accuracy","floor":1.0},{"not_picked":["Underhanded Strike","Sucker Punch"],"picked":"Accuracy","floor":2.0},{"not_picked":["Backflip","Acrobatics"],"picked":"Cloak And Dagger","floor":4.0},{"not_picked":["Bane","Catalyst","Deadly Poison"],"picked":"SKIP","floor":13.0},{"not_picked":["Deadly Poison","Tactician","Poisoned Stab"],"picked":"SKIP","floor":14.0}],"player_experience":346433,"relics_obtained":[{"floor":9.0,"key":"Kunai"},{"floor":14.0,"key":"Meat on the Bone"}],"event_choices":[{"damage_healed":0.0,"max_hp_gain":0.0,"max_hp_loss":0.0,"gold_gain":0.0,"event_name":"Shining Light","player_choice":"Ignored","floor":5.0,"gold_loss":0.0,"damage_taken":0.0},{"damage_healed":0.0,"max_hp_gain":0.0,"max_hp_loss":0.0,"gold_gain":150.0,"event_name":"Liars Game","player_choice":"AGREE","floor":7.0,"gold_loss":0.0,"damage_taken":0.0,"cards_obtained":["Doubt"]},{"damage_healed":0.0,"max_hp_gain":0.0,"max_hp_loss":0.0,"gold_gain":0.0,"event_name":"Match and Keep!","player_choice":"2 cards matched","floor":10.0,"gold_loss":0.0,"damage_taken":0.0,"cards_obtained":["Eviscerate","Neutralize"]}],"is_beta":false,"boss_relics":[],"items_purged_floors":[11],"is_endless":false,"potions_floor_spawned":[1,13],"killed_by":"Hexaghost","ascension_level":20}}