{"host":"bf5upntvbdompq33","time":1612580967,"event":{"mods":["BaseMod","Colored Map","Colored Powertips","Curses Come First","Minty Spire (QoL Compilation)","StSLib","The Dragon Tamer","The Hierophant","The Marked","The Mystic","The Servant 0.9.4"],"gold_per_floor":[118,43,54,67,13,13,28,58,58,58,58,85,95,170,170,273,273,292,2,17,17,37,37,37],"floor_reached":23,"language":"ENG","playtime":5966,"items_purged":["Strike_B","Strike_B"],"score":302,"play_id":"f400a5d8-8ca2-48f6-9cc9-b9a4427ab517","local_time":"20210205200927","is_ascension_mode":true,"campfire_choices":[{"data":"Beam Cell","floor":6,"key":"SMITH"},{"floor":10,"key":"REST"},{"floor":15,"key":"REST"}],"circlet_count":0,"master_deck":["AscendersBane","Defend_B","Defend_B","Defend_B","Defend_B","Zap","Dualcast","Beam Cell+1","Undo","Go for the Eyes","Steam","Streamline","Gash","Gash","Reboot","Steam","FTL","Shame"],"relics":["Cursed Key","Darkstone Periapt","Unceasing Top","CaptainsWheel","Empty Cage","Vajra","DataDisk"],"acts_visited":["Exordium","TheCity"],"potions_floor_usage":[12,12,16,23,23],"damage_taken":[{"damage":8,"enemies":"Jaw Worm","floor":1,"turns":4},{"damage":0,"enemies":"Cultist","floor":3,"turns":3},{"damage":2,"enemies":"Small Slimes","floor":4,"turns":3},{"damage":8,"enemies":"3 Louse","floor":7,"turns":5},{"damage":20,"enemies":"Lagavulin","floor":8,"turns":7},{"damage":19,"enemies":"3 Sentries","floor":12,"turns":10},{"damage":0,"enemies":"Blue Slaver","floor":13,"turns":3},{"damage":28,"enemies":"Slime Boss","floor":16,"turns":11},{"damage":18,"enemies":"Shell Parasite","floor":18,"turns":9},{"damage":8,"enemies":"Spheric Guardian","floor":20,"turns":5},{"damage":6,"enemies":"Centurion and Healer","floor":22,"turns":5},{"damage":45,"enemies":"Slavers","floor":23,"turns":4}],"seed_played":"640438292029837703","potions_obtained":[{"floor":4,"key":"Strength Potion"},{"floor":7,"key":"ColorlessPotion"},{"floor":8,"key":"SkillPotion"},{"floor":12,"key":"ColorlessPotion"},{"floor":13,"key":"LiquidBronze"}],"is_trial":false,"path_per_floor":["M","$","M","M","$","R","M","E","T","R","?","E","M","?","R","B",null,"M","$","M","?","M","E"],"character_chosen":"DEFECT","items_purchased":["Steam","Vajra","FTL"],"campfire_rested":2,"item_purchase_floors":[5,19,19],"current_hp_per_floor":[60,60,60,58,58,58,50,30,36,60,60,41,41,30,54,26,67,49,49,41,47,41,0,0],"gold":37,"neow_bonus":"BOSS_RELIC","is_daily":false,"chose_seed":false,"campfire_upgraded":1,"win_rate":0.0,"timestamp":1612580967,"path_taken":["M","$","M","M","$","R","M","E","T","R","?","E","?","?","R","BOSS","M","$","M","?","M","E"],"items_purchased_type":["Card","Relic","Card"],"build_version":"2020-12-22","purchased_purges":2,"victory":false,"max_hp_per_floor":[75,75,75,75,75,75,75,75,81,81,81,81,81,81,81,81,81,81,81,81,87,87,87,87],"card_choices":[{"not_picked":["Barrage","Conserve Battery"],"picked":"Beam Cell","floor":1},{"not_picked":["Hologram","Loop"],"picked":"Undo","floor":3},{"not_picked":["Turbo","Rip and Tear"],"picked":"Go for the Eyes","floor":4},{"not_picked":["Fusion","Barrage"],"picked":"Streamline","floor":7},{"not_picked":["Beam Cell","Fission","Double Energy"],"picked":"SKIP","floor":8},{"not_picked":["Leap","Beam Cell"],"picked":"Gash","floor":12},{"not_picked":["BootSequence","Rebound"],"picked":"Gash","floor":13},{"not_picked":["Electrodynamics","Buffer"],"picked":"Reboot","floor":16},{"not_picked":["Coolheaded","Go for the Eyes"],"picked":"Steam","floor":18},{"not_picked":["Rebound","Double Energy","Undo+1"],"picked":"SKIP","floor":20},{"not_picked":["Cold Snap","Beam Cell","Conserve Battery"],"picked":"SKIP","floor":22}],"player_experience":1439377,"relics_obtained":[{"floor":8,"key":"Darkstone Periapt"},{"floor":9,"key":"Unceasing Top"},{"floor":12,"key":"CaptainsWheel"}],"event_choices":[{"cards_removed":["Normality"],"damage_healed":0,"gold_gain":0,"player_choice":"Removed Curses","damage_taken":0,"max_hp_gain":0,"max_hp_loss":0,"event_name":"Fountain of Cleansing","floor":11,"gold_loss":0},{"damage_healed":0,"gold_gain":75,"player_choice":"Gather Gold","damage_taken":11,"max_hp_gain":0,"max_hp_loss":0,"event_name":"World of Goop","floor":14,"gold_loss":0},{"damage_healed":0,"gold_gain":0,"player_choice":"Stole Relic","damage_taken":0,"relics_obtained":["DataDisk"],"max_hp_gain":0,"max_hp_loss":0,"event_name":"Addict","floor":21,"gold_loss":0,"cards_obtained":["Shame"]}],"is_beta":false,"boss_relics":[{"not_picked":["Runic Dome","SacredBark"],"picked":"Empty Cage"}],"items_purged_floors":[2,19],"is_endless":false,"potions_floor_spawned":[4,7,8,12,13],"killed_by":"Slavers","ascension_level":10}}