{"host":"3fd6e6c5cltq175f","time":1612642467,"event":{"mods":["AchievementEnabler","BaseMod","Colored Map","Colored Powertips","DeckTracker","Minty Spire (QoL Compilation)"],"gold_per_floor":[109,384,23,34,49,81,31,42,42,62,14,42,57,90,90,190,190,190,190],"floor_reached":18,"language":"ENG","playtime":713,"items_purged":["Regret"],"score":237,"play_id":"9ab8de61-5eb7-4341-9609-0a2bfd0bb850","local_time":"20210206211426","is_ascension_mode":true,"campfire_choices":[{"floor":15,"key":"REST"}],"circlet_count":0,"master_deck":["Bash","Brutality","Cleave","Mayhem","Rampage","Rampage","Brutality","Dark Embrace","Intimidate","Corruption","Dual Wield","Wild Strike","Demon Form","Havoc","Body Slam","Havoc","Bloodletting","Reaper"],"relics":["Burning Blood","Blood Vial","Pantograph","CaptainsWheel","Ginger","Pandora\u0027s Box"],"acts_visited":["Exordium","TheCity"],"potions_floor_usage":[6,12,14,16,18],"damage_taken":[{"damage":4,"enemies":"2 Louse","floor":1,"turns":3},{"damage":3,"enemies":"Cultist","floor":4,"turns":3},{"damage":8,"enemies":"Small Slimes","floor":5,"turns":3},{"damage":41,"enemies":"3 Sentries","floor":6,"turns":8},{"damage":7,"enemies":"3 Louse","floor":8,"turns":5},{"damage":25,"enemies":"Lots of Slimes","floor":10,"turns":4},{"damage":38,"enemies":"Gremlin Nob","floor":12,"turns":4},{"damage":10,"enemies":"Looter","floor":13,"turns":4},{"damage":15,"enemies":"3 Sentries","floor":14,"turns":7},{"damage":68,"enemies":"The Guardian","floor":16,"turns":11},{"damage":67,"enemies":"Shell Parasite","floor":18,"turns":5}],"seed_played":"-56023953444541316","potions_obtained":[{"floor":4,"key":"SteroidPotion"},{"floor":6,"key":"ColorlessPotion"},{"floor":8,"key":"SteroidPotion"},{"floor":10,"key":"Fire Potion"},{"floor":14,"key":"Swift Potion"},{"floor":16,"key":"Ancient Potion"}],"is_trial":false,"path_per_floor":["M","?","$","M","M","E","?","M","T","M","?","E","M","E","R","B",null,"M"],"character_chosen":"IRONCLAD","items_purchased":["Cleave","Mayhem","FairyPotion"],"campfire_rested":1,"item_purchase_floors":[3,3,3],"current_hp_per_floor":[74,74,74,77,75,40,40,41,41,24,24,28,26,19,43,8,62,0,0],"gold":190,"neow_bonus":"ONE_RANDOM_RARE_CARD","is_daily":false,"chose_seed":false,"campfire_upgraded":0,"win_rate":0.0,"timestamp":1612642466,"path_taken":["M","?","?","M","M","E","?","M","T","M","?","E","M","E","R","BOSS","M"],"items_purchased_type":["Card","Card","Potion"],"build_version":"2020-12-22","purchased_purges":1,"victory":false,"max_hp_per_floor":[80,80,80,80,80,80,80,80,80,80,80,80,80,80,80,80,80,80,80],"card_choices":[{"not_picked":["Perfected Strike","Warcry","Iron Wave"],"picked":"SKIP","floor":1},{"not_picked":["Flex","Shrug It Off"],"picked":"Rampage","floor":4},{"not_picked":["Headbutt","True Grit","Cleave"],"picked":"SKIP","floor":5},{"not_picked":["Heavy Blade","True Grit"],"picked":"Rampage","floor":6},{"not_picked":["Clothesline","Body Slam"],"picked":"Brutality","floor":8},{"not_picked":["Sword Boomerang","Combust"],"picked":"Dark Embrace","floor":10},{"not_picked":["Headbutt","Impervious","Pommel Strike"],"picked":"SKIP","floor":12},{"not_picked":["Headbutt","Perfected Strike","Flex"],"picked":"SKIP","floor":13},{"not_picked":["Hemokinesis","Whirlwind"],"picked":"Intimidate","floor":14},{"not_picked":["Impervious","Juggernaut"],"picked":"Corruption","floor":16}],"player_experience":184017,"relics_obtained":[{"floor":6,"key":"Blood Vial"},{"floor":9,"key":"Pantograph"},{"floor":12,"key":"CaptainsWheel"},{"floor":14,"key":"Ginger"}],"event_choices":[{"damage_healed":0,"gold_gain":275,"player_choice":"Desecrate","damage_taken":0,"max_hp_gain":0,"max_hp_loss":0,"event_name":"Golden Shrine","floor":2,"gold_loss":0,"cards_obtained":["Regret"]},{"cards_removed":["Strike_R"],"damage_healed":0,"gold_gain":0,"player_choice":"Card Removal","damage_taken":0,"max_hp_gain":0,"max_hp_loss":0,"event_name":"The Cleric","floor":7,"gold_loss":50},{"damage_healed":0,"gold_gain":0,"player_choice":"Left Gold","damage_taken":0,"max_hp_gain":0,"max_hp_loss":0,"event_name":"World of Goop","floor":11,"gold_loss":48}],"is_beta":false,"boss_relics":[{"not_picked":["Ectoplasm","Runic Pyramid"],"picked":"Pandora\u0027s Box"}],"items_purged_floors":[3],"is_endless":false,"potions_floor_spawned":[4,6,8,10,14,16],"killed_by":"Shell Parasite","ascension_level":6}}