{"host":"ypphcgdomtfqpc2w","time":1612626395,"event":{"mods":["BaseMod","DeckTracker","Minty Spire (QoL Compilation)","Relic Stats","StSLib"],"gold_per_floor":[13,30,48,63,13,13,40,40,40,58,74,102,102,134,134,236,236,248,248,266,334,352,352,352,384,460,544,604,643,700,700,700,803,803,868,935,1003,1044,584,584,664,664,664,25,25,58,58,93,93,93],"floor_reached":51,"language":"ENG","playtime":4237,"items_purged":["Defend_P"],"score":1393,"play_id":"81f1a9cb-0072-42ba-9a09-9743205d8d17","local_time":"20210207004635","is_ascension_mode":true,"campfire_choices":[{"data":"Eruption","floor":6.0,"key":"SMITH"},{"data":"Vigilance","floor":8.0,"key":"SMITH"},{"floor":13.0,"key":"REST"},{"data":"WaveOfTheHand","floor":15.0,"key":"SMITH"},{"data":"Scrawl","floor":23.0,"key":"SMITH"},{"data":"Wish","floor":32.0,"key":"SMITH"},{"data":"Wish","floor":40,"key":"SMITH"},{"data":"Enlightenment","floor":47,"key":"SMITH"},{"data":"SpiritShield","floor":49,"key":"SMITH"}],"circlet_count":0,"master_deck":["AscendersBane","Defend_P+1","Defend_P+1","Eruption+1","Vigilance+1","CutThroughFate+1","Consecrate","WaveOfTheHand+1","CutThroughFate","WreathOfFlame","FlyingSleeves","Sanctity","Nirvana","Scrawl+1","CurseOfTheBell","Halt","Wish+1","Wish+1","LikeWater+1","ClearTheMind","Wallop","SpiritShield+1","Prostrate+1","EmptyBody+1","LessonLearned+1","Enlightenment+1","Dark Shackles","Panache+1"],"relics":["PureWater","War Paint","Lantern","Darkstone Periapt","Singing Bowl","Calling Bell","Omamori","Question Card","Lizard Tail","Thread and Needle","HornCleat","Boot","TeardropLocket","Anchor","CloakClasp","Runic Pyramid","TheAbacus","Blood Vial","The Courier","Membership Card","GoldenEye","Bird Faced Urn","Bronze Scales","Vajra","Sundial","Potion Belt","Bottled Tornado","FossilizedHelix"],"acts_visited":["Exordium","TheCity","TheBeyond"],"potions_floor_usage":[33,33,50,50],"damage_taken":[{"damage":0.0,"enemies":"Cultist","floor":1.0,"turns":2.0},{"damage":0.0,"enemies":"Small Slimes","floor":2.0,"turns":2.0},{"damage":0.0,"enemies":"2 Louse","floor":3.0,"turns":2.0},{"damage":0.0,"enemies":"Exordium Wildlife","floor":4.0,"turns":3.0},{"damage":27.0,"enemies":"Gremlin Nob","floor":7.0,"turns":4.0},{"damage":15.0,"enemies":"3 Louse","floor":10.0,"turns":2.0},{"damage":10.0,"enemies":"Large Slime","floor":11.0,"turns":3.0},{"damage":5.0,"enemies":"Lagavulin","floor":12.0,"turns":7.0},{"damage":10.0,"enemies":"3 Sentries","floor":14.0,"turns":5.0},{"damage":2.0,"enemies":"Slime Boss","floor":16.0,"turns":7.0},{"damage":0.0,"enemies":"Chosen","floor":18.0,"turns":3.0},{"damage":0.0,"enemies":"3 Byrds","floor":20.0,"turns":5.0},{"damage":12.0,"enemies":"Snecko","floor":22.0,"turns":7.0},{"damage":0.0,"enemies":"Gremlin Leader","floor":25.0,"turns":7.0},{"damage":17.0,"enemies":"Slavers","floor":27.0,"turns":9.0},{"damage":0.0,"enemies":"Sentry and Sphere","floor":28.0,"turns":10.0},{"damage":0.0,"enemies":"Cultist and Chosen","floor":29.0,"turns":12.0},{"damage":3.0,"enemies":"Book of Stabbing","floor":30.0,"turns":4.0},{"damage":99,"enemies":"Champ","floor":33,"turns":17},{"damage":0,"enemies":"Orb Walker","floor":35,"turns":8},{"damage":14,"enemies":"3 Shapes","floor":36,"turns":10},{"damage":8,"enemies":"Spire Growth","floor":37,"turns":11},{"damage":0,"enemies":"3 Darklings","floor":38,"turns":6},{"damage":0,"enemies":"Jaw Worm Horde","floor":41,"turns":11},{"damage":0,"enemies":"Nemesis","floor":46,"turns":9},{"damage":0,"enemies":"Reptomancer","floor":48,"turns":7},{"damage":0,"enemies":"Donu and Deca","floor":50,"turns":10}],"seed_played":"2107938232866624407","potions_obtained":[{"floor":3.0,"key":"PowerPotion"},{"floor":11.0,"key":"Dexterity Potion"},{"floor":12.0,"key":"Ambrosia"},{"floor":14.0,"key":"FearPotion"},{"floor":16.0,"key":"EntropicBrew"},{"floor":18.0,"key":"Weak Potion"},{"floor":27.0,"key":"Strength Potion"},{"floor":28.0,"key":"AttackPotion"},{"floor":30.0,"key":"Block Potion"},{"floor":38,"key":"Swift Potion"},{"floor":41,"key":"LiquidMemories"},{"floor":48,"key":"EntropicBrew"}],"is_trial":false,"path_per_floor":["M","M","M","M","?","R","E","R","T","M","M","E","R","E","R","B",null,"M","?","M","T","M","R","?","E","T","E","M","M","E","?","R","B",null,"M","M","M","M","$","R","M","?","T","$","?","E","R","E","R","B",null],"character_chosen":"WATCHER","items_purchased":["TheAbacus","Blood Vial","Fruit Juice","Membership Card","GoldenEye","Bird Faced Urn","Bronze Scales","Vajra","Sundial","Potion Belt"],"campfire_rested":1,"item_purchase_floors":[39,39,39,44,44,44,44,44,44,44],"current_hp_per_floor":[65,65,65,65,65,65,38,38,38,23,13,8,29,19,19,17,64,64,64,66,66,56,56,56,58,58,41,43,45,42,42,42,43,77,77,65,57,57,57,57,61,61,61,61,51,61,61,71,71,84],"gold":93,"neow_bonus":"REMOVE_TWO","is_daily":false,"chose_seed":false,"campfire_upgraded":8,"win_rate":0.0,"timestamp":1612626395,"path_taken":["M","M","M","?","?","R","E","R","T","M","M","E","R","E","R","BOSS","M","?","M","?","M","R","?","E","T","E","M","M","E","?","R","BOSS","M","M","M","M","$","R","M","?","T","$","?","E","R","E","R","BOSS"],"items_purchased_type":["Relic","Relic","Potion","Relic","Relic","Relic","Relic","Relic","Relic","Relic"],"build_version":"2020-12-22","purchased_purges":1,"victory":true,"max_hp_per_floor":[72,72,72,72,72,72,72,72,72,72,72,72,72,72,72,72,78,78,78,80,80,82,82,82,84,84,84,86,88,88,88,88,88,88,88,90,90,90,90,90,92,92,92,92,92,94,94,96,96,101],"relic_stats":{"Darkstone Periapt":6,"Singing Bowl":18,"counters":[27,183],"CloakClasp":[452],"War Paint":["Defend_P","Defend_P"],"Question Card":20,"Boot":[49],"GoldenEye":[19],"Blood Vial":8,"Lizard Tail":44,"TheAbacus":[42],"Sundial":[2],"Bird Faced Urn":[18],"Bronze Scales":[80],"obtain_stats":[{"Darkstone Periapt":12,"Lantern":9,"Singing Bowl":14,"Vajra":44,"CloakClasp":30,"TeardropLocket":26,"Bottled Tornado":46,"Boot":25,"Blood Vial":39,"Lizard Tail":17,"HornCleat":21,"TheAbacus":39,"Sundial":44,"Runic Pyramid":34,"Potion Belt":44,"Thread and Needle":19,"The Courier":43,"Omamori":17,"War Paint":7,"Question Card":17,"GoldenEye":44,"Calling Bell":17,"Anchor":27,"Bird Faced Urn":44,"Bronze Scales":44,"Membership Card":44,"PureWater":0,"FossilizedHelix":48},{"Darkstone Periapt":8,"Lantern":5,"Singing Bowl":9,"Vajra":24,"CloakClasp":18,"TeardropLocket":14,"Bottled Tornado":25,"Boot":14,"Blood Vial":23,"Lizard Tail":10,"HornCleat":12,"TheAbacus":23,"Sundial":24,"Runic Pyramid":19,"Potion Belt":24,"Thread and Needle":11,"The Courier":24,"Omamori":10,"War Paint":5,"Question Card":10,"GoldenEye":24,"Calling Bell":10,"Anchor":15,"Bird Faced Urn":24,"Bronze Scales":24,"Membership Card":24,"PureWater":0,"FossilizedHelix":26},{"Darkstone Periapt":25,"Lantern":13,"Singing Bowl":30,"Vajra":157,"CloakClasp":94,"TeardropLocket":59,"Bottled Tornado":166,"Boot":59,"Blood Vial":146,"Lizard Tail":37,"HornCleat":45,"TheAbacus":146,"Sundial":157,"Runic Pyramid":111,"Potion Belt":157,"Thread and Needle":40,"The Courier":157,"Omamori":37,"War Paint":13,"Question Card":37,"GoldenEye":157,"Calling Bell":37,"Anchor":68,"Bird Faced Urn":157,"Bronze Scales":157,"Membership Card":157,"PureWater":0,"FossilizedHelix":173}]},"card_choices":[{"not_picked":["EmptyBody","Perseverance"],"picked":"CutThroughFate","floor":1.0},{"not_picked":["BattleHymn","SashWhip"],"picked":"Consecrate","floor":2.0},{"not_picked":["FollowUp","Protect"],"picked":"WaveOfTheHand","floor":3.0},{"not_picked":["SignatureMove","WaveOfTheHand"],"picked":"CutThroughFate","floor":4.0},{"not_picked":["Crescendo","Prostrate"],"picked":"WreathOfFlame","floor":7.0},{"not_picked":["EmptyFist","CarveReality"],"picked":"FlyingSleeves","floor":10.0},{"not_picked":["Worship","FollowUp"],"picked":"Sanctity","floor":11.0},{"not_picked":["SashWhip","Study","JustLucky"],"picked":"SKIP","floor":12.0},{"not_picked":["Consecrate","FearNoEvil"],"picked":"Nirvana","floor":14.0},{"not_picked":["Devotion","Judgement"],"picked":"Scrawl","floor":16.0},{"not_picked":["JustLucky","CarveReality","SashWhip+1"],"picked":"Halt","floor":18.0},{"not_picked":["CrushJoints","SashWhip","FollowUp+1","InnerPeace"],"picked":"Singing Bowl","floor":20.0},{"not_picked":["Sanctity+1","CrushJoints","FollowUp","Crescendo"],"picked":"Singing Bowl","floor":22.0},{"not_picked":["Halt","JustLucky","Wish","ClearTheMind"],"picked":"Singing Bowl","floor":25.0},{"not_picked":["Wallop","Meditate","Pray"],"picked":"LikeWater+1","floor":27.0},{"not_picked":["FlyingSleeves","JustLucky","Protect","CutThroughFate"],"picked":"Singing Bowl","floor":28.0},{"not_picked":["Nirvana+1","Conclude","Swivel","EmptyMind"],"picked":"Singing Bowl","floor":29.0},{"not_picked":["Fasting2","PathToVictory","SignatureMove+1"],"picked":"ClearTheMind","floor":30.0},{"not_picked":["MasterReality","Brilliance","Blasphemy"],"picked":"SpiritShield","floor":33},{"not_picked":["BowlingBash","Protect","SashWhip+1"],"picked":"Prostrate+1","floor":35},{"not_picked":["EmptyFist","SignatureMove","Vengeance","Weave+1"],"picked":"Singing Bowl","floor":36},{"not_picked":["Consecrate+1","ThirdEye","FlyingSleeves"],"picked":"EmptyBody+1","floor":37},{"not_picked":["Study+1","WaveOfTheHand","DeceiveReality+1"],"picked":"LessonLearned","floor":38},{"not_picked":["Consecrate","CutThroughFate+1","FlurryOfBlows+1","JustLucky"],"picked":"Singing Bowl","floor":41},{"not_picked":["Violence","Good Instincts","Jack Of All Trades"],"picked":"Enlightenment","floor":45},{"not_picked":["Enlightenment","Forethought","Trip"],"picked":"Dark Shackles","floor":45},{"not_picked":["Impatience","Secret Weapon","Deep Breath"],"picked":"Panache","floor":45},{"not_picked":["Protect","ClearTheMind+1","EmptyMind","Collect"],"picked":"Singing Bowl","floor":46},{"not_picked":["FollowUp","BattleHymn+1","EmptyBody+1","SignatureMove+1"],"picked":"Singing Bowl","floor":48}],"player_experience":2159694,"relics_obtained":[{"floor":7.0,"key":"War Paint"},{"floor":9.0,"key":"Lantern"},{"floor":12.0,"key":"Darkstone Periapt"},{"floor":14.0,"key":"Singing Bowl"},{"floor":17.0,"key":"Omamori"},{"floor":17.0,"key":"Question Card"},{"floor":17.0,"key":"Lizard Tail"},{"floor":21.0,"key":"HornCleat"},{"floor":25.0,"key":"Boot"},{"floor":26.0,"key":"TeardropLocket"},{"floor":27.0,"key":"Anchor"},{"floor":30.0,"key":"CloakClasp"},{"floor":43,"key":"The Courier"},{"floor":46,"key":"Bottled Tornado"},{"floor":48,"key":"FossilizedHelix"}],"event_choices":[{"cards_removed":["Strike_P"],"damage_healed":0.0,"max_hp_gain":0.0,"max_hp_loss":0.0,"gold_gain":0.0,"event_name":"The Cleric","player_choice":"Card Removal","floor":5.0,"gold_loss":50.0,"damage_taken":0.0},{"damage_healed":0.0,"max_hp_gain":0.0,"max_hp_loss":0.0,"gold_gain":0.0,"event_name":"Addict","player_choice":"Stole Relic","floor":19.0,"gold_loss":0.0,"damage_taken":0.0,"relics_obtained":["Thread and Needle"],"cards_obtained":["Shame"]},{"damage_healed":0.0,"max_hp_gain":0.0,"max_hp_loss":0.0,"gold_gain":0.0,"cards_transformed":["Strike_P","Strike_P"],"event_name":"Drug Dealer","player_choice":"Became Test Subject","floor":24.0,"gold_loss":0.0,"damage_taken":0.0,"cards_obtained":["Wish","Wish"]},{"damage_healed":0.0,"max_hp_gain":0.0,"max_hp_loss":0.0,"gold_gain":0.0,"event_name":"The Library","player_choice":"Read","floor":31.0,"gold_loss":0.0,"damage_taken":0.0,"cards_obtained":["Wallop"]},{"damage_healed":0,"gold_gain":0,"player_choice":"Ignored","damage_taken":0,"max_hp_gain":0,"max_hp_loss":0,"event_name":"Tomb of Lord Red Mask","floor":42,"gold_loss":0},{"damage_healed":0,"gold_gain":0,"player_choice":"Memory 3","damage_taken":10,"max_hp_gain":0,"max_hp_loss":0,"event_name":"SensoryStone","floor":45,"gold_loss":0}],"is_beta":false,"boss_relics":[{"not_picked":["Astrolabe","Busted Crown"],"picked":"Calling Bell"},{"not_picked":["Runic Dome","SlaversCollar"],"picked":"Runic Pyramid"}],"items_purged_floors":[39],"is_endless":false,"potions_floor_spawned":[3,11,12,14,16,18,27,28,30,38,41,48],"ascension_level":10}}