{"host":"Qube","time":1612586742,"event":{"mods":["AchievementEnabler","BaseMod","Colored Map","Colored Powertips","Highlight Path","Minty Spire (QoL Compilation)","Permanent Neow","Quick Restart","Random Character Button","StSLib"],"gold_per_floor":[109,121,132,145,145,145,175,6,6,6,6,35,35,55,55,129,129,145,159,171,187,205,205,237,237,237,237,237,264,264,280,280,352,352,364,23,23,78,0,0,30,47,118,149,99,111,111,111],"floor_reached":47,"language":"ENG","playtime":2935,"items_purged":["Defend_B","Defend_B","Defend_B"],"score":1141,"play_id":"84c72a7f-9e0c-44f0-a96f-12863a4d5264","local_time":"20210205204542","is_ascension_mode":true,"campfire_choices":[{"floor":6.0,"key":"REST"},{"data":"Creative AI","floor":10.0,"key":"SMITH"},{"data":"Rainbow","floor":15.0,"key":"SMITH"},{"data":"Biased Cognition","floor":23.0,"key":"SMITH"},{"floor":25.0,"key":"REST"},{"data":"Zap","floor":30.0,"key":"SMITH"},{"data":"Heatsinks","floor":32.0,"key":"SMITH"},{"data":"Hologram","floor":40,"key":"SMITH"}],"circlet_count":0,"master_deck":["AscendersBane","Defend_B","Zap+1","Dualcast+1","Chill+1","Ball Lightning","Rainbow+1","Cold Snap","Creative AI+1","Cold Snap","Double Energy","Blizzard","Ball Lightning","Biased Cognition+1","Go for the Eyes+1","Barrage","Seek","FTL","All For One","Bite","Bite","Bite","Bite","Bite","Heatsinks+1","Hologram+1","Defragment","Madness","White Noise+1","Skim+1","Skim+1","Defragment","Stack+1"],"relics":["Cracked Core","Toy Ornithopter","MealTicket","Mummified Hand","Lizard Tail","Letter Opener","Busted Crown","White Beast Statue","Question Card","Vajra","Runic Pyramid","OrangePellets","Incense Burner","Red Mask","Smiling Mask","Bottled Tornado"],"acts_visited":["Exordium","TheCity","TheBeyond"],"potions_floor_usage":[38,41,46,47],"damage_taken":[{"damage":1.0,"enemies":"Cultist","floor":1.0,"turns":4.0},{"damage":0.0,"enemies":"Jaw Worm","floor":2.0,"turns":3.0},{"damage":4.0,"enemies":"2 Louse","floor":3.0,"turns":2.0},{"damage":11.0,"enemies":"Red Slaver","floor":4.0,"turns":4.0},{"damage":0.0,"enemies":"Gremlin Nob","floor":7.0,"turns":3.0},{"damage":2.0,"enemies":"3 Sentries","floor":12.0,"turns":7.0},{"damage":2.0,"enemies":"Looter","floor":14.0,"turns":3.0},{"damage":24.0,"enemies":"Slime Boss","floor":16.0,"turns":9.0},{"damage":1.0,"enemies":"Spheric Guardian","floor":18.0,"turns":3.0},{"damage":12.0,"enemies":"2 Thieves","floor":19.0,"turns":3.0},{"damage":9.0,"enemies":"Shelled Parasite and Fungi","floor":20.0,"turns":4.0},{"damage":13.0,"enemies":"Centurion and Healer","floor":21.0,"turns":6.0},{"damage":4.0,"enemies":"3 Cultists","floor":22.0,"turns":4.0},{"damage":31.0,"enemies":"Book of Stabbing","floor":24.0,"turns":5.0},{"damage":5.0,"enemies":"Slavers","floor":29.0,"turns":4.0},{"damage":24.0,"enemies":"Snake Plant","floor":31.0,"turns":4.0},{"damage":57.0,"enemies":"Collector","floor":33.0,"turns":7.0},{"damage":16,"enemies":"3 Darklings","floor":35,"turns":5},{"damage":10,"enemies":"2 Orb Walkers","floor":38,"turns":4},{"damage":26,"enemies":"Nemesis","floor":41,"turns":7},{"damage":8,"enemies":"Orb Walker","floor":42,"turns":3},{"damage":13,"enemies":"Reptomancer","floor":44,"turns":6},{"damage":0,"enemies":"Jaw Worm Horde","floor":46,"turns":4},{"damage":61,"enemies":"Nemesis","floor":47,"turns":6}],"seed_played":"-8497232495421596384","potions_obtained":[{"floor":2.0,"key":"LiquidMemories"},{"floor":4.0,"key":"SkillPotion"},{"floor":14.0,"key":"Energy Potion"},{"floor":16.0,"key":"Fire Potion"},{"floor":18.0,"key":"Block Potion"},{"floor":19.0,"key":"FocusPotion"},{"floor":22.0,"key":"Explosive Potion"},{"floor":24.0,"key":"SkillPotion"},{"floor":29.0,"key":"BlessingOfTheForge"},{"floor":31.0,"key":"CultistPotion"},{"floor":33.0,"key":"SteroidPotion"},{"floor":35,"key":"Explosive Potion"},{"floor":38,"key":"ColorlessPotion"},{"floor":41,"key":"SteroidPotion"},{"floor":42,"key":"Block Potion"},{"floor":44,"key":"CultistPotion"},{"floor":46,"key":"Strength Potion"}],"is_trial":false,"path_per_floor":["M","M","M","M","?","R","E","$","T","R","?","E","?","M","R","B",null,"M","M","M","M","M","R","E","R","T","?","?","E","R","M","R","B",null,"M","$","?","?","?","R","E","M","T","E","$","M","E"],"character_chosen":"DEFECT","items_purchased":["Cold Snap","Double Energy","OrangePellets","Defragment"],"campfire_rested":2,"item_purchase_floors":[8,8,36,36],"current_hp_per_floor":[63,63,59,53,32,53,58,71,71,71,66,64,64,62,62,38,63,62,59,50,42,38,38,7,28,28,28,28,43,43,25,25,24,43,35,49,49,45,45,45,33,31,31,30,45,49,0,0],"gold":111,"neow_bonus":"RANDOM_COMMON_RELIC","is_daily":false,"chose_seed":false,"campfire_upgraded":6,"win_rate":0.0,"timestamp":1612586742,"path_taken":["M","M","?","M","?","R","E","?","T","R","?","E","?","M","R","BOSS","M","M","M","M","M","R","E","R","T","?","?","E","R","M","R","BOSS","BOSS","M","$","?","?","?","R","E","M","T","E","?","M","E"],"items_purchased_type":["Card","Card","Relic","Card"],"build_version":"2020-12-18","purchased_purges":3,"victory":false,"max_hp_per_floor":[71,71,71,71,71,71,71,71,71,71,71,71,71,71,71,71,71,71,71,71,71,71,71,71,71,71,71,49,49,49,49,49,49,49,49,49,49,49,49,49,49,49,49,49,49,49,49,49],"card_choices":[{"not_picked":["Steam","Turbo"],"picked":"Chill","floor":1.0},{"not_picked":["Turbo","Streamline"],"picked":"Ball Lightning","floor":2.0},{"not_picked":["Stack","Aggregate"],"picked":"Rainbow","floor":3.0},{"not_picked":["Redo","Double Energy"],"picked":"Cold Snap","floor":4.0},{"not_picked":["Lockon","Skim"],"picked":"Creative AI","floor":7.0},{"not_picked":["Beam Cell","Tempest"],"picked":"Blizzard","floor":12.0},{"not_picked":["Recycle","Stack"],"picked":"Ball Lightning","floor":14.0},{"not_picked":["Buffer","Reboot"],"picked":"Biased Cognition","floor":16.0},{"not_picked":["Steam Power"],"picked":"SKIP","floor":18.0},{"not_picked":[],"picked":"Go for the Eyes+1","floor":19.0},{"not_picked":[],"picked":"Barrage","floor":20.0},{"not_picked":["Darkness"],"picked":"SKIP","floor":21.0},{"not_picked":["Beam Cell"],"picked":"SKIP","floor":22.0},{"not_picked":[],"picked":"Seek","floor":24.0},{"not_picked":["Genetic Algorithm","Turbo"],"picked":"SKIP","floor":29.0},{"not_picked":["Leap"],"picked":"Heatsinks","floor":31.0},{"not_picked":["Blizzard"],"picked":"Hologram","floor":35},{"not_picked":["Blind"],"picked":"Madness","floor":37},{"not_picked":["Ball Lightning"],"picked":"White Noise+1","floor":38},{"not_picked":["Storm"],"picked":"Skim+1","floor":41},{"not_picked":["Leap"],"picked":"Skim+1","floor":42},{"not_picked":["Sweeping Beam"],"picked":"Defragment","floor":44},{"not_picked":["Redo"],"picked":"Stack+1","floor":46}],"player_experience":1068614,"relics_obtained":[{"floor":7.0,"key":"MealTicket"},{"floor":9.0,"key":"Mummified Hand"},{"floor":12.0,"key":"Letter Opener"},{"floor":24.0,"key":"White Beast Statue"},{"floor":26.0,"key":"Question Card"},{"floor":29.0,"key":"Vajra"},{"floor":38,"key":"Incense Burner"},{"floor":41,"key":"Smiling Mask"},{"floor":44,"key":"Bottled Tornado"}],"event_choices":[{"damage_healed":0.0,"max_hp_gain":0.0,"max_hp_loss":0.0,"gold_gain":0.0,"event_name":"Shining Light","player_choice":"Entered Light","floor":5.0,"gold_loss":0.0,"damage_taken":21.0,"cards_upgraded":["Chill","Dualcast"]},{"damage_healed":0.0,"max_hp_gain":0.0,"max_hp_loss":0.0,"gold_gain":0.0,"event_name":"Scrap Ooze","player_choice":"Success","floor":11.0,"gold_loss":0.0,"damage_taken":5.0,"relics_obtained":["Lizard Tail"]},{"cards_removed":["Strike_B"],"damage_healed":0.0,"max_hp_gain":0.0,"max_hp_loss":0.0,"gold_gain":0.0,"event_name":"Purifier","player_choice":"Purged","floor":13.0,"gold_loss":0.0,"damage_taken":0.0},{"damage_healed":0.0,"max_hp_gain":0.0,"max_hp_loss":0.0,"gold_gain":0.0,"cards_transformed":["Strike_B","Strike_B"],"event_name":"Drug Dealer","player_choice":"Became Test Subject","floor":27.0,"gold_loss":0.0,"damage_taken":0.0,"cards_obtained":["FTL","All For One"]},{"damage_healed":0.0,"max_hp_gain":0.0,"max_hp_loss":22.0,"gold_gain":0.0,"event_name":"Vampires","player_choice":"Became a vampire","floor":28.0,"gold_loss":0.0,"damage_taken":0.0,"cards_obtained":["Bite","Bite","Bite","Bite","Bite"]},{"damage_healed":0,"gold_gain":0,"player_choice":"Memory 1","damage_taken":0,"max_hp_gain":0,"max_hp_loss":0,"event_name":"SensoryStone","floor":37,"gold_loss":0},{"damage_healed":0,"gold_gain":0,"player_choice":"Fight","damage_taken":0,"max_hp_gain":0,"max_hp_loss":0,"event_name":"Mysterious Sphere","floor":38,"gold_loss":0},{"damage_healed":0,"gold_gain":0,"player_choice":"Paid","damage_taken":0,"relics_obtained":["Red Mask"],"max_hp_gain":0,"max_hp_loss":0,"event_name":"Tomb of Lord Red Mask","floor":39,"gold_loss":78}],"is_beta":true,"boss_relics":[{"not_picked":["Cursed Key","SlaversCollar"],"picked":"Busted Crown"},{"not_picked":["Coffee Dripper","Pandora\u0027s Box"],"picked":"Runic Pyramid"}],"items_purged_floors":[8,36,45],"is_endless":false,"potions_floor_spawned":[2,4,14,16,18,19,22,24,29,31,33,35,38,41,42,44,46],"killed_by":"Nemesis","ascension_level":20}}