{"host":"f3zi5bw4of71qj4o","time":1612619544,"event":{"mods":["BaseMod","DeckTracker","Highlight Path","Minty Spire (QoL Compilation)","Relic Stats","StSLib","SuperFastMode"],"gold_per_floor":[109,119,119,31,31,63,75,110,184,259,269,294,312,324,324,399,399,409,409,409,425,425,425],"floor_reached":22,"language":"ENG","playtime":928,"items_purged":[],"score":462,"play_id":"786b640c-d4b6-4379-8f0b-8cf4eeacae88","local_time":"20210206145224","is_ascension_mode":true,"campfire_choices":[{"data":"Defragment","floor":15,"key":"SMITH"}],"circlet_count":0,"master_deck":["AscendersBane","Strike_B","Strike_B","Strike_B","Defend_B","Defend_B","Defend_B","Zap","Dualcast","Coolheaded","Beam Cell","Streamline","Cold Snap","Rebound","Glacier","Blizzard","Amplify","Defragment+1","Storm","Electrodynamics","Hologram+1","Static Discharge"],"relics":["Cracked Core","NeowsBlessing","Torii","Anchor","Shuriken","Happy Flower","Black Star","Nilry\u0027s Codex","GremlinMask"],"acts_visited":["Exordium","TheCity"],"potions_floor_usage":[22,22],"damage_taken":[{"damage":0,"enemies":"Small Slimes","floor":1,"turns":1},{"damage":0,"enemies":"Jaw Worm","floor":2,"turns":1},{"damage":0,"enemies":"3 Sentries","floor":6,"turns":1},{"damage":0,"enemies":"Cultist","floor":7,"turns":3},{"damage":18,"enemies":"Lagavulin","floor":8,"turns":8},{"damage":1,"enemies":"Looter","floor":11,"turns":2},{"damage":3,"enemies":"3 Sentries","floor":12,"turns":8},{"damage":0,"enemies":"Blue Slaver","floor":13,"turns":2},{"damage":1,"enemies":"Exordium Thugs","floor":14,"turns":4},{"damage":4,"enemies":"The Guardian","floor":16,"turns":12},{"damage":13,"enemies":"Chosen","floor":18,"turns":4},{"damage":7,"enemies":"Spheric Guardian","floor":21,"turns":7},{"damage":18,"enemies":"Snake Plant","floor":22,"turns":2}],"seed_played":"-5222751279146013175","potions_obtained":[{"floor":2,"key":"LiquidBronze"},{"floor":6,"key":"Block Potion"},{"floor":18,"key":"FocusPotion"}],"is_trial":false,"path_per_floor":["M","M","?","$","?","E","M","E","T","?","M","E","M","M","R","B",null,"M","?","?","M","M"],"character_chosen":"DEFECT","items_purchased":["Streamline","Cold Snap"],"campfire_rested":0,"item_purchase_floors":[4,4],"current_hp_per_floor":[64,64,57,57,57,57,57,39,39,28,27,24,24,23,23,19,58,45,24,24,17,0,0],"gold":425,"neow_bonus":"THREE_ENEMY_KILL","is_daily":false,"chose_seed":false,"campfire_upgraded":1,"win_rate":0.0,"timestamp":1612619544,"path_taken":["M","M","?","$","?","E","M","E","T","?","M","E","M","M","R","BOSS","M","?","?","M","M"],"items_purchased_type":["Card","Card"],"build_version":"2020-12-22","purchased_purges":0,"victory":false,"max_hp_per_floor":[71,71,71,71,71,71,71,71,71,71,71,71,71,71,71,71,71,71,71,71,71,71,71],"relic_stats":{"Torii":9,"Happy Flower":[10],"counters":[13,55],"Shuriken":[5],"Black Star":0,"obtain_stats":[{"Anchor":8,"NeowsBlessing":0,"Torii":6,"Happy Flower":12,"Shuriken":9,"Nilry\u0027s Codex":19,"GremlinMask":20,"Black Star":17,"Cracked Core":0},{"Anchor":5,"NeowsBlessing":0,"Torii":3,"Happy Flower":7,"Shuriken":5,"Nilry\u0027s Codex":11,"GremlinMask":11,"Black Star":10,"Cracked Core":0},{"Anchor":14,"NeowsBlessing":0,"Torii":3,"Happy Flower":24,"Shuriken":14,"Nilry\u0027s Codex":46,"GremlinMask":46,"Black Star":42,"Cracked Core":0}]},"card_choices":[{"not_picked":["Turbo","Redo"],"picked":"Coolheaded","floor":1},{"not_picked":["Ball Lightning","Go for the Eyes"],"picked":"Beam Cell","floor":2},{"not_picked":["BootSequence","Ball Lightning"],"picked":"Rebound","floor":6},{"not_picked":["Ball Lightning","Aggregate"],"picked":"Glacier","floor":7},{"not_picked":["Compile Driver","Conserve Battery"],"picked":"Blizzard","floor":8},{"not_picked":["White Noise","Coolheaded"],"picked":"Amplify","floor":11},{"not_picked":["Consume","Doom and Gloom"],"picked":"Defragment","floor":12},{"not_picked":["Aggregate","Turbo"],"picked":"Storm","floor":13},{"not_picked":["Cold Snap","Stack","Streamline"],"picked":"SKIP","floor":14},{"not_picked":["Creative AI","Amplify"],"picked":"Electrodynamics","floor":16},{"not_picked":["Gash","Stack"],"picked":"Hologram+1","floor":18},{"not_picked":["Streamline","Ball Lightning"],"picked":"Static Discharge","floor":21}],"player_experience":2592977,"relics_obtained":[{"floor":6,"key":"Torii"},{"floor":8,"key":"Anchor"},{"floor":9,"key":"Shuriken"},{"floor":12,"key":"Happy Flower"},{"floor":19,"key":"Nilry\u0027s Codex"}],"event_choices":[{"cards_removed":["Defend_B"],"damage_healed":0,"gold_gain":0,"player_choice":"Card Removal","damage_taken":7,"max_hp_gain":0,"max_hp_loss":0,"event_name":"Golden Wing","floor":3,"gold_loss":0},{"cards_removed":["Strike_B"],"damage_healed":0,"gold_gain":0,"player_choice":"Forget","damage_taken":0,"max_hp_gain":0,"max_hp_loss":0,"event_name":"Living Wall","floor":5,"gold_loss":0},{"damage_healed":0,"gold_gain":75,"player_choice":"Gather Gold","damage_taken":11,"max_hp_gain":0,"max_hp_loss":0,"event_name":"World of Goop","floor":10,"gold_loss":0},{"damage_healed":0,"gold_gain":0,"player_choice":"Obtained Book","damage_taken":21,"max_hp_gain":0,"max_hp_loss":0,"event_name":"Cursed Tome","floor":19,"gold_loss":0},{"damage_healed":0,"gold_gain":0,"player_choice":"Trade","damage_taken":0,"relics_obtained":["GremlinMask"],"max_hp_gain":0,"max_hp_loss":0,"event_name":"FaceTrader","floor":20,"gold_loss":0}],"is_beta":false,"boss_relics":[{"not_picked":["Sozu","Runic Dome"],"picked":"Black Star"}],"items_purged_floors":[],"is_endless":false,"potions_floor_spawned":[2,6,7,14,18],"killed_by":"Snake Plant","ascension_level":20}}