{"host":"6drv1qzpbnls60z2","time":1612621546,"event":{"mods":["ATMod(°¢èªMod)","Act Like it!","Arknights","BaseMod","Hallownest","Jedi Mod","Minty Spire (QoL Compilation)","Reliquary","Replay The Spire","Shop Mod","Spicy Shops","StSLib","Uncapped","¡¾ÒÅÎï¿¨ÅÆ¡¿REMEMod","²ÐÁôÖ®Îï","óô»ðÖ¸ÄÏ"],"gold_per_floor":[117,91,91,103,122,122,157,157,157,157,307,333,352,80,80,80,80,80,0,0,0,0,0,0],"floor_reached":23,"language":"ZHS","playtime":1496,"items_purged":["Doubt"],"score":594,"play_id":"2a44c166-1e03-4ac8-8a14-d4b5023933a2","local_time":"20210206222546","daily_mods":["SealedDeck","Heirloom","Flight"],"is_ascension_mode":true,"campfire_choices":[{"data":"ats:Composite Medical Shells","floor":6,"key":"SMITH"},{"floor":8,"key":"REST"},{"data":"ats:Encircling Forest","floor":10,"key":"SMITH"},{"data":"Enlightenment","floor":15,"key":"SMITH"}],"circlet_count":0,"master_deck":["AscendersBane","AT_FamilyPortrait","REME_AllRoundStrike","ats:Absolute Focus","ats:Chain Hook","ats:Thorns","ats:Assault Order","ats:Closed Bolt Burst Fire","ats:Directed Diagnosis","ats:Apocalypse","ats:Composite Medical Shells+1","ats:Healing Strengthening","ats:Encircling Forest+1","ats:Healing Strengthening","ats:Shell Defense+1","ats:Demon Strength","ats:Part Time Job","ats:Demon Strength","ats:Neurotoxin","ats:Powerful Strike","Enlightenment+1","ats:Poison Spread","ats:Rat Pack","ats:Charging Defense+1","ats:Support Order"],"relics":["ats:Sanity","AT_ATBox","REME_ComplimentaryCards","AT_GoldPhoenixTree","White Beast Statue","ats:Originium","Gremlin Food","jedi:Pinwheel","jedi:ominousloannote","MerchantsRug","Replay:WaspNest","reliquary:RedCape"],"acts_visited":["Exordium","TheCity"],"potions_floor_usage":[7,7,16,18,19],"damage_taken":[{"damage":18,"enemies":"Cultist","floor":1,"turns":4},{"damage":12,"enemies":"Small Slimes","floor":4,"turns":3},{"damage":11,"enemies":"Jaw Worm","floor":5,"turns":2},{"damage":24,"enemies":"3 Sentries","floor":7,"turns":4},{"damage":24,"enemies":"Lagavulin","floor":12,"turns":5},{"damage":33,"enemies":"Large Slime","floor":13,"turns":5},{"damage":63,"enemies":"Hexaghost","floor":16,"turns":6},{"damage":26,"enemies":"Spheric Guardian","floor":18,"turns":3},{"damage":46,"enemies":"2 Thieves","floor":19,"turns":4},{"damage":27,"enemies":"Slavers","floor":23,"turns":2}],"seed_played":"2147318132199368311","potions_obtained":[{"floor":4,"key":"Explosive Potion"},{"floor":5,"key":"Ancient Potion"},{"floor":7,"key":"Dexterity Potion"},{"floor":12,"key":"FairyPotion"},{"floor":13,"key":"ColorlessPotion"},{"floor":16,"key":"Dexterity Potion"},{"floor":18,"key":"Elixir"},{"floor":19,"key":"Fruit Juice"}],"is_trial":true,"path_per_floor":["M","$","T","M","M","R","E","R","T","R","?","E","M","$","R","B",null,"M","M","?","?","$","E"],"character_chosen":"DOCTOR_CLASS","items_purchased":["ats:Shell Defense","jedi:ominousloannote","MerchantsRug","Enlightenment","ats:Poison Spread","Replay:WaspNest"],"campfire_rested":1,"item_purchase_floors":[2,14,14,14,14,14],"current_hp_per_floor":[57,57,57,58,47,47,42,63,63,63,63,61,57,57,57,21,59,46,18,24,24,24,0,0],"gold":0,"neow_bonus":"","is_daily":false,"chose_seed":false,"campfire_upgraded":3,"win_rate":0.0,"timestamp":1612621546,"path_taken":["M","$","?","M","M","R","E","R","T","R","?","E","M","$","R","BOSS","M","M","?","?","$","E"],"items_purchased_type":["Card","Relic","Relic","Card","Card","Relic"],"build_version":"2020-12-22","purchased_purges":1,"victory":false,"max_hp_per_floor":[72,72,72,72,72,72,72,72,72,72,72,72,72,72,72,72,72,72,77,82,82,82,82,82],"card_choices":[{"not_picked":["ats:Blood Oath","ats:Guard Mode"],"picked":"ats:Healing Strengthening","floor":1},{"not_picked":["ats:Powerful Strike","ats:Explosion Area Strengthen"],"picked":"ats:Demon Strength","floor":4},{"not_picked":["ats:Very Hot Blade","ats:Apocalypse"],"picked":"ats:Part Time Job","floor":5},{"not_picked":["ats:Rapid Magazine","ats:Fractured Body"],"picked":"ats:Demon Strength","floor":7},{"not_picked":["ats:Flexible Camouflage","ats:Powerful Strike"],"picked":"ats:Neurotoxin","floor":12},{"not_picked":["ats:Guard Mode","ats:Revitalization"],"picked":"ats:Powerful Strike","floor":13},{"not_picked":["ats:Echo Reverb","ats:True Silver Slash"],"picked":"ats:Rat Pack","floor":16},{"not_picked":["ats:Soul Absorption","ats:Apocalypse"],"picked":"ats:Charging Defense+1","floor":18},{"not_picked":["ats:Curse Doll","ats:Absolute Focus"],"picked":"ats:Support Order","floor":19}],"player_experience":195802,"relics_obtained":[{"floor":3,"key":"White Beast Statue"},{"floor":7,"key":"ats:Originium"},{"floor":7,"key":"Gremlin Food"},{"floor":9,"key":"Replay:Bottled Flurry"},{"floor":12,"key":"ats:Originium"},{"floor":12,"key":"jedi:Pinwheel"}],"event_choices":[{"damage_healed":0,"gold_gain":150,"player_choice":"AGREE","damage_taken":0,"max_hp_gain":0,"max_hp_loss":0,"event_name":"Liars Game","floor":11,"gold_loss":0,"cards_obtained":["Doubt"]},{"damage_healed":0,"gold_gain":0,"player_choice":"Shed Blood","damage_taken":27,"max_hp_gain":5,"max_hp_loss":0,"event_name":"Forgotten Altar","floor":20,"gold_loss":0},{"damage_healed":0,"gold_gain":0,"player_choice":"Simplicity","damage_taken":0,"max_hp_gain":0,"max_hp_loss":0,"event_name":"Back to Basics","floor":21,"gold_loss":0,"cards_upgraded":[]}],"is_beta":false,"boss_relics":[{"not_picked":["ReplayTheSpireMod:DimensionalGlitch","Replay:Ancient Bell"],"picked":"reliquary:RedCape"}],"items_purged_floors":[14],"is_endless":true,"potions_floor_spawned":[4,5,7,12,13,16,18,19],"killed_by":"Slavers","ascension_level":20}}