{"host":"81h68oe4mr04pk3r","time":1612588798,"event":{"mods":["Act Like it!","Aspiration","BaseMod","BetterRewards","Colored Map","Colored Powertips","Conspire","Downfall","Gensokyo","Hallownest","Hermit","Hubris","Infinite Spire","Jorbs\u0027s Wanderer Trilogy","Koishi","Lobotomy","LobotomyExtend","Marisa????????","Minty Spire (QoL Compilation)","Quick Restart","Reimu??????","Remilia??????","StSLib","The Bug Knight","The Construct","The Cursed","The Disciple","The Servant 0.9.4"],"gold_per_floor":[69,215,231,231,41,41,41,41,59,84,100,113,113,113,131,131,226,226,240,125,145,145,119,119,131,131,131,152,152,152,152,163,163,169,169],"floor_reached":33,"language":"ENG","playtime":1328,"items_purged":["Stagnate"],"score":262,"play_id":"8502d940-af54-49ec-a1f4-8ba012e15b76","local_time":"20210205211958","is_ascension_mode":false,"campfire_choices":[{"data":"hubris:InfiniteBlow+13","floor":6,"key":"SMITH"},{"floor":13,"key":"REST"},{"floor":15,"key":"REST"},{"data":"hubris:InfiniteBlow+14","floor":23,"key":"SMITH"},{"floor":25,"key":"REST"},{"floor":30,"key":"REST"},{"data":"hubris:InfiniteBlow+13","floor":32,"key":"SMITH"}],"circlet_count":0,"master_deck":["Strike_Br","Strike_Br","Strike_Br","Strike_Br","Defend_Br","Defend_Br","Defend_Br","Defend_Br","SecondHand","PatternShift","LockedMedicine","LockedBlood","hubris:InfiniteBlow+15","ReapSow","LockedScales","Echoward","WindUp","TiringSlam","PrimeTime","LockedFlame","TickedOff","HandsUpC","PrimeTime","hubris:InfiniteBlow+14","LockedPlans+1"],"relics":["Chronometer","LetterFromLob","Gensokyo:Justice","Nunchaku","hubris:Backtick","infinitespire:DarkRift","infinitespire:Midas Blood","SpringShield"],"acts_visited":["Gensokyo:Gensokyo","Gensokyo:Gensokyoer"],"potions_floor_usage":[24,24,27,33,33],"damage_taken":[{"damage":0,"enemies":"Gensokyo:2_Kodama","floor":1,"turns":6},{"damage":13,"enemies":"Gensokyo:Python","floor":2,"turns":5},{"damage":7,"enemies":"Gensokyo:Gryphon","floor":8,"turns":3},{"damage":8,"enemies":"Gensokyo:Python_and_Kodama","floor":10,"turns":3},{"damage":9,"enemies":"Gensokyo:Gryphon_and_Rabbit","floor":11,"turns":3},{"damage":4,"enemies":"Gensokyo:CorruptedTreant","floor":14,"turns":1},{"damage":26,"enemies":"Gensokyo:Yukari","floor":16,"turns":4},{"damage":21,"enemies":"Gensokyo:AngelMirror","floor":18,"turns":3},{"damage":11,"enemies":"Gensokyo:2_Gloops","floor":20,"turns":5},{"damage":26,"enemies":"Gensokyo:Slime_Group","floor":24,"turns":5},{"damage":50,"enemies":"Gensokyo:Swordslinger","floor":27,"turns":4},{"damage":0,"enemies":"Gensokyo:Chomper_and_Gloop","floor":31,"turns":2},{"damage":35,"enemies":"Gensokyo:Kaguya","floor":33,"turns":3}],"seed_played":"4542146691190536014","potions_obtained":[{"floor":10,"key":"Regen Potion"},{"floor":11,"key":"Block Potion"},{"floor":14,"key":"SkillPotion"},{"floor":20,"key":"GrandPatriotsElixir:ReiMu"},{"floor":27,"key":"FearPotion"},{"floor":31,"key":"Explosive Potion"}],"is_trial":false,"path_per_floor":["M","M","?","$","?","R","?","M","T","M","M","?","R","M","R","B",null,"M","COS","M","?","$","R","M","R","T","M","AVR","?","R","M","R","B"],"character_chosen":"CHRONO_CLASS","items_purchased":["ReapSow","LockedScales","Forethought","PrimeTime"],"campfire_rested":4,"item_purchase_floors":[4,4,4,22],"current_hp_per_floor":[29,65,52,35,35,35,35,42,37,37,33,28,28,47,43,62,36,65,48,48,43,50,50,50,42,61,61,11,11,11,29,29,29,0,0],"gold":169,"neow_bonus":"HUNDRED_GOLD","is_daily":false,"chose_seed":false,"campfire_upgraded":3,"win_rate":0.0,"timestamp":1612588798,"path_taken":["M","M","?","$","?","R","?","M","T","?","M","?","R","M","R","BOSS","M","COS","M","?","?","R","M","R","T","M","AVR","?","R","?","R","BOSS"],"items_purchased_type":["Card","Card","Card","Card"],"build_version":"2020-12-22","purchased_purges":1,"victory":false,"max_hp_per_floor":[75,65,65,65,65,65,65,65,65,65,65,65,65,65,65,65,65,65,65,65,65,65,65,65,65,65,65,65,65,60,60,60,60,60,60],"card_choices":[{"not_picked":["LockedAnchor","PrimeTime"],"picked":"LockedMedicine","floor":1},{"not_picked":["HandsUpC","HandsUpB"],"picked":"LockedBlood","floor":2},{"not_picked":["infinitespire:DeathsTouch","infinitespire:Oblivion"],"picked":"hubris:InfiniteBlow+13","floor":3},{"not_picked":["LockedAnchor","LockedBlood"],"picked":"Echoward","floor":8},{"not_picked":["CrunchTime","WatchCommand"],"picked":"WindUp","floor":10},{"not_picked":["LockedMawBank","OverTime"],"picked":"TiringSlam","floor":11},{"not_picked":["Goo","LockedScales"],"picked":"PrimeTime","floor":14},{"not_picked":["Echonomics","Pendulum"],"picked":"LockedFlame","floor":16},{"not_picked":["Echoward","BiteCommand"],"picked":"TickedOff","floor":18},{"not_picked":["EscortCommand","Engulf"],"picked":"HandsUpC","floor":20},{"not_picked":["WindUp","Engulf","PrimeTime"],"picked":"SKIP","floor":24},{"not_picked":["Echoward+1","WatchCommand+1"],"picked":"Stagnate","floor":27},{"not_picked":["LockedUrn","LockedOrichalcum"],"picked":"LockedPlans+1","floor":31}],"player_experience":221122,"relics_obtained":[{"floor":1,"key":"LetterFromLob"},{"floor":9,"key":"Nunchaku"},{"floor":26,"key":"infinitespire:Midas Blood"}],"event_choices":[{"damage_healed":0,"gold_gain":0,"player_choice":"Leave","damage_taken":0,"max_hp_gain":0,"max_hp_loss":0,"event_name":"conspire:Investor","floor":12,"gold_loss":0}],"is_beta":false,"boss_relics":[{"not_picked":["SlaversCollar","Philosopher\u0027s Stone"],"picked":"hubris:Backtick"}],"items_purged_floors":[28],"is_endless":false,"potions_floor_spawned":[10,11,14,16,20,27,31],"killed_by":"Gensokyo:Kaguya","ascension_level":0}}