{"host":"rwmcmr2m88k7tuzm","time":1612627075,"event":{"mods":["Aspiration","BaseMod","BetterRewards","Conspire","Downfall","Hubris","Infinite Spire","Minty Spire (QoL Compilation)","Quick Restart","Replay The Spire","Shop Mod","StSLib","SuperFastMode","The Hayseed"],"gold_per_floor":[111,126,0,13,23,23,34,34,61,61,61,61,77,77,77,200,200,214,59,77,77,91,91,91,91,91,116,116,116,157,171,171,297,297,313,328,328,328,349,385,45,45,69,69,69,69,89,107,107,231,231,238,238,238,238,313,329,354,387,387,387,401,98,98,98,98,224,224,274,299,299,345,371,411,411,510,510,510,519,550,601,601,601,774,774,786,786],"floor_reached":86,"language":"ENG","playtime":3590,"items_purged":["Strike_R+1","hubris:Sloth"],"score":1580,"play_id":"3770c380-947c-4d30-91e8-e1c3f1bacd07","local_time":"20210206155755","is_ascension_mode":false,"campfire_choices":[{"floor":6,"key":"REST"},{"data":"1","floor":8,"key":"LIFT"},{"data":"2","floor":10,"key":"LIFT"},{"floor":15,"key":"REST"},{"floor":29,"key":"REST"},{"data":"3","floor":32,"key":"LIFT"},{"data":"Apotheosis","floor":42,"key":"SMITH"},{"floor":44,"key":"REST"},{"data":"ReplayTheSpireMod:Book of Names","floor":46,"key":"SMITH"},{"floor":49,"key":"REST"},{"floor":64,"key":"REST"},{"data":"infinitespire:Menacing","floor":66,"key":"SMITH"},{"data":"infinitespire:Menacing","floor":75,"key":"SMITH"},{"data":"infinitespire:OneForAll","floor":78,"key":"SMITH"},{"data":"Reaper","floor":83,"key":"SMITH"}],"circlet_count":0,"master_deck":["Strike_R+1","Strike_R+2","Strike_R+1","Strike_R+1","Defend_R+1","Defend_R+2","Defend_R+1","Defend_R+1","Bash","Uppercut+1","Spot Weakness","Whirlwind","infinitespire:OneForAll+1","Dropkick","Reaper+1","ReplayTheSpireMod:Book of Names+1","infinitespire:Menacing+1","Flex+1","Limit Break","Flex","Sword Boomerang+1","Apotheosis+1","Reaper","ReplayReversal+1","infinitespire:Menacing+1","Seeing Red+1"],"relics":["Black Blood","Girya","ReplayTheSpireMod:TigerMarble","hubris:EmptyBottle","King of Hearts","Simple Rune","Vajra","Golden Idol","aspiration:SecretTechniqueScroll","Lee\u0027s Waffle","hubris:Icosahedron","aspiration:VileToxins","Ice Cream","infinitespire:Broken Mirror","Black Star","hubris:Towel","aspiration:Lifesprig","hubris:AstralHammer","ReplayTheSpireMod:CursedCoin","hubris:MobiusCoin","Juzu Bracelet","conspire:Dentures","Toy Ornithopter","Replay:Bandana","Meat on the Bone","hubris:Zylophone","aspiration:RitualStick","Red Mask","infinitespire:FocusingShard","FossilizedHelix","infinitespire:Bottled Soul","Bag of Marbles","Bottled Lightning","MutagenicStrength","conspire:SpecialSausage"],"acts_visited":["Exordium","TheCity","TheBeyond","Exordium","TheCity","TheBeyond"],"potions_floor_usage":[27,30,30,30,31,33,33,33,40,40,74,74,74,74,74,74,84],"damage_taken":[{"damage":3,"enemies":"Jaw Worm","floor":1,"turns":4},{"damage":0,"enemies":"Cultist","floor":2,"turns":3},{"damage":2,"enemies":"Small Slimes","floor":4,"turns":3},{"damage":17,"enemies":"3 Louse","floor":5,"turns":2},{"damage":2,"enemies":"Looter","floor":7,"turns":2},{"damage":13,"enemies":"conspire:2 RoseBushes","floor":13,"turns":3},{"damage":24,"enemies":"Slime Boss","floor":16,"turns":8},{"damage":10,"enemies":"Spheric Guardian","floor":18,"turns":3},{"damage":3,"enemies":"conspire:FuzzyDice","floor":20,"turns":5},{"damage":23,"enemies":"Snecko","floor":22,"turns":4},{"damage":21,"enemies":"3 Cultists","floor":27,"turns":4},{"damage":45,"enemies":"Nightmare","floor":30,"turns":7},{"damage":10,"enemies":"Chosen and Byrds","floor":31,"turns":4},{"damage":33,"enemies":"Champ","floor":33,"turns":8},{"damage":23,"enemies":"3 Darklings","floor":35,"turns":4},{"damage":21,"enemies":"3 Shapes","floor":36,"turns":4},{"damage":0,"enemies":"Spire Growth","floor":39,"turns":2},{"damage":36,"enemies":"R_Hoarder","floor":40,"turns":7},{"damage":21,"enemies":"Maw","floor":47,"turns":6},{"damage":17,"enemies":"3 Darklings","floor":48,"turns":2},{"damage":65,"enemies":"Replay:Hell Engine","floor":50,"turns":8},{"damage":0,"enemies":"Cultist","floor":52,"turns":2},{"damage":0,"enemies":"Lagavulin","floor":57,"turns":3},{"damage":0,"enemies":"Jaw Worm","floor":58,"turns":1},{"damage":0,"enemies":"Small Slimes","floor":59,"turns":1},{"damage":9,"enemies":"Exordium Wildlife","floor":62,"turns":2},{"damage":6,"enemies":"Fading Forest","floor":67,"turns":9},{"damage":18,"enemies":"3 Byrds","floor":69,"turns":3},{"damage":6,"enemies":"Chosen","floor":70,"turns":3},{"damage":20,"enemies":"Masked Bandits","floor":72,"turns":3},{"damage":70,"enemies":"Shelled Parasite and Fungi","floor":73,"turns":4},{"damage":1,"enemies":"Nightmare","floor":74,"turns":5},{"damage":0,"enemies":"Snake Plant","floor":79,"turns":4},{"damage":12,"enemies":"Book of Stabbing","floor":80,"turns":5},{"damage":0,"enemies":"3 Cultists","floor":81,"turns":4},{"damage":102,"enemies":"Automaton","floor":84,"turns":6},{"damage":96,"enemies":"3 Darklings","floor":86,"turns":4}],"seed_played":"-947238897837461405","potions_obtained":[{"floor":2,"key":"champ:CounterPotion"},{"floor":4,"key":"PowerPotion"},{"floor":5,"key":"Venom Potion"},{"floor":27,"key":"ColorlessPotion"},{"floor":30,"key":"Venom Potion"},{"floor":33,"key":"LifebloodPotion"},{"floor":50,"key":"SkillPotion"},{"floor":57,"key":"Adrenaline Potion"},{"floor":69,"key":"DistilledChaos"},{"floor":81,"key":"Energy Potion"},{"floor":84,"key":"Languid Potion"}],"is_trial":false,"path_per_floor":["M","M","?","M","M","R","M","R","T","R","?","?","M","?","R","B",null,"M","$","M","?","M","?","?","AVR","T","M","$","R","NM","M","R","B",null,"M","M","?","?","M","E","$","R","T","R","?","R","M","M","R","B",null,"M","?","?","T","?","E","M","M","T","?","M","$","R","?","R","B",null,"M","M","?","?","M","NM","R","?","T","R","M","E","M","?","R","B",null,"M"],"character_chosen":"IRONCLAD","items_purchased":["Girya","ReplayTheSpireMod:TigerMarble","hubris:EmptyBottle","King of Hearts","Uppercut","Lee\u0027s Waffle","ReplayTheSpireMod:CursedCoin","hubris:MobiusCoin","Apotheosis","hubris:Zylophone"],"campfire_rested":6,"item_purchase_floors":[0,0,0,0,0,19,41,41,41,63],"current_hp_per_floor":[47,53,53,57,46,70,74,74,74,74,74,54,47,47,71,53,80,76,87,87,87,70,53,53,53,53,59,59,86,47,60,60,39,92,75,86,86,86,92,62,62,62,62,89,89,89,74,63,90,58,92,92,92,92,92,81,92,92,95,95,71,68,68,95,95,95,95,95,89,95,76,95,70,95,95,95,95,95,95,95,95,95,95,47,95,0,0],"gold":786,"neow_bonus":"","is_daily":false,"chose_seed":false,"campfire_upgraded":6,"win_rate":0.0,"timestamp":1612627075,"path_taken":["M","M","?","?","M","R","M","R","T","R","?","?","M","?","R","BOSS","M","$","M","?","M","?","?","AVR","T","M","?","R","NM","M","R","BOSS","M","M","?","?","M","E","$","R","T","R","?","R","M","M","R","BOSS","M","?","?","?","?","E","M","M","T","?","M","$","R","?","R","BOSS","M","M","?","?","M","NM","R","?","T","R","M","E","M","?","R","BOSS","M"],"items_purchased_type":["Relic","Relic","Relic","Relic","Card","Relic","Relic","Relic","Card","Relic"],"build_version":"2020-12-22","purchased_purges":2,"victory":false,"max_hp_per_floor":[80,80,80,80,80,80,80,80,80,80,80,80,80,80,80,80,80,80,87,87,87,87,92,92,92,92,92,92,92,92,92,92,92,92,92,92,92,92,92,92,92,92,92,92,92,92,92,92,92,92,92,92,92,92,92,92,92,92,95,95,95,95,95,95,95,95,95,95,95,95,95,95,95,95,95,95,95,95,95,95,95,95,95,95,95,95,95],"card_choices":[{"not_picked":["Armaments","Shockwave","Heavy Blade"],"picked":"SKIP","floor":1},{"not_picked":["Combust","Burning Pact"],"picked":"Spot Weakness","floor":2},{"not_picked":["Disarm","ReplayTheSpireMod:Stacked"],"picked":"Whirlwind","floor":4},{"not_picked":["Warcry","Body Slam","Ghostly Armor"],"picked":"SKIP","floor":5},{"not_picked":["hubris:ReadiedAction","Hemokinesis"],"picked":"infinitespire:OneForAll","floor":7},{"not_picked":["Dark Embrace","Hemokinesis"],"picked":"Dropkick","floor":13},{"not_picked":["Berserk","Brutality"],"picked":"Reaper","floor":16},{"not_picked":["Headbutt","True Grit","Infernal Blade"],"picked":"SKIP","floor":18},{"not_picked":["Warcry","Flame Barrier","Massacre"],"picked":"SKIP","floor":20},{"not_picked":["Shockwave","ReplayTheSpireMod:Stacked","Perfected Strike"],"picked":"SKIP","floor":22},{"not_picked":["Anger","Perfected Strike","ReplayTheSpireMod:Corrosion Curse"],"picked":"SKIP","floor":27},{"not_picked":["infinitespire:SealOfDarkness+","infinitespire:Oblivion"],"picked":"infinitespire:Menacing","floor":30},{"not_picked":["ReplayTheSpireMod:Strike From Hell","True Grit","conspire:ExplosiveBarrier"],"picked":"SKIP","floor":30},{"not_picked":["Anger","Uppercut"],"picked":"Flex+1","floor":31},{"not_picked":["Feed","Exhume"],"picked":"Limit Break","floor":33},{"not_picked":["Combust+1","infinitespire:OneForAll+1"],"picked":"Flex","floor":35},{"not_picked":["conspire:ExplosiveBarrier+1","Wild Strike","Armaments"],"picked":"SKIP","floor":36},{"not_picked":["Headbutt","Pommel Strike+1","Anger"],"picked":"SKIP","floor":39},{"not_picked":["Shockwave","Flex"],"picked":"Sword Boomerang+1","floor":40},{"not_picked":["Body Slam","Spot Weakness"],"picked":"Reaper","floor":47},{"not_picked":["Bloodletting","Warcry+1","Power Through"],"picked":"SKIP","floor":48},{"not_picked":["Clothesline","Wild Strike","Heavy Blade"],"picked":"SKIP","floor":52},{"not_picked":["Run Through","Reckless Charge","Heavy Blade"],"picked":"SKIP","floor":57},{"not_picked":["Spot Weakness","Iron Wave","Flex"],"picked":"SKIP","floor":58},{"not_picked":["Cleave","Twin Strike","Warcry"],"picked":"SKIP","floor":59},{"not_picked":["infinitespire:UltimateForm","infinitespire:FinalStrike"],"picked":"infinitespire:Execution","floor":61},{"not_picked":["hubris:CleavingFinish","Armaments","Flame Barrier"],"picked":"SKIP","floor":62},{"not_picked":["Hemokinesis","Cleave","conspire:ExplosiveBarrier"],"picked":"SKIP","floor":69},{"not_picked":["ReplayTheSpireMod:Stacked","Flex"],"picked":"ReplayReversal+1","floor":70},{"not_picked":["Replay:Many Hands","hubris:CleavingFinish","Wild Strike+1"],"picked":"SKIP","floor":73},{"not_picked":["ReplayTheSpireMod:??????????????????????","infinitespire:Execution"],"picked":"infinitespire:Menacing","floor":74},{"not_picked":["hubris:SharpeningStone+1","Twin Strike","Impervious"],"picked":"SKIP","floor":74},{"not_picked":["Shockwave","Entrench+1","conspire:ExplosiveBarrier"],"picked":"SKIP","floor":79},{"not_picked":["Twin Strike","Heavy Blade"],"picked":"Seeing Red+1","floor":80},{"not_picked":["Anger","Sword Boomerang+1","Massacre"],"picked":"SKIP","floor":81}],"player_experience":205504,"relics_obtained":[{"floor":9,"key":"Vajra"},{"floor":26,"key":"Ice Cream"},{"floor":30,"key":"infinitespire:Broken Mirror"},{"floor":40,"key":"aspiration:Lifesprig"},{"floor":40,"key":"hubris:AstralHammer"},{"floor":43,"key":"Juzu Bracelet"},{"floor":55,"key":"conspire:Dentures"},{"floor":57,"key":"Toy Ornithopter"},{"floor":57,"key":"Replay:Bandana"},{"floor":60,"key":"Meat on the Bone"},{"floor":72,"key":"Red Mask"},{"floor":74,"key":"infinitespire:FocusingShard"},{"floor":74,"key":"FossilizedHelix"},{"floor":77,"key":"infinitespire:Bottled Soul"},{"floor":80,"key":"Bag of Marbles"},{"floor":80,"key":"Bottled Lightning"}],"event_choices":[{"damage_healed":0,"gold_gain":0,"player_choice":"Paid Gold","damage_taken":0,"relics_obtained":["Simple Rune"],"max_hp_gain":0,"max_hp_loss":0,"event_name":"WeMeetAgain","floor":3,"gold_loss":126},{"damage_healed":0,"gold_gain":0,"player_choice":"Take Damage","damage_taken":20,"relics_obtained":["Golden Idol"],"max_hp_gain":0,"max_hp_loss":0,"event_name":"Golden Idol","floor":12,"gold_loss":0},{"damage_healed":0,"gold_gain":0,"player_choice":"Disagree","damage_taken":0,"max_hp_gain":0,"max_hp_loss":0,"event_name":"conspire:LoneGhost","floor":14,"gold_loss":0},{"damage_healed":0,"gold_gain":0,"player_choice":"Shed Blood","damage_taken":22,"max_hp_gain":5,"max_hp_loss":0,"event_name":"Forgotten Altar","floor":23,"gold_loss":0},{"damage_healed":0,"gold_gain":0,"player_choice":"Simplicity","damage_taken":0,"max_hp_gain":0,"max_hp_loss":0,"event_name":"Back to Basics","floor":24,"gold_loss":0,"cards_upgraded":["Strike_R","Strike_R","Strike_R","Strike_R","Strike_R","Defend_R","Defend_R","Defend_R","Defend_R"]},{"damage_healed":0,"gold_gain":0,"player_choice":"Ignored","damage_taken":0,"max_hp_gain":0,"max_hp_loss":0,"event_name":"Liars Game","floor":53,"gold_loss":0},{"damage_healed":0,"gold_gain":75,"player_choice":"Gather Gold","damage_taken":11,"max_hp_gain":0,"max_hp_loss":0,"event_name":"World of Goop","floor":56,"gold_loss":0},{"cards_removed":["infinitespire:Execution"],"damage_healed":5,"gold_gain":0,"player_choice":"Offered Special","damage_taken":0,"max_hp_gain":0,"max_hp_loss":0,"event_name":"Bonfire Elementals","floor":65,"gold_loss":0},{"damage_healed":0,"gold_gain":0,"player_choice":"Fought Bandits","damage_taken":0,"max_hp_gain":0,"max_hp_loss":0,"event_name":"Masked Bandits","floor":72,"gold_loss":0},{"damage_healed":0,"gold_gain":99,"player_choice":"Stole From Cult","damage_taken":0,"max_hp_gain":0,"max_hp_loss":0,"event_name":"Nest","floor":76,"gold_loss":0},{"damage_healed":0,"gold_gain":0,"player_choice":"Inject Mutagens","damage_taken":0,"relics_obtained":["MutagenicStrength"],"max_hp_gain":0,"max_hp_loss":0,"event_name":"Drug Dealer","floor":82,"gold_loss":0}],"is_beta":false,"boss_relics":[{"not_picked":["Cursed Key","hubris:Stopwatch"],"picked":"aspiration:SecretTechniqueScroll"},{"not_picked":["Replay:Wanted Poster","Calling Bell"],"picked":"Black Star"},{"not_picked":["Honey Jar","aspiration:FutureDiary","Electric Blood"]},{"not_picked":["ChewingGum","hubris:VirtuousBlindfold"],"picked":"Black Blood"},{"not_picked":["hubris:TerracottaHorce","Abe\u0027s Treasure"],"picked":"conspire:SpecialSausage"}],"items_purged_floors":[25,41],"is_endless":true,"potions_floor_spawned":[2,4,5,20,27,30,33,40,47,50,57,67,69,70,81,84],"killed_by":"3 Darklings","ascension_level":0}}