{"host":"ek3xvuouaw6vk9if","time":1612645406,"event":{"mods":["BaseMod","BetterRewards","Curses Come First","Dark Map","Hubris","Minty Spire (QoL Compilation)","Permanent Neow","Quick Restart","Relic Stats","Replay The Spire","Robot Space Explorer","Spire Arcade","StSLib","The Cursed"],"gold_per_floor":[112,129,144,157,168,196,214,214,214,243,243,243,223,235,235,335,435,450,450,483,493,505,540,550,550,575,589,589,608,622,642,642,742,742,752,752,762,573,591,591,619,494,541,541,541,555,565,565,565,565],"floor_reached":51,"language":"ENG","playtime":2886,"items_purged":["RobotSpaceExplorer:Strike","RobotSpaceExplorer:Strike","RobotSpaceExplorer:Strike"],"score":977,"play_id":"8a8d309b-d798-4fe5-930b-f6dbfb89f544","local_time":"20210206160326","is_ascension_mode":true,"campfire_choices":[{"data":"RobotSpaceExplorer:Exploration","floor":8,"key":"SMITH"},{"data":"RobotSpaceExplorer:Exploration","floor":11,"key":"SMITH"},{"data":"RobotSpaceExplorer:Pulsar","floor":15,"key":"SMITH"},{"floor":28,"key":"REST"},{"floor":32,"key":"REST"},{"data":"RobotSpaceExplorer:Electropulse","floor":40,"key":"SMITH"},{"floor":45,"key":"REST"},{"data":"RobotSpaceExplorer:Strike","floor":49,"key":"PURGE"}],"circlet_count":0,"master_deck":["RobotSpaceExplorer:Defend","RobotSpaceExplorer:Defend","RobotSpaceExplorer:Defend","RobotSpaceExplorer:Defend","RobotSpaceExplorer:Scan","RobotSpaceExplorer:MiniLasers","RobotSpaceExplorer:StarLightning","RobotSpaceExplorer:Pulsar","RobotSpaceExplorer:SurgingShield","RobotSpaceExplorer:SurgingStrike","RobotSpaceExplorer:GearShield","RobotSpaceExplorer:Electropulse+1","RobotSpaceExplorer:Pulsar+1","RobotSpaceExplorer:TrailblazerForm","RobotSpaceExplorer:MetalStrike+1","RobotSpaceExplorer:GearShield","RobotSpaceExplorer:SurgingStrike","RobotSpaceExplorer:FranticSearch+1","RobotSpaceExplorer:SurgingShield+1","RobotSpaceExplorer:Multitool","RobotSpaceExplorer:SurgingStrike+1","hubris:Ssssneak+1"],"relics":["RobotSpaceExplorer:RoboCore","ClockworkSouvenir","Bag of Preparation","InkBottle","Mercury Hourglass","Omamori","Turnip","Mummified Hand","Replay:Wanted Poster","Red Mask","Toxic Egg 2","CultistMask","ReplayTheSpireMod:Lightbulb","Busted Crown","hubris:TenFootPole","Nunchaku"],"acts_visited":["Exordium","TheCity","TheBeyond"],"potions_floor_usage":[10,20,41,47,50,50,50,50,50,50],"damage_taken":[{"damage":0,"enemies":"2 Louse","floor":1,"turns":2},{"damage":0,"enemies":"Cultist","floor":2,"turns":4},{"damage":3,"enemies":"Small Slimes","floor":3,"turns":3},{"damage":0,"enemies":"Blue Slaver","floor":4,"turns":4},{"damage":0,"enemies":"Exordium Wildlife","floor":5,"turns":3},{"damage":16,"enemies":"Lagavulin","floor":6,"turns":6},{"damage":12,"enemies":"Large Slime","floor":7,"turns":5},{"damage":16,"enemies":"Gremlin Nob","floor":10,"turns":4},{"damage":0,"enemies":"Exordium Thugs","floor":14,"turns":3},{"damage":9,"enemies":"Fading Forest","floor":16,"turns":11},{"damage":10,"enemies":"Shell Parasite","floor":18,"turns":4},{"damage":13,"enemies":"Masked Bandits","floor":20,"turns":4},{"damage":0,"enemies":"3 Byrds","floor":21,"turns":3},{"damage":9,"enemies":"3 Cultists","floor":22,"turns":5},{"damage":29,"enemies":"Gremlin Leader","floor":23,"turns":6},{"damage":0,"enemies":"Centurion and Healer","floor":24,"turns":5},{"damage":0,"enemies":"Snake Plant","floor":27,"turns":4},{"damage":0,"enemies":"Shelled Parasite and Fungi","floor":29,"turns":5},{"damage":2,"enemies":"3 Cultists","floor":30,"turns":5},{"damage":14,"enemies":"Snake Plant","floor":31,"turns":5},{"damage":21,"enemies":"hubris:MusketHawk","floor":33,"turns":8},{"damage":4,"enemies":"3 Darklings","floor":35,"turns":6},{"damage":10,"enemies":"Orb Walker","floor":37,"turns":4},{"damage":25,"enemies":"Sphere and 2 Shapes","floor":39,"turns":4},{"damage":9,"enemies":"Giant Head","floor":41,"turns":9},{"damage":10,"enemies":"Transient","floor":46,"turns":5},{"damage":16,"enemies":"Jaw Worm Horde","floor":47,"turns":3},{"damage":36,"enemies":"Awakened One","floor":50,"turns":9}],"seed_played":"6082323022770540096","potions_obtained":[{"floor":1,"key":"Fire Potion"},{"floor":5,"key":"Fire Potion"},{"floor":10,"key":"EssenceOfSteel"},{"floor":13,"key":"EntropicBrew"},{"floor":16,"key":"Swift Potion"},{"floor":22,"key":"Cursed Concoction"},{"floor":31,"key":"Venom Potion"},{"floor":46,"key":"RobotSpaceExplorer:RecyclePotion"},{"floor":47,"key":"CultistPotion"}],"is_trial":false,"path_per_floor":["M","M","M","M","M","E","M","R","T","E","R","?","?","M","R","B",null,"M","?","?","M","M","E","M","?","T","M","R","M","M","M","R","B",null,"M","?","M","$","M","R","E","$","T","?","R","M","M","?","R","B",null],"character_chosen":"RobotSpaceExplorer","items_purchased":["ClockworkSouvenir","RobotSpaceExplorer:StarLightning","RobotSpaceExplorer:Pulsar","Bag of Preparation","hubris:Ssssneak+1"],"campfire_rested":3,"item_purchase_floors":[0,0,0,0,38],"current_hp_per_floor":[75,75,72,72,72,56,44,44,44,28,28,28,28,28,28,27,75,65,65,52,52,43,14,14,14,14,14,36,36,34,20,42,21,75,71,71,61,61,36,36,27,27,27,27,49,39,23,66,66,30],"gold":565,"neow_bonus":"","is_daily":false,"chose_seed":false,"campfire_upgraded":4,"win_rate":0.0,"timestamp":1612645406,"path_taken":["M","M","M","M","M","E","M","R","T","E","R","?","?","?","R","BOSS","M","?","?","M","?","E","M","?","T","M","R","M","M","M","R","BOSS","M","?","M","?","M","R","E","$","T","?","R","M","M","?","R","BOSS"],"items_purchased_type":["Relic","Card","Card","Relic","Card"],"build_version":"2020-12-22","purchased_purges":3,"victory":true,"max_hp_per_floor":[75,75,75,75,75,75,75,75,75,75,75,75,75,75,75,75,75,75,75,75,75,75,75,75,75,75,75,75,75,75,75,75,75,75,75,75,75,75,75,75,75,75,75,75,75,75,75,66,66,66],"relic_stats":{"Nunchaku":[8],"Busted Crown":36,"counters":[53,250],"Mummified Hand":[96],"Turnip":[16],"Bag of Preparation":[58],"obtain_stats":[{"ReplayFunnel":9,"CeramicFish":7,"Mango":48,"Bag of Preparation":0,"ClockworkSouvenir":0,"Replay:Wanted Poster":17,"Nunchaku":26,"Lizard Tail":43,"HornCleat":28,"DollysMirror":30,"RobotSpaceExplorer:BottledGravity":46,"Mummified Hand":16,"MealTicket":28,"Red Mask":20,"downfall:ExtraCursedBell":28,"Toxic Egg 2":23,"InkBottle":6,"RobotSpaceExplorer:RoboCore":0,"PreservedInsect":23,"Guardian:PocketSentry":19,"Omamori":10,"Replay:Kaleidoscope":31,"Mercury Hourglass":9,"Peace Pipe":45,"SlaversCollar":17,"Anchor":29,"Busted Crown":34,"Turnip":10,"CultistMask":25,"Coffee Dripper":34,"hubris:TenFootPole":41,"ReplayTheSpireMod:Lightbulb":26,"Pocketwatch":28},{"ReplayFunnel":5,"CeramicFish":5,"Mango":24,"Bag of Preparation":25,"ClockworkSouvenir":25,"Replay:Wanted Poster":35,"Nunchaku":14,"Lizard Tail":22,"HornCleat":14,"DollysMirror":15,"RobotSpaceExplorer:BottledGravity":23,"Mummified Hand":35,"MealTicket":14,"Red Mask":37,"downfall:ExtraCursedBell":14,"Toxic Egg 2":40,"InkBottle":31,"RobotSpaceExplorer:RoboCore":0,"PreservedInsect":14,"Guardian:PocketSentry":12,"Omamori":33,"Replay:Kaleidoscope":16,"Mercury Hourglass":32,"Peace Pipe":23,"SlaversCollar":11,"Anchor":15,"Busted Crown":46,"Turnip":33,"CultistMask":41,"Coffee Dripper":17,"hubris:TenFootPole":50,"ReplayTheSpireMod:Lightbulb":41,"Pocketwatch":14},{"ReplayFunnel":20,"CeramicFish":20,"Mango":104,"Bag of Preparation":113,"ClockworkSouvenir":113,"Replay:Wanted Poster":158,"Nunchaku":63,"Lizard Tail":95,"HornCleat":63,"DollysMirror":67,"RobotSpaceExplorer:BottledGravity":99,"Mummified Hand":158,"MealTicket":63,"Red Mask":165,"downfall:ExtraCursedBell":63,"Toxic Egg 2":179,"InkBottle":135,"RobotSpaceExplorer:RoboCore":0,"PreservedInsect":63,"Guardian:PocketSentry":54,"Omamori":144,"Replay:Kaleidoscope":70,"Mercury Hourglass":140,"Peace Pipe":99,"SlaversCollar":50,"Anchor":67,"Busted Crown":211,"Turnip":144,"CultistMask":184,"Coffee Dripper":76,"hubris:TenFootPole":233,"ReplayTheSpireMod:Lightbulb":184,"Pocketwatch":63}],"InkBottle":[43],"Mercury Hourglass":[478]},"card_choices":[{"not_picked":["RobotSpaceExplorer:GlueShot","RobotSpaceExplorer:FrostMissile"],"picked":"RobotSpaceExplorer:SurgingShield","floor":1},{"not_picked":["RobotSpaceExplorer:Probe","RobotSpaceExplorer:MetalStrike"],"picked":"RobotSpaceExplorer:SurgingStrike","floor":2},{"not_picked":["RobotSpaceExplorer:DoubleFind","RobotSpaceExplorer:FreezingShield"],"picked":"RobotSpaceExplorer:GearShield","floor":3},{"not_picked":["RobotSpaceExplorer:Counterblock","RobotSpaceExplorer:JunkDive"],"picked":"RobotSpaceExplorer:Electropulse","floor":4},{"not_picked":["RobotSpaceExplorer:MiniDrones","RobotSpaceExplorer:FrostMissile"],"picked":"RobotSpaceExplorer:Pulsar","floor":5},{"not_picked":["RobotSpaceExplorer:ScrapMissile","RobotSpaceExplorer:ShockKick"],"picked":"RobotSpaceExplorer:Exploration","floor":6},{"not_picked":["RobotSpaceExplorer:FreezeRay","RobotSpaceExplorer:ShovelStrike","RobotSpaceExplorer:SwiftStep"],"picked":"SKIP","floor":7},{"not_picked":["RobotSpaceExplorer:FreezeRay","RobotSpaceExplorer:ShockKick"],"picked":"RobotSpaceExplorer:Exploration","floor":10},{"not_picked":["RobotSpaceExplorer:Smokescreen","RobotSpaceExplorer:ToxicBomb","RobotSpaceExplorer:PowerGlove"],"picked":"SKIP","floor":14},{"not_picked":["RobotSpaceExplorer:DroneSwarm","RobotSpaceExplorer:Arsenal"],"picked":"RobotSpaceExplorer:TrailblazerForm","floor":16},{"not_picked":["RobotSpaceExplorer:SlimeMissile","RobotSpaceExplorer:PowerCollector"],"picked":"RobotSpaceExplorer:MetalStrike+1","floor":18},{"not_picked":["RobotSpaceExplorer:StunGrenade","RobotSpaceExplorer:SlimeMissile"],"picked":"RobotSpaceExplorer:GearShield","floor":20},{"not_picked":["RobotSpaceExplorer:Electroshield","RobotSpaceExplorer:RigExplosive+1","RobotSpaceExplorer:GlueSpray"],"picked":"SKIP","floor":21},{"not_picked":["RobotSpaceExplorer:ExhaustFan+1","RobotSpaceExplorer:Pulsar","RobotSpaceExplorer:FreezeRay"],"picked":"SKIP","floor":22},{"not_picked":["RobotSpaceExplorer:Blaster","RobotSpaceExplorer:FrostMissile"],"picked":"RobotSpaceExplorer:SurgingStrike","floor":23},{"not_picked":["RobotSpaceExplorer:ShovelStrike+1","RobotSpaceExplorer:FrostMissile"],"picked":"RobotSpaceExplorer:FranticSearch+1","floor":24},{"not_picked":["RobotSpaceExplorer:RigExplosive+1","RobotSpaceExplorer:Pulsar+1","RobotSpaceExplorer:Smokescreen+1"],"picked":"SKIP","floor":27},{"not_picked":["RobotSpaceExplorer:PowerCollector+1","RobotSpaceExplorer:FranticSearch+1","RobotSpaceExplorer:ScrapShield+1"],"picked":"SKIP","floor":29},{"not_picked":["RobotSpaceExplorer:PlasmaMissile","RobotSpaceExplorer:Ammunition+1","RobotSpaceExplorer:ShockKick"],"picked":"SKIP","floor":30},{"not_picked":["RobotSpaceExplorer:GearShield+1","RobotSpaceExplorer:Reload+1"],"picked":"RobotSpaceExplorer:SurgingShield+1","floor":31},{"not_picked":["RobotSpaceExplorer:BlastShield+1","RobotSpaceExplorer:Wormhole+1"],"picked":"RobotSpaceExplorer:Multitool","floor":33},{"not_picked":["RobotSpaceExplorer:FrostMissile+1"],"picked":"SKIP","floor":35},{"not_picked":[],"picked":"RobotSpaceExplorer:SurgingStrike+1","floor":37},{"not_picked":["RobotSpaceExplorer:ImprovisedAttack"],"picked":"SKIP","floor":39},{"not_picked":["RobotSpaceExplorer:MetalStrike+1"],"picked":"SKIP","floor":41},{"not_picked":["RobotSpaceExplorer:SwiftStep+1"],"picked":"SKIP","floor":46},{"not_picked":["RobotSpaceExplorer:StarDust"],"picked":"SKIP","floor":47}],"player_experience":541150,"relics_obtained":[{"floor":6,"key":"InkBottle"},{"floor":9,"key":"Mercury Hourglass"},{"floor":10,"key":"Omamori"},{"floor":10,"key":"Turnip"},{"floor":16,"key":"Mummified Hand"},{"floor":20,"key":"Red Mask"},{"floor":23,"key":"Toxic Egg 2"},{"floor":26,"key":"ReplayTheSpireMod:Lightbulb"},{"floor":41,"key":"hubris:TenFootPole"},{"floor":43,"key":"Nunchaku"}],"event_choices":[{"damage_healed":0,"gold_gain":0,"player_choice":"Ignored","damage_taken":0,"max_hp_gain":0,"max_hp_loss":0,"event_name":"Liars Game","floor":12,"gold_loss":0},{"damage_healed":0,"gold_gain":0,"player_choice":"Bought 1 Potion","damage_taken":0,"max_hp_gain":0,"max_hp_loss":0,"event_name":"The Woman in Blue","floor":13,"gold_loss":0},{"damage_healed":0,"gold_gain":0,"player_choice":"Fought Bandits","damage_taken":0,"max_hp_gain":0,"max_hp_loss":0,"event_name":"Masked Bandits","floor":20,"gold_loss":0},{"damage_healed":0,"gold_gain":0,"player_choice":"Trade","damage_taken":0,"relics_obtained":["CultistMask"],"max_hp_gain":0,"max_hp_loss":0,"event_name":"FaceTrader","floor":25,"gold_loss":0},{"damage_healed":0,"gold_gain":0,"player_choice":"Ignored","damage_taken":0,"max_hp_gain":0,"max_hp_loss":0,"event_name":"SecretPortal","floor":36,"gold_loss":0},{"damage_healed":66,"gold_gain":0,"player_choice":"Heal","damage_taken":0,"max_hp_gain":0,"max_hp_loss":9,"event_name":"The Moai Head","floor":48,"gold_loss":0}],"is_beta":false,"boss_relics":[{"not_picked":["SlaversCollar","Fusion Hammer"],"picked":"Replay:Wanted Poster"},{"not_picked":["Velvet Choker","Replay:Grab Bag"],"picked":"Busted Crown"}],"items_purged_floors":[0,38,42],"is_endless":false,"potions_floor_spawned":[1,5,10,14,16,18,22,27,31,39,46,47],"ascension_level":2}}