{"host":"klqcd4cqxrk2p1u3","time":1612581217,"event":{"mods":["BaseMod","Downfall","Minty Spire (QoL Compilation)","StSLib"],"gold_per_floor":[0,18,18,34,34,34,84,98,198,217,237,267,18,29,43,43,43,43],"floor_reached":16,"language":"ENG","playtime":2351,"items_purged":[],"score":104,"play_id":"b950b366-9a89-4274-986b-a9e213f5bb74","local_time":"20210205221337","is_ascension_mode":false,"campfire_choices":[{"floor":1,"key":"RECALL"},{"data":"bronze:Goto","floor":6,"key":"SMITH"}],"circlet_count":0,"master_deck":["bronze:Strike","bronze:Strike","bronze:Strike","bronze:Strike","bronze:Defend","bronze:Defend","bronze:Defend","bronze:Defend","bronze:Replicate","bronze:Goto+1","bronze:BuggyMess+1","bronze:DazingPulse","bronze:Separator","bronze:WhirlingStrike","bronze:CutThrough","bronze:Terminator","bronze:Constructor","bronze:Frontload","bronze:Refactor","bronze:Turbo","bronze:DelayedSlice","bronze:Overheat"],"relics":["bronze:BronzeCore","Lizard Tail","Ancient Tea Set","Membership Card","bronze:BronzeIdol"],"acts_visited":["Exordium"],"potions_floor_usage":[10,11,12],"damage_taken":[{"damage":0,"enemies":"Small Slimes","floor":2,"turns":4},{"damage":1,"enemies":"Small Slimes","floor":3,"turns":3},{"damage":0,"enemies":"2 Louse","floor":4,"turns":1},{"damage":2,"enemies":"Jaw Worm","floor":8,"turns":3},{"damage":7,"enemies":"Exordium Thugs","floor":10,"turns":3},{"damage":0,"enemies":"Blue Slaver","floor":11,"turns":1},{"damage":22,"enemies":"Lagavulin","floor":12,"turns":8},{"damage":5,"enemies":"downfall:FleeingMerchant","floor":13,"turns":4},{"damage":1,"enemies":"2 Fungi Beasts","floor":14,"turns":3},{"damage":5,"enemies":"Exordium Thugs","floor":15,"turns":5},{"damage":82,"enemies":"WA_ARCHETYPE_RETAIN","floor":16,"turns":9}],"seed_played":"5786573361473063604","potions_obtained":[{"floor":2,"key":"DuplicationPotion"},{"floor":3,"key":"Guardian:BlockOnCardUsePotion"},{"floor":4,"key":"Fire Potion"}],"is_trial":false,"path_per_floor":["R","M","?","M","?","R","T","M","?","M","M","E","$","M","M","B"],"character_chosen":"THE_AUTOMATON","items_purchased":["Membership Card","bronze:BronzeIdol","bronze:Turbo"],"campfire_rested":0,"item_purchase_floors":[13,13,13],"current_hp_per_floor":[70,70,69,69,69,69,69,67,67,60,60,38,33,32,27,0,0,0],"gold":43,"neow_bonus":"ONE_RARE_RELIC","is_daily":false,"chose_seed":false,"campfire_upgraded":1,"win_rate":0.0,"timestamp":1612581217,"path_taken":["R","M","?","M","?","R","T","M","?","?","M","E","$","M","M","BOSS"],"items_purchased_type":["Relic","Relic","Card"],"build_version":"2020-12-22","purchased_purges":0,"victory":false,"max_hp_per_floor":[70,70,70,70,70,70,70,70,70,70,70,70,70,70,70,70,70,70],"card_choices":[{"not_picked":["bronze:Optimize","bronze:OilSpill"],"picked":"bronze:BuggyMess","floor":2},{"not_picked":[],"picked":"bronze:DazingPulse","floor":3},{"not_picked":["bronze:CutThrough","bronze:Overheat"],"picked":"bronze:Separator","floor":3},{"not_picked":["bronze:Iterate","bronze:Turbo"],"picked":"bronze:WhirlingStrike","floor":4},{"not_picked":["bronze:Shield","bronze:BuggyMess"],"picked":"bronze:CutThrough","floor":8},{"not_picked":["bronze:CleanCode","bronze:Frontload"],"picked":"bronze:Terminator","floor":10},{"not_picked":["bronze:InfiniteBeams","bronze:FineTuning"],"picked":"bronze:Constructor","floor":11},{"not_picked":["bronze:Return","bronze:Backtrace"],"picked":"bronze:Frontload","floor":12},{"not_picked":["bronze:ForLoop","bronze:BitShift"],"picked":"bronze:Refactor","floor":13},{"not_picked":["bronze:NullPointer","bronze:Return"],"picked":"bronze:DelayedSlice","floor":14},{"not_picked":["bronze:FineTuning","bronze:Overload"],"picked":"bronze:Overheat","floor":15}],"player_experience":1453708,"relics_obtained":[{"floor":12,"key":"Ancient Tea Set"}],"event_choices":[{"damage_healed":0,"gold_gain":0,"player_choice":"Grow","damage_taken":0,"max_hp_gain":0,"max_hp_loss":0,"event_name":"Living Wall","floor":5,"gold_loss":0,"cards_upgraded":["bronze:BuggyMess"]}],"is_beta":false,"boss_relics":[],"items_purged_floors":[],"is_endless":false,"potions_floor_spawned":[2,3,4],"killed_by":"WA_ARCHETYPE_RETAIN","ascension_level":0}}