{"host":"lcbipiqow21bh6hg","time":1612587123,"event":{"mods":["BaseMod","Colored Powertips","Minty Spire (QoL Compilation)","SuperFastMode"],"gold_per_floor":[117,135,135,135,135,170,186,213,213,288,34,45,45,55,55,153,153,169,169,84,100,113,113,113,128,128,128,140,140,153,164,164,259,259,278,278,294,294,306,306,331,341,341,355,355,373,393,58,58,58],"floor_reached":51,"language":"ENG","playtime":2373,"items_purged":["Eruption","Strike_P"],"score":776,"play_id":"f411668e-6f46-4984-8920-e6068344d336","local_time":"20210205215203","is_ascension_mode":true,"campfire_choices":[{"floor":13.0,"key":"REST"},{"data":"BowlingBash","floor":15.0,"key":"SMITH"},{"data":"1","floor":23.0,"key":"LIFT"},{"data":"2","floor":27.0,"key":"LIFT"},{"floor":29.0,"key":"REST"},{"floor":32.0,"key":"REST"},{"data":"3","floor":40,"key":"LIFT"},{"floor":45,"key":"REST"},{"floor":49,"key":"REST"}],"circlet_count":0,"master_deck":["Strike_P","Strike_P","Strike_P","Defend_P","Defend_P","Defend_P","Defend_P","Vigilance","DeusExMachina+1","Prostrate+1","Evaluate+1","Prostrate+1","BowlingBash+1","BowlingBash","Judgement+1","CurseOfTheBell","SandsOfTime","CarveReality+1","WindmillStrike","Worship+1","Pray+1","Brilliance","Enlightenment+1","Prostrate+1","Evaluate+1","Wallop+1","Devotion","BattleHymn"],"relics":["PureWater","NeowsBlessing","Toxic Egg 2","Letter Opener","Pear","Vajra","Calling Bell","Nunchaku","TeardropLocket","Girya","Akabeko","Bottled Lightning","VioletLotus","Anchor","Kunai","TheAbacus"],"acts_visited":["Exordium","TheCity","TheBeyond"],"potions_floor_usage":[39,41,50,50,50],"damage_taken":[{"damage":0.0,"enemies":"2 Louse","floor":1.0,"turns":1.0},{"damage":0.0,"enemies":"Cultist","floor":2.0,"turns":1.0},{"damage":0.0,"enemies":"Gremlin Nob","floor":6.0,"turns":1.0},{"damage":1.0,"enemies":"Jaw Worm","floor":7.0,"turns":3.0},{"damage":37.0,"enemies":"Lagavulin","floor":8.0,"turns":5.0},{"damage":0.0,"enemies":"Exordium Wildlife","floor":12.0,"turns":4.0},{"damage":0.0,"enemies":"2 Fungi Beasts","floor":14.0,"turns":4.0},{"damage":15.0,"enemies":"The Guardian","floor":16.0,"turns":11.0},{"damage":6.0,"enemies":"2 Thieves","floor":18.0,"turns":3.0},{"damage":12.0,"enemies":"Chosen","floor":21.0,"turns":7.0},{"damage":0.0,"enemies":"Sentry and Sphere","floor":22.0,"turns":3.0},{"damage":10.0,"enemies":"Snake Plant","floor":25.0,"turns":4.0},{"damage":8.0,"enemies":"Centurion and Healer","floor":28.0,"turns":4.0},{"damage":14.0,"enemies":"Shelled Parasite and Fungi","floor":30.0,"turns":4.0},{"damage":0.0,"enemies":"Snecko","floor":31.0,"turns":3.0},{"damage":21.0,"enemies":"Champ","floor":33.0,"turns":9.0},{"damage":5,"enemies":"3 Darklings","floor":35,"turns":5},{"damage":3,"enemies":"Orb Walker","floor":37,"turns":3},{"damage":0,"enemies":"Jaw Worm Horde","floor":39,"turns":2},{"damage":17,"enemies":"Nemesis","floor":41,"turns":5},{"damage":13,"enemies":"Transient","floor":42,"turns":5},{"damage":18,"enemies":"Maw","floor":44,"turns":7},{"damage":5,"enemies":"3 Darklings","floor":46,"turns":5},{"damage":18,"enemies":"Sphere and 2 Shapes","floor":47,"turns":4},{"damage":49,"enemies":"Awakened One","floor":50,"turns":8}],"seed_played":"-6068610320096928358","potions_obtained":[{"floor":4.0,"key":"EntropicBrew"},{"floor":4.0,"key":"Fruit Juice"},{"floor":4.0,"key":"DuplicationPotion"},{"floor":7.0,"key":"Swift Potion"},{"floor":16.0,"key":"EssenceOfSteel"},{"floor":22.0,"key":"SpeedPotion"},{"floor":28.0,"key":"SkillPotion"},{"floor":31.0,"key":"BlessingOfTheForge"},{"floor":35,"key":"PowerPotion"},{"floor":39,"key":"Regen Potion"},{"floor":42,"key":"Block Potion"}],"is_trial":false,"path_per_floor":["M","M","?","?","$","E","M","E","T","?","$","M","R","M","R","B",null,"M","?","?","M","M","R","?","M","T","R","M","R","M","M","R","B",null,"M","?","M","?","M","R","E","M","T","M","R","M","M","$","R","B",null],"character_chosen":"WATCHER","items_purchased":["Prostrate+1","Vajra","BattleHymn","TheAbacus"],"campfire_rested":5,"item_purchase_floors":[11,11,48,48],"current_hp_per_floor":[72,72,72,77,77,77,76,39,49,38,38,38,64,64,64,49,87,81,64,64,52,52,52,52,42,42,42,34,61,47,47,74,53,92,87,87,84,84,84,84,67,54,54,36,63,58,40,40,67,33],"gold":58,"neow_bonus":"THREE_ENEMY_KILL","is_daily":false,"chose_seed":false,"campfire_upgraded":1,"win_rate":0.0,"timestamp":1612587123,"path_taken":["M","M","?","?","$","E","?","E","T","?","?","M","R","M","R","BOSS","M","?","?","M","M","R","?","?","T","R","?","R","M","M","R","BOSS","M","?","?","?","M","R","E","M","T","M","R","?","M","$","R","BOSS"],"items_purchased_type":["Card","Relic","Card","Relic"],"build_version":"2020-12-22","purchased_purges":2,"victory":true,"max_hp_per_floor":[72,72,72,77,77,77,77,77,87,87,87,87,87,87,87,87,87,87,92,92,92,92,92,92,92,92,92,92,92,92,92,92,92,92,92,92,92,92,92,92,92,92,92,92,92,92,92,92,92,92],"card_choices":[{"not_picked":["Crescendo","EmptyBody","ThirdEye"],"picked":"SKIP","floor":1.0},{"not_picked":["Fasting2","EmptyMind","ThirdEye"],"picked":"SKIP","floor":2.0},{"not_picked":["Consecrate","CrushJoints"],"picked":"DeusExMachina+1","floor":6.0},{"not_picked":["Evaluate+1","Protect+1"],"picked":"Prostrate+1","floor":7.0},{"not_picked":["Indignation+1","EmptyBody+1"],"picked":"Evaluate+1","floor":8.0},{"not_picked":["FlurryOfBlows","Wireheading"],"picked":"BowlingBash","floor":12.0},{"not_picked":["Collect+1","FollowUp"],"picked":"BowlingBash","floor":14.0},{"not_picked":["Establishment","Omniscience+1"],"picked":"Judgement+1","floor":16.0},{"not_picked":["FollowUp","Crescendo+1"],"picked":"SandsOfTime","floor":18.0},{"not_picked":["BowlingBash","EmptyMind+1","SignatureMove"],"picked":"SKIP","floor":21.0},{"not_picked":["FlyingSleeves","Protect+1"],"picked":"CutThroughFate+1","floor":22.0},{"not_picked":["Study+1","FlurryOfBlows"],"picked":"CarveReality+1","floor":25.0},{"not_picked":["FollowUp","Halt+1"],"picked":"WindmillStrike","floor":28.0},{"not_picked":["ThirdEye+1","TalkToTheHand"],"picked":"Worship+1","floor":30.0},{"not_picked":["Adaptation+1","InnerPeace+1"],"picked":"Pray+1","floor":31.0},{"not_picked":["MasterReality","LessonLearned"],"picked":"Brilliance","floor":33.0},{"not_picked":["Consecrate","Nirvana+1","FlurryOfBlows+1"],"picked":"SKIP","floor":35},{"not_picked":["InnerPeace+1","FearNoEvil"],"picked":"Prostrate+1","floor":37},{"not_picked":["PathToVictory+1","SandsOfTime+1"],"picked":"Evaluate+1","floor":39},{"not_picked":["JustLucky","SpiritShield+1","Protect+1"],"picked":"SKIP","floor":41},{"not_picked":["EmptyFist+1","Protect+1"],"picked":"Wallop+1","floor":42},{"not_picked":["JustLucky+1","Crescendo+1"],"picked":"Devotion","floor":44},{"not_picked":["JustLucky+1","Consecrate","Fasting2"],"picked":"SKIP","floor":46},{"not_picked":["Evaluate+1","FlyingSleeves+1","Crescendo+1"],"picked":"SKIP","floor":47}],"player_experience":302711,"relics_obtained":[{"floor":6.0,"key":"Toxic Egg 2"},{"floor":8.0,"key":"Letter Opener"},{"floor":9.0,"key":"Pear"},{"floor":17.0,"key":"Nunchaku"},{"floor":17.0,"key":"TeardropLocket"},{"floor":17.0,"key":"Girya"},{"floor":26.0,"key":"Bottled Lightning"},{"floor":41,"key":"Anchor"},{"floor":43,"key":"Kunai"}],"event_choices":[{"damage_healed":0.0,"max_hp_gain":0.0,"max_hp_loss":0.0,"gold_gain":0.0,"event_name":"Liars Game","player_choice":"Ignored","floor":3.0,"gold_loss":0.0,"damage_taken":0.0},{"damage_healed":0.0,"max_hp_gain":0.0,"max_hp_loss":0.0,"gold_gain":0.0,"event_name":"Lab","player_choice":"Got Potions","floor":4.0,"gold_loss":0.0,"damage_taken":0.0},{"damage_healed":0.0,"max_hp_gain":0.0,"max_hp_loss":0.0,"gold_gain":75.0,"event_name":"World of Goop","player_choice":"Gather Gold","floor":10.0,"gold_loss":0.0,"damage_taken":11.0},{"damage_healed":0.0,"max_hp_gain":5.0,"max_hp_loss":0.0,"gold_gain":0.0,"event_name":"Forgotten Altar","player_choice":"Shed Blood","floor":19.0,"gold_loss":0.0,"damage_taken":22.0},{"damage_healed":0.0,"max_hp_gain":0.0,"max_hp_loss":0.0,"gold_gain":0.0,"event_name":"Addict","player_choice":"Obtained Relic","floor":20.0,"gold_loss":85.0,"damage_taken":0.0,"relics_obtained":["Akabeko"]},{"damage_healed":0.0,"max_hp_gain":0.0,"max_hp_loss":0.0,"gold_gain":0.0,"event_name":"Ghosts","player_choice":"Ignored","floor":24.0,"gold_loss":0.0,"damage_taken":0.0},{"cards_removed":["CutThroughFate"],"damage_healed":0,"gold_gain":0,"player_choice":"Took Card","damage_taken":0,"max_hp_gain":0,"max_hp_loss":0,"event_name":"NoteForYourself","floor":36,"gold_loss":0,"cards_obtained":["Enlightenment"]},{"damage_healed":0,"gold_gain":0,"player_choice":"0 cards matched","damage_taken":0,"max_hp_gain":0,"max_hp_loss":0,"event_name":"Match and Keep!","floor":38,"gold_loss":0,"cards_obtained":[]}],"is_beta":false,"boss_relics":[{"not_picked":["Cursed Key","Busted Crown"],"picked":"Calling Bell"},{"not_picked":["Runic Pyramid","HolyWater"],"picked":"VioletLotus"}],"items_purged_floors":[11,48],"is_endless":false,"potions_floor_spawned":[7,14,16,22,25,28,31,35,39,42,47],"ascension_level":1}}