{"host":"ynimr9ugvc6f046i","time":1612601023,"event":{"mods":["2.2 Compatiblity","BaseMod","Colored Map","DeckTracker","Highlight Path","Keyboard Shortcuts","Minty Spire (QoL Compilation)","Permanent Neow","Quick Restart","StSLib","SuperFastMode"],"gold_per_floor":[112,130,146,160,174,174,199,210,210,242,242,142,142,142,142,142,142],"floor_reached":16,"language":"KOR","playtime":288,"items_purged":["Strike_B"],"score":224,"play_id":"8430cfd9-9c6b-4f9b-ad9f-b95da24229ac","local_time":"20210206174343","is_ascension_mode":true,"campfire_choices":[{"data":"Chaos","floor":6.0,"key":"SMITH"},{"floor":11.0,"key":"REST"},{"data":"Coolheaded","floor":15.0,"key":"SMITH"}],"circlet_count":0,"master_deck":["AscendersBane","Strike_B","Strike_B","Defend_B","Defend_B","Defend_B","Defend_B","Zap","Dualcast","Core Surge","Auto Shields","Cold Snap","Chaos+1","Self Repair","FTL","Capacitor+1","Coolheaded+1"],"relics":["Cracked Core","Toy Ornithopter","The Courier","Gambling Chip"],"acts_visited":["Exordium"],"potions_floor_usage":[16],"damage_taken":[{"damage":1.0,"enemies":"Cultist","floor":1.0,"turns":3.0},{"damage":3.0,"enemies":"Jaw Worm","floor":2.0,"turns":3.0},{"damage":0.0,"enemies":"2 Louse","floor":3.0,"turns":1.0},{"damage":2.0,"enemies":"Looter","floor":4.0,"turns":3.0},{"damage":16.0,"enemies":"Exordium Thugs","floor":5.0,"turns":5.0},{"damage":26.0,"enemies":"3 Sentries","floor":7.0,"turns":9.0},{"damage":0.0,"enemies":"Exordium Wildlife","floor":8.0,"turns":4.0},{"damage":30.0,"enemies":"Lagavulin","floor":10.0,"turns":5.0},{"damage":32,"enemies":"Slime Boss","floor":16,"turns":3}],"seed_played":"416413420989814812","potions_obtained":[{"floor":3.0,"key":"EntropicBrew"},{"floor":4.0,"key":"Energy Potion"}],"is_trial":false,"path_per_floor":["M","M","M","M","M","R","E","M","T","E","R","$","?","?","R","B"],"character_chosen":"DEFECT","items_purchased":["Coolheaded"],"campfire_rested":1,"item_purchase_floors":[12],"current_hp_per_floor":[63,60,60,58,42,42,23,30,30,12,33,33,26,26,26,0,0],"gold":142,"neow_bonus":"ONE_RANDOM_RARE_CARD","is_daily":false,"chose_seed":false,"campfire_upgraded":2,"win_rate":0.0,"timestamp":1612601023,"path_taken":["M","M","?","M","M","R","E","M","T","E","R","$","?","?","R","BOSS"],"items_purchased_type":["Card"],"build_version":"2020-12-22","purchased_purges":1,"victory":false,"max_hp_per_floor":[71,71,71,71,71,71,71,71,71,71,71,71,71,71,71,71,71],"card_choices":[{"not_picked":["Barrage","Melter"],"picked":"Auto Shields","floor":1.0},{"not_picked":["Reinforced Body","Hologram","Gash"],"picked":"SKIP","floor":2.0},{"not_picked":["Skim","Lockon"],"picked":"Cold Snap","floor":3.0},{"not_picked":["Streamline","Lockon"],"picked":"Chaos","floor":4.0},{"not_picked":["Coolheaded","Fusion"],"picked":"Self Repair","floor":5.0},{"not_picked":["Multi-Cast","Beam Cell"],"picked":"FTL","floor":7.0},{"not_picked":["Stack","Compile Driver"],"picked":"Capacitor","floor":8.0},{"not_picked":["Static Discharge","Go for the Eyes","Steam Power"],"picked":"SKIP","floor":10.0}],"player_experience":558074,"relics_obtained":[{"floor":7.0,"key":"Toy Ornithopter"},{"floor":9.0,"key":"The Courier"},{"floor":10.0,"key":"Gambling Chip"}],"event_choices":[{"cards_removed":["Strike_B"],"damage_healed":0.0,"max_hp_gain":0.0,"max_hp_loss":0.0,"gold_gain":0.0,"event_name":"Golden Wing","player_choice":"Card Removal","floor":13.0,"gold_loss":0.0,"damage_taken":7.0},{"damage_healed":0.0,"max_hp_gain":0.0,"max_hp_loss":0.0,"gold_gain":0.0,"event_name":"Accursed Blacksmith","player_choice":"Forge","floor":14.0,"gold_loss":0.0,"damage_taken":0.0,"cards_upgraded":["Capacitor"]}],"is_beta":false,"boss_relics":[],"items_purged_floors":[12],"is_endless":false,"potions_floor_spawned":[3,4,7,8],"killed_by":"Slime Boss","ascension_level":20}}