{"host":"36t3qd3wjvajtu1z","time":1612575105,"event":{"mods":["2.2 Compatiblity","AchievementEnabler","BaseMod","Block Reminder","Colored Map","Colored Powertips","Minty Spire (QoL Compilation)","Permanent Neow","Quick Restart","Random Character Button","Rare Cards Sparkle","Relic Stats","Slay-I","StSLib"],"gold_per_floor":[118,118,129,140,153,153,184,234,234,234,3,66,93,93,93,166,166,177,191,116,126,144,173,173,173,173,208,218,67,80,98,98,171,471,483,483,532,544,562,562,592,151,151,151,151,162,37,70,70,70],"floor_reached":51,"language":"ENG","playtime":2997,"items_purged":["Strike_G","Strike_G","Strike_G+1"],"score":1312,"play_id":"fec1601f-ac69-4271-b0a3-b323164cab1b","local_time":"20210205173145","is_ascension_mode":true,"campfire_choices":[{"data":"Cloak And Dagger","floor":6,"key":"SMITH"},{"data":"After Image","floor":10,"key":"SMITH"},{"floor":15,"key":"REST"},{"data":"Accuracy","floor":25,"key":"SMITH"},{"data":"Accuracy","floor":32,"key":"SMITH"},{"data":"Apotheosis","floor":40,"key":"SMITH"},{"data":"Well Laid Plans","floor":45,"key":"SMITH"},{"data":"Noxious Fumes","floor":49,"key":"SMITH"}],"circlet_count":0,"master_deck":["AscendersBane","Defend_G+1","Defend_G","Defend_G","Defend_G","Defend_G","Survivor+1","Neutralize","After Image+1","Blade Dance","Cloak And Dagger+1","Deadly Poison","Well Laid Plans+1","PiercingWail","Noxious Fumes+1","Corpse Explosion","Cloak And Dagger","Accuracy+1","Blur","Blade Dance","Accuracy+1","Backflip","Acrobatics","Flechettes","Storm of Steel","Trip+1","Apotheosis+1","Discovery","Footwork","Crippling Poison","Terror"],"relics":["Ring of the Snake","Paper Crane","Bag of Preparation","Ornamental Fan","Lantern","Omamori","StoneCalendar","Busted Crown","Pocketwatch","Thread and Needle","Bottled Tornado","Calling Bell","Juzu Bracelet","Mercury Hourglass","Old Coin","Vajra","War Paint","Oddly Smooth Stone","Bag of Marbles","Prayer Wheel","PreservedInsect","Singing Bowl"],"acts_visited":["Exordium","TheCity","TheBeyond"],"potions_floor_usage":[7,22,23,23,28,33,41,50],"damage_taken":[{"damage":8.0,"enemies":"Jaw Worm","floor":1.0,"turns":8.0},{"damage":0.0,"enemies":"2 Louse","floor":3.0,"turns":3.0},{"damage":0.0,"enemies":"Cultist","floor":4.0,"turns":4.0},{"damage":2,"enemies":"Exordium Wildlife","floor":5,"turns":5},{"damage":9,"enemies":"Lagavulin","floor":7,"turns":7},{"damage":7,"enemies":"3 Sentries","floor":12,"turns":9},{"damage":2,"enemies":"3 Sentries","floor":13,"turns":8},{"damage":2,"enemies":"The Guardian","floor":16,"turns":9},{"damage":0,"enemies":"3 Byrds","floor":18,"turns":2},{"damage":0,"enemies":"Chosen","floor":19,"turns":5},{"damage":0,"enemies":"3 Cultists","floor":21,"turns":3},{"damage":3,"enemies":"Sentry and Sphere","floor":22,"turns":4},{"damage":0,"enemies":"Book of Stabbing","floor":23,"turns":7},{"damage":0,"enemies":"Slavers","floor":27,"turns":3},{"damage":0,"enemies":"Chosen and Byrds","floor":28,"turns":7},{"damage":0,"enemies":"Shelled Parasite and Fungi","floor":30,"turns":4},{"damage":0,"enemies":"Centurion and Healer","floor":31,"turns":3},{"damage":22,"enemies":"Automaton","floor":33,"turns":8},{"damage":0,"enemies":"Orb Walker","floor":35,"turns":2},{"damage":3,"enemies":"3 Shapes","floor":38,"turns":2},{"damage":0,"enemies":"Writhing Mass","floor":39,"turns":5},{"damage":6,"enemies":"Nemesis","floor":41,"turns":5},{"damage":0,"enemies":"Maw","floor":46,"turns":5},{"damage":0,"enemies":"Reptomancer","floor":48,"turns":4},{"damage":27,"enemies":"Awakened One","floor":50,"turns":12}],"seed_played":"-6875632116629425925","potions_obtained":[{"floor":1.0,"key":"EssenceOfSteel"},{"floor":7,"key":"LiquidBronze"},{"floor":16,"key":"SkillPotion"},{"floor":22,"key":"Dexterity Potion"},{"floor":27,"key":"Fruit Juice"},{"floor":28,"key":"PowerPotion"},{"floor":31,"key":"Fire Potion"},{"floor":33,"key":"BlessingOfTheForge"},{"floor":46,"key":"Swift Potion"},{"floor":48,"key":"Weak Potion"}],"is_trial":false,"path_per_floor":["M","?","M","M","M","R","E","T","T","R","$","?","E","?","R","B",null,"M","M","?","M","M","E","?","R","T","E","M","$","M","M","R","B",null,"M","?","T","M","M","R","E","$","T","T","R","M","$","E","R","B",null],"character_chosen":"THE_SILENT","items_purchased":["Lantern","Blade Dance","Accuracy","Backflip","Crippling Poison","Oddly Smooth Stone","Bag of Marbles"],"campfire_rested":1,"item_purchase_floors":[11,29,29,29,42,42,42],"current_hp_per_floor":[55,41,41,41,39,39,30,30,30,30,30,23,21,21,42,40,63,63,63,63,63,60,60,60,60,60,60,65,65,65,65,65,43,67,67,57,57,54,54,54,48,48,48,48,48,48,48,50,50,23],"gold":70,"neow_bonus":"ONE_RANDOM_RARE_CARD","is_daily":false,"chose_seed":false,"campfire_upgraded":7,"win_rate":0.0,"timestamp":1612575105,"path_taken":["M","?","M","M","M","R","E","?","T","R","?","?","E","?","R","BOSS","M","M","?","M","M","E","?","R","T","E","M","$","M","M","R","BOSS","M","?","?","M","M","R","E","$","T","?","R","M","$","E","R","BOSS"],"items_purchased_type":["Relic","Card","Card","Card","Card","Relic","Relic"],"build_version":"2020-12-22","purchased_purges":3,"victory":true,"max_hp_per_floor":[70,70,70,70,70,70,70,70,70,70,70,70,70,70,70,70,70,70,70,70,70,70,70,70,70,70,70,75,75,75,75,75,75,75,75,75,75,75,75,75,75,75,75,75,75,75,75,77,77,77],"relic_stats":{"Singing Bowl":2,"counters":[25,134],"StoneCalendar":[133],"PreservedInsect":63,"Bag of Preparation":[40],"Juzu Bracelet":0,"War Paint":["Defend_G","Trip"],"Mercury Hourglass":[143],"Busted Crown":42,"Ornamental Fan":[264],"Prayer Wheel":1,"obtain_stats":[{"Lantern":11,"Singing Bowl":48,"Vajra":37,"Oddly Smooth Stone":42,"StoneCalendar":13,"Thread and Needle":26,"PreservedInsect":44,"Bag of Preparation":8,"Omamori":12,"Juzu Bracelet":34,"Paper Crane":7,"Bottled Tornado":27,"War Paint":41,"Mercury Hourglass":34,"Old Coin":34,"Calling Bell":34,"Busted Crown":17,"Ornamental Fan":9,"Prayer Wheel":43,"Bag of Marbles":42,"Ring of the Snake":0,"Pocketwatch":23},{"Lantern":5,"Singing Bowl":24,"Vajra":19,"Oddly Smooth Stone":22,"StoneCalendar":7,"Thread and Needle":13,"PreservedInsect":22,"Bag of Preparation":5,"Omamori":6,"Juzu Bracelet":18,"Paper Crane":5,"Bottled Tornado":14,"War Paint":22,"Mercury Hourglass":18,"Old Coin":18,"Calling Bell":18,"Busted Crown":8,"Ornamental Fan":5,"Prayer Wheel":22,"Bag of Marbles":22,"Ring of the Snake":0,"Pocketwatch":13},{"Lantern":27,"Singing Bowl":122,"Vajra":101,"Oddly Smooth Stone":113,"StoneCalendar":44,"Thread and Needle":74,"PreservedInsect":113,"Bag of Preparation":27,"Omamori":36,"Juzu Bracelet":99,"Paper Crane":27,"Bottled Tornado":77,"War Paint":113,"Mercury Hourglass":99,"Old Coin":99,"Calling Bell":99,"Busted Crown":53,"Ornamental Fan":27,"Prayer Wheel":113,"Bag of Marbles":113,"Ring of the Snake":0,"Pocketwatch":74}],"Ring of the Snake":[50],"Pocketwatch":[12]},"card_choices":[{"not_picked":["Leg Sweep","PiercingWail"],"picked":"Blade Dance","floor":1.0},{"not_picked":["Deflect","Setup"],"picked":"Cloak And Dagger","floor":3.0},{"not_picked":["Flying Knee","Bane"],"picked":"Deadly Poison","floor":4.0},{"not_picked":["Deflect","Backflip"],"picked":"Well Laid Plans","floor":5},{"not_picked":["Masterful Stab","All Out Attack"],"picked":"PiercingWail","floor":7},{"not_picked":["Flying Knee","Blur"],"picked":"Noxious Fumes","floor":12},{"not_picked":["Outmaneuver","Sucker Punch","Masterful Stab"],"picked":"SKIP","floor":13},{"not_picked":["Unload","Venomology"],"picked":"Corpse Explosion","floor":16},{"not_picked":[],"picked":"Cloak And Dagger","floor":18},{"not_picked":[],"picked":"Accuracy","floor":19},{"not_picked":[],"picked":"Blur","floor":21},{"not_picked":["Underhanded Strike+1"],"picked":"SKIP","floor":22},{"not_picked":["Underhanded Strike+1"],"picked":"SKIP","floor":22},{"not_picked":["Deflect"],"picked":"SKIP","floor":23},{"not_picked":["Well Laid Plans"],"picked":"SKIP","floor":27},{"not_picked":["Prepared"],"picked":"SKIP","floor":28},{"not_picked":[],"picked":"Acrobatics","floor":30},{"not_picked":[],"picked":"Flechettes","floor":31},{"not_picked":[],"picked":"Storm of Steel","floor":33},{"not_picked":["Dagger Throw+1"],"picked":"SKIP","floor":35},{"not_picked":[],"picked":"Trip","floor":36},{"not_picked":[],"picked":"Apotheosis","floor":36},{"not_picked":[],"picked":"Discovery","floor":36},{"not_picked":["Reflex"],"picked":"SKIP","floor":38},{"not_picked":[],"picked":"Footwork","floor":39},{"not_picked":["Reflex"],"picked":"SKIP","floor":41},{"not_picked":[],"picked":"Terror","floor":46},{"not_picked":["Flying Knee+1"],"picked":"SKIP","floor":46},{"not_picked":["Flechettes"],"picked":"Singing Bowl","floor":48}],"player_experience":403258,"relics_obtained":[{"floor":7,"key":"Paper Crane"},{"floor":8,"key":"Bag of Preparation"},{"floor":9,"key":"Ornamental Fan"},{"floor":12,"key":"Omamori"},{"floor":13,"key":"StoneCalendar"},{"floor":23,"key":"Pocketwatch"},{"floor":26,"key":"Thread and Needle"},{"floor":27,"key":"Bottled Tornado"},{"floor":34,"key":"Juzu Bracelet"},{"floor":34,"key":"Mercury Hourglass"},{"floor":34,"key":"Old Coin"},{"floor":37,"key":"Vajra"},{"floor":41,"key":"War Paint"},{"floor":43,"key":"Prayer Wheel"},{"floor":44,"key":"PreservedInsect"},{"floor":48,"key":"Singing Bowl"}],"event_choices":[{"damage_healed":0.0,"max_hp_gain":0.0,"max_hp_loss":0.0,"gold_gain":0.0,"event_name":"Shining Light","player_choice":"Entered Light","floor":2.0,"gold_loss":0.0,"damage_taken":14.0,"cards_upgraded":["Survivor","Strike_G"]},{"damage_healed":0,"gold_gain":0,"player_choice":"Searched \u00271\u0027 times","damage_taken":0,"max_hp_gain":0,"max_hp_loss":0,"event_name":"Dead Adventurer","floor":12,"gold_loss":0},{"cards_removed":["Strike_G"],"damage_healed":0,"gold_gain":0,"player_choice":"Purged","damage_taken":0,"max_hp_gain":0,"max_hp_loss":0,"event_name":"Purifier","floor":14,"gold_loss":0},{"cards_removed":["Strike_G"],"damage_healed":0,"gold_gain":0,"player_choice":"Gave Gold","damage_taken":0,"max_hp_gain":0,"max_hp_loss":0,"event_name":"Beggar","floor":20,"gold_loss":75},{"damage_healed":0,"gold_gain":0,"player_choice":"Ignored","damage_taken":0,"max_hp_gain":0,"max_hp_loss":0,"event_name":"Vampires","floor":24,"gold_loss":0},{"damage_healed":0,"gold_gain":0,"player_choice":"Memory 3","damage_taken":10,"max_hp_gain":0,"max_hp_loss":0,"event_name":"SensoryStone","floor":36,"gold_loss":0}],"is_beta":false,"boss_relics":[{"not_picked":["Empty Cage","Tiny House"],"picked":"Busted Crown"},{"not_picked":["Coffee Dripper","Cursed Key"],"picked":"Calling Bell"}],"items_purged_floors":[11,42,47],"is_endless":false,"potions_floor_spawned":[1,7,16,19,22,27,28,31,33,46,48],"ascension_level":13}}