{"host":"fdip6nj211smoxvi","time":1612620618,"event":{"mods":["BaseMod","BetterRewards","Colored Map","Downfall","Hermit","Minty Spire (QoL Compilation)","Shop Mod","StSLib","The Hierophant","The Servant 0.9.4"],"gold_per_floor":[112,112,112,127,143,178,178,217,217,233,233,262,288,319,319,449,449,464,118,118,138,158,197,197,197,271,301,318,348,348,367,367,367,367],"floor_reached":33,"language":"DEU","playtime":1888,"items_purged":["Strike_R"],"score":420,"play_id":"5b444e57-2313-4b01-87c0-44d32a83029e","local_time":"20210206151018","is_ascension_mode":true,"campfire_choices":[{"data":"Immolate","floor":7,"key":"SMITH"},{"floor":15,"key":"REST"},{"floor":25,"key":"REST"},{"floor":30,"key":"REST"},{"data":"Bash","floor":32,"key":"SMITH"}],"circlet_count":0,"master_deck":["Strike_R","Strike_R","Strike_R","Strike_R","Defend_R","Defend_R","Defend_R","Defend_R","Bash+1","True Grit","Cleave","Ghostly Armor","Immolate+1","Rupture","Cleave","Rampage","Dropkick","Impervious","True Grit","Sword Boomerang+1","Disarm+1","Flex+1"],"relics":["Burning Blood","Bloody Idol","Smiling Mask","Bottled Lightning","Nunchaku","Odd Mushroom","Bag of Marbles","Shuriken","Mark of Pain","Orichalcum","Enchiridion","Pen Nib","HornCleat","Bronze Scales","Toy Ornithopter"],"acts_visited":["Exordium","TheCity"],"potions_floor_usage":[6,6,14,14,16,16,16,16,18,18,27,29,33],"damage_taken":[{"damage":11,"enemies":"2 Louse","floor":1,"turns":3},{"damage":2,"enemies":"Small Slimes","floor":4,"turns":4},{"damage":4,"enemies":"Cultist","floor":5,"turns":4},{"damage":20,"enemies":"Lagavulin","floor":6,"turns":5},{"damage":16,"enemies":"Gremlin Nob","floor":8,"turns":3},{"damage":9,"enemies":"Blue Slaver","floor":10,"turns":3},{"damage":0,"enemies":"The Mushroom Lair","floor":12,"turns":2},{"damage":21,"enemies":"Lagavulin","floor":14,"turns":4},{"damage":67,"enemies":"The Guardian","floor":16,"turns":9},{"damage":6,"enemies":"Chosen","floor":18,"turns":4},{"damage":7,"enemies":"2 Thieves","floor":21,"turns":3},{"damage":2,"enemies":"Snake Plant","floor":22,"turns":3},{"damage":48,"enemies":"Gremlin Leader","floor":23,"turns":5},{"damage":39,"enemies":"Book of Stabbing","floor":27,"turns":5},{"damage":0,"enemies":"Sentry and Sphere","floor":28,"turns":3},{"damage":43,"enemies":"Gremlin Leader","floor":29,"turns":5},{"damage":0,"enemies":"Snecko","floor":31,"turns":3},{"damage":93,"enemies":"Champ","floor":33,"turns":10}],"seed_played":"922584044526121985","potions_obtained":[{"floor":3,"key":"SneckoOil"},{"floor":3,"key":"Ancient Potion"},{"floor":3,"key":"Swift Potion"},{"floor":4,"key":"Block Potion"},{"floor":6,"key":"Swift Potion"},{"floor":10,"key":"EntropicBrew"},{"floor":14,"key":"Explosive Potion"},{"floor":16,"key":"FairyPotion"},{"floor":18,"key":"champ:CounterPotion"},{"floor":22,"key":"BloodPotion"},{"floor":31,"key":"SkillPotion"}],"is_trial":false,"path_per_floor":["M","?","?","M","M","E","R","E","T","M","?","?","T","E","R","B",null,"M","$","?","M","M","E","?","R","T","E","M","E","R","M","R","B"],"character_chosen":"IRONCLAD","items_purchased":["Impervious","Orichalcum"],"campfire_rested":3,"item_purchase_floors":[19,19],"current_hp_per_floor":[75,75,75,79,81,67,67,57,57,54,54,60,60,45,69,24,67,67,67,51,50,54,12,12,36,41,29,40,35,59,70,70,0,0],"gold":367,"neow_bonus":"TEN_PERCENT_HP_BONUS","is_daily":false,"chose_seed":false,"campfire_upgraded":2,"win_rate":0.0,"timestamp":1612620618,"path_taken":["M","?","?","M","?","E","R","E","T","M","?","?","?","E","R","BOSS","M","$","?","M","M","E","?","R","T","E","M","E","R","M","R","BOSS"],"items_purchased_type":["Card","Relic"],"build_version":"2020-12-22","purchased_purges":1,"victory":false,"max_hp_per_floor":[88,81,81,81,81,81,81,81,81,81,81,81,81,81,81,81,81,81,81,81,81,81,81,81,81,81,81,81,81,81,81,81,81,81],"card_choices":[{"not_picked":["Twin Strike","Metallicize"],"picked":"True Grit","floor":1},{"not_picked":["Warcry","Clash"],"picked":"Cleave","floor":4},{"not_picked":["Twin Strike","Infernal Blade"],"picked":"Ghostly Armor","floor":5},{"not_picked":["Evolve","True Grit"],"picked":"Immolate","floor":6},{"not_picked":["Iron Wave","Disarm"],"picked":"Rupture","floor":8},{"not_picked":["Twin Strike","Rupture"],"picked":"Cleave","floor":10},{"not_picked":["Perfected Strike","Warcry"],"picked":"Rampage","floor":12},{"not_picked":["Cleave","Berserk","Armaments"],"picked":"SKIP","floor":14},{"not_picked":["Anger","Body Slam"],"picked":"Dropkick","floor":18},{"not_picked":["Havoc","Iron Wave"],"picked":"True Grit","floor":21},{"not_picked":["Armaments","Heavy Blade","Second Wind"],"picked":"SKIP","floor":22},{"not_picked":["Cleave+1","Rampage+1"],"picked":"Sword Boomerang+1","floor":23},{"not_picked":["Bludgeon","Barricade"],"picked":"Disarm+1","floor":27},{"not_picked":["Wild Strike","Iron Wave"],"picked":"Flex+1","floor":28},{"not_picked":["Clash","Sword Boomerang","Armaments"],"picked":"SKIP","floor":29},{"not_picked":["Flex","Twin Strike","Perfected Strike"],"picked":"SKIP","floor":31}],"player_experience":247819,"relics_obtained":[{"floor":6,"key":"Smiling Mask"},{"floor":8,"key":"Bottled Lightning"},{"floor":9,"key":"Nunchaku"},{"floor":12,"key":"Odd Mushroom"},{"floor":13,"key":"Bag of Marbles"},{"floor":14,"key":"Shuriken"},{"floor":20,"key":"Enchiridion"},{"floor":23,"key":"Pen Nib"},{"floor":26,"key":"HornCleat"},{"floor":27,"key":"Bronze Scales"},{"floor":29,"key":"Toy Ornithopter"}],"event_choices":[{"damage_healed":0,"gold_gain":0,"player_choice":"Lose Max HP","damage_taken":0,"relics_obtained":["Golden Idol"],"max_hp_gain":0,"max_hp_loss":7,"event_name":"Golden Idol","floor":2,"gold_loss":0},{"damage_healed":0,"gold_gain":0,"player_choice":"Got Potions","damage_taken":0,"max_hp_gain":0,"max_hp_loss":0,"event_name":"Lab","floor":3,"gold_loss":0},{"damage_healed":0,"gold_gain":0,"player_choice":"Ignored","damage_taken":0,"max_hp_gain":0,"max_hp_loss":0,"event_name":"Liars Game","floor":11,"gold_loss":0},{"damage_healed":0,"gold_gain":0,"player_choice":"Fought Mushrooms","damage_taken":0,"max_hp_gain":0,"max_hp_loss":0,"event_name":"Mushrooms","floor":12,"gold_loss":0},{"damage_healed":0,"gold_gain":0,"player_choice":"Obtained Book","damage_taken":16,"max_hp_gain":0,"max_hp_loss":0,"event_name":"Cursed Tome","floor":20,"gold_loss":0},{"damage_healed":0,"gold_gain":0,"player_choice":"Gave Idol","damage_taken":0,"relics_obtained":["Bloody Idol"],"max_hp_gain":0,"max_hp_loss":0,"event_name":"Forgotten Altar","floor":24,"relics_lost":["Golden Idol"],"gold_loss":0}],"is_beta":false,"boss_relics":[{"not_picked":["SacredBark","Runic Cube"],"picked":"Mark of Pain"}],"items_purged_floors":[19],"is_endless":false,"potions_floor_spawned":[4,6,10,14,16,18,21,22,31],"killed_by":"Champ","ascension_level":6}}