{"host":"b7j598ve05halrwk","time":1612592616,"event":{"mods":["2.2 Compatiblity","BaseMod","Block Reminder","DeckTracker","Minty Spire (QoL Compilation)","Relic Stats","Slay the Relics Exporter","StSLib","ojb\u0027s Better Paths Mod","ojb\u0027s Info Mod"],"gold_per_floor":[18,18,93,43,56,85,85,116,141,152,44,44,59,93,93,168,168,179,198,198,24,44,44,73,73,73,173,173,193,193,220,220,297,297,317,330,60,0,0,25,25,58,85,85,98,110,143,162,162,162,162,162,81,114,114],"floor_reached":56,"language":"ENG","playtime":4336,"items_purged":["Strike_R","Strike_R","Decay"],"score":2112,"play_id":"080eae18-fee6-48da-bdc6-3a653240767d","local_time":"20210206012336","is_ascension_mode":true,"campfire_choices":[{"data":"Anger","floor":7.0,"key":"SMITH"},{"data":"True Grit","floor":15.0,"key":"SMITH"},{"data":"Flame Barrier","floor":23.0,"key":"SMITH"},{"data":"Cleave","floor":28.0,"key":"SMITH"},{"data":"Inflame","floor":30.0,"key":"SMITH"},{"data":"Ghostly","floor":32.0,"key":"SMITH"},{"floor":41.0,"key":"RECALL"},{"data":"Feel No Pain","floor":44.0,"key":"SMITH"},{"data":"Bash","floor":49,"key":"SMITH"},{"data":"Power Through","floor":52,"key":"SMITH"}],"circlet_count":0,"master_deck":["AscendersBane","Strike_R","Defend_R+1","Defend_R+1","Defend_R","Bash+1","True Grit+1","Power Through","Uppercut+1","Anger+1","Inflame+1","Whirlwind","Infernal Blade","Feel No Pain+1","Limit Break","Brutality+1","Flame Barrier+1","Power Through+1","Ghostly","Ghostly+1","Ghostly","Ghostly","Ghostly","Rupture+1","Cleave+1","Evolve+1","Dark Embrace+1","Wild Strike","Exhume","Combust+1","Reaper","Madness","Madness","Pummel+1","Headbutt+1","Havoc","Sword Boomerang+1","Dual Wield","Sentinel"],"relics":["Burning Blood","War Paint","Potion Belt","Ancient Tea Set","Frozen Egg 2","Mummified Hand","Runic Cube","Du-Vu Doll","Gremlin Horn","Nunchaku","SlaversCollar","Red Mask","Matryoshka","StoneCalendar","Bottled Flame","PreservedInsect","Self Forming Clay"],"acts_visited":["Exordium","TheCity","TheBeyond","TheEnding"],"potions_floor_usage":[55,55,55,55,55,55,55],"damage_taken":[{"damage":2.0,"enemies":"Small Slimes","floor":1.0,"turns":5.0},{"damage":4.0,"enemies":"Jaw Worm","floor":5.0,"turns":4.0},{"damage":31.0,"enemies":"Lagavulin","floor":6.0,"turns":8.0},{"damage":17.0,"enemies":"3 Sentries","floor":8.0,"turns":8.0},{"damage":0.0,"enemies":"Cultist","floor":10.0,"turns":4.0},{"damage":0.0,"enemies":"2 Fungi Beasts","floor":13.0,"turns":4.0},{"damage":22.0,"enemies":"Lagavulin","floor":14.0,"turns":7.0},{"damage":10.0,"enemies":"The Guardian","floor":16.0,"turns":11.0},{"damage":11.0,"enemies":"3 Byrds","floor":18.0,"turns":6.0},{"damage":15.0,"enemies":"Chosen","floor":19.0,"turns":4.0},{"damage":6.0,"enemies":"Snake Plant","floor":22.0,"turns":4.0},{"damage":6.0,"enemies":"Book of Stabbing","floor":24.0,"turns":7.0},{"damage":4.0,"enemies":"Sentry and Sphere","floor":29.0,"turns":5.0},{"damage":6.0,"enemies":"Slavers","floor":31.0,"turns":5.0},{"damage":19.0,"enemies":"Champ","floor":33.0,"turns":10.0},{"damage":16.0,"enemies":"3 Shapes","floor":35.0,"turns":5.0},{"damage":7.0,"enemies":"Orb Walker","floor":36.0,"turns":5.0},{"damage":21.0,"enemies":"Nemesis","floor":40.0,"turns":7.0},{"damage":11.0,"enemies":"Giant Head","floor":42.0,"turns":7.0},{"damage":12.0,"enemies":"Transient","floor":45.0,"turns":5.0},{"damage":8.0,"enemies":"Jaw Worm Horde","floor":46.0,"turns":5.0},{"damage":11,"enemies":"Reptomancer","floor":47,"turns":7},{"damage":12,"enemies":"3 Darklings","floor":48,"turns":5},{"damage":11,"enemies":"Donu and Deca","floor":50,"turns":7},{"damage":7,"enemies":"Shield and Spear","floor":54,"turns":6},{"damage":27,"enemies":"The Heart","floor":55,"turns":10}],"seed_played":"-8116045929143775412","potions_obtained":[{"floor":6.0,"key":"GamblersBrew"},{"floor":8.0,"key":"AttackPotion"},{"floor":14.0,"key":"Weak Potion"},{"floor":22.0,"key":"ColorlessPotion"},{"floor":24.0,"key":"BloodPotion"},{"floor":33.0,"key":"EntropicBrew"},{"floor":36.0,"key":"SpeedPotion"},{"floor":40.0,"key":"GamblersBrew"},{"floor":47,"key":"GamblersBrew"},{"floor":48,"key":"LiquidBronze"}],"is_trial":false,"path_per_floor":["M","?","?","?","M","E","R","E","T","M","$","?","M","E","R","B",null,"M","M","?","$","M","R","E","?","T","?","R","M","R","E","R","B",null,"M","M","$","?","?","E","R","E","T","R","M","M","E","M","R","B",null,"R","$","E","B",null],"character_chosen":"IRONCLAD","items_purchased":["Feel No Pain","Rupture+1","Reaper","Dual Wield"],"campfire_rested":0,"item_purchase_floors":[11,21,37,53],"current_hp_per_floor":[72,72,61,61,63,38,38,27,27,33,33,33,39,23,23,19,61,56,47,37,37,37,37,37,37,37,37,37,37,37,37,37,24,34,24,23,23,23,18,30,30,37,37,37,31,37,37,37,37,37,37,37,37,37,34],"gold":114,"neow_bonus":"TRANSFORM_TWO_CARDS","is_daily":false,"chose_seed":false,"campfire_upgraded":9,"win_rate":0.0,"timestamp":1612592616,"path_taken":["M","?","?","?","M","E","R","E","T","M","$","?","?","E","R","BOSS","M","M","?","$","M","R","E","?","T","?","R","?","R","E","R","BOSS","M","M","$","?","?","E","R","E","T","R","M","M","E","M","R","BOSS","R","$","E","BOSS"],"items_purchased_type":["Card","Card","Card","Card"],"build_version":"2020-12-22","purchased_purges":3,"victory":true,"max_hp_per_floor":[75,75,75,75,75,75,75,75,75,75,75,75,75,75,75,75,75,75,75,37,37,37,37,37,37,37,37,37,37,37,37,37,37,37,37,37,37,37,37,37,37,37,37,37,37,37,37,37,37,37,37,37,37,37,37],"relic_stats":{"Nunchaku":[13],"Gremlin Horn":[14,14],"counters":[26,161],"Mummified Hand":[112],"Self Forming Clay":[51],"StoneCalendar":[52],"PreservedInsect":77,"War Paint":["Defend_R","Defend_R"],"obtain_stats":[{"Potion Belt":8,"Gremlin Horn":26,"Self Forming Clay":54,"StoneCalendar":42,"PreservedInsect":47,"War Paint":6,"Frozen Egg 2":12,"Ancient Tea Set":9,"Burning Blood":0,"Du-Vu Doll":24,"SlaversCollar":34,"Nunchaku":31,"Bottled Flame":43,"Matryoshka":40,"Mummified Hand":14,"Red Mask":38,"Runic Cube":17},{"Potion Belt":4,"Gremlin Horn":12,"Self Forming Clay":25,"StoneCalendar":19,"PreservedInsect":22,"War Paint":3,"Frozen Egg 2":5,"Ancient Tea Set":4,"Burning Blood":0,"Du-Vu Doll":12,"SlaversCollar":15,"Nunchaku":14,"Bottled Flame":19,"Matryoshka":18,"Mummified Hand":7,"Red Mask":17,"Runic Cube":8},{"Potion Belt":25,"Gremlin Horn":72,"Self Forming Clay":151,"StoneCalendar":116,"PreservedInsect":133,"War Paint":17,"Frozen Egg 2":29,"Ancient Tea Set":25,"Burning Blood":0,"Du-Vu Doll":72,"SlaversCollar":92,"Nunchaku":82,"Bottled Flame":116,"Matryoshka":109,"Mummified Hand":40,"Red Mask":102,"Runic Cube":51}],"Burning Blood":128,"Runic Cube":[147]},"card_choices":[{"not_picked":["Headbutt","Warcry"],"picked":"Uppercut","floor":1.0},{"not_picked":["Thunderclap","Havoc"],"picked":"Anger","floor":5.0},{"not_picked":["Warcry","Heavy Blade"],"picked":"Inflame","floor":6.0},{"not_picked":["Body Slam","Twin Strike"],"picked":"Whirlwind","floor":8.0},{"not_picked":["Heavy Blade","Rage"],"picked":"Infernal Blade","floor":10.0},{"not_picked":["Cleave","Clothesline","Body Slam"],"picked":"SKIP","floor":13.0},{"not_picked":["Intimidate","Spot Weakness"],"picked":"Limit Break","floor":14.0},{"not_picked":["Immolate","Juggernaut+1"],"picked":"Brutality+1","floor":16.0},{"not_picked":["Ghostly Armor","Body Slam"],"picked":"Flame Barrier","floor":18.0},{"not_picked":["Body Slam","Anger"],"picked":"Power Through","floor":19.0},{"not_picked":["Perfected Strike","Shrug It Off"],"picked":"Cleave","floor":22.0},{"not_picked":["Hemokinesis","Searing Blow"],"picked":"Evolve+1","floor":24.0},{"not_picked":["Warcry","Flex+1"],"picked":"Dark Embrace+1","floor":29.0},{"not_picked":["Seeing Red","Twin Strike"],"picked":"Wild Strike","floor":31.0},{"not_picked":["Immolate","Impervious"],"picked":"Exhume","floor":33.0},{"not_picked":["Anger","Armaments"],"picked":"Combust+1","floor":35.0},{"not_picked":["Iron Wave","Entrench","Armaments"],"picked":"SKIP","floor":36.0},{"not_picked":["Rage+1","Clothesline"],"picked":"Pummel+1","floor":40.0},{"not_picked":["Sword Boomerang","Iron Wave"],"picked":"Headbutt+1","floor":42.0},{"not_picked":["Rampage","Pommel Strike","Clash"],"picked":"SKIP","floor":45.0},{"not_picked":["Barricade+1","Heavy Blade"],"picked":"Havoc","floor":46},{"not_picked":["Combust+1","Inflame+1"],"picked":"Sword Boomerang+1","floor":47},{"not_picked":["Entrench+1","Wild Strike+1","Anger"],"picked":"SKIP","floor":48},{"not_picked":["Flex","Headbutt"],"picked":"Sentinel","floor":54}],"player_experience":1106629,"relics_obtained":[{"floor":6.0,"key":"War Paint"},{"floor":8.0,"key":"Potion Belt"},{"floor":9.0,"key":"Ancient Tea Set"},{"floor":14.0,"key":"Mummified Hand"},{"floor":24.0,"key":"Du-Vu Doll"},{"floor":26.0,"key":"Gremlin Horn"},{"floor":31.0,"key":"Nunchaku"},{"floor":40.0,"key":"Matryoshka"},{"floor":42.0,"key":"StoneCalendar"},{"floor":43.0,"key":"Bottled Flame"},{"floor":47,"key":"PreservedInsect"},{"floor":54,"key":"Self Forming Clay"}],"event_choices":[{"damage_healed":0.0,"max_hp_gain":0.0,"max_hp_loss":0.0,"gold_gain":0.0,"event_name":"Living Wall","player_choice":"Grow","floor":2.0,"gold_loss":0.0,"damage_taken":0.0,"cards_upgraded":["Uppercut"]},{"damage_healed":0.0,"max_hp_gain":0.0,"max_hp_loss":0.0,"gold_gain":75.0,"event_name":"World of Goop","player_choice":"Gather Gold","floor":3.0,"gold_loss":0.0,"damage_taken":11.0},{"cards_removed":["Defend_R"],"damage_healed":0.0,"max_hp_gain":0.0,"max_hp_loss":0.0,"gold_gain":0.0,"event_name":"The Cleric","player_choice":"Card Removal","floor":4.0,"gold_loss":50.0,"damage_taken":0.0},{"damage_healed":0.0,"max_hp_gain":0.0,"max_hp_loss":0.0,"gold_gain":0.0,"event_name":"WeMeetAgain","player_choice":"Gave Potion","floor":12.0,"gold_loss":0.0,"damage_taken":0.0,"relics_obtained":["Frozen Egg 2"]},{"damage_healed":0.0,"max_hp_gain":0.0,"max_hp_loss":38.0,"gold_gain":0.0,"event_name":"Ghosts","player_choice":"Became a Ghost","floor":20.0,"gold_loss":0.0,"damage_taken":0.0,"cards_obtained":["Ghostly","Ghostly","Ghostly","Ghostly","Ghostly"]},{"damage_healed":0.0,"max_hp_gain":0.0,"max_hp_loss":0.0,"gold_gain":0.0,"event_name":"Forgotten Altar","player_choice":"Smashed Altar","floor":25.0,"gold_loss":0.0,"damage_taken":0.0,"cards_obtained":["Decay"]},{"damage_healed":0.0,"max_hp_gain":0.0,"max_hp_loss":0.0,"gold_gain":100.0,"event_name":"Golden Shrine","player_choice":"Pray","floor":27.0,"gold_loss":0.0,"damage_taken":0.0},{"damage_healed":0.0,"max_hp_gain":0.0,"max_hp_loss":0.0,"gold_gain":0.0,"event_name":"Tomb of Lord Red Mask","player_choice":"Paid","floor":38.0,"gold_loss":60.0,"damage_taken":0.0,"relics_obtained":["Red Mask"]},{"damage_healed":0.0,"max_hp_gain":0.0,"max_hp_loss":0.0,"gold_gain":0.0,"event_name":"Winding Halls","player_choice":"Embrace Madness","floor":39.0,"gold_loss":0.0,"damage_taken":5.0,"cards_obtained":["Madness","Madness"]}],"is_beta":false,"boss_relics":[{"not_picked":["Cursed Key","Empty Cage"],"picked":"Runic Cube"},{"not_picked":["Velvet Choker","Sozu"],"picked":"SlaversCollar"}],"items_purged_floors":[11,21,37],"is_endless":false,"potions_floor_spawned":[6,8,14,22,24,33,36,40,47,48],"ascension_level":14}}