{"host":"e326moqq81vao3qq","time":1612627117,"event":{"mods":["BaseMod","Colored Powertips","Highlight Path","Minty Spire (QoL Compilation)","Quick Restart","Relic Stats","Spicy Shops","StSLib","The Bug Knight"],"gold_per_floor":[109,109,126,145,145,145,180,198,198,198,216,216,229,239,239,335,335,351,368,368,368],"floor_reached":20,"language":"ENG","playtime":1077,"items_purged":[],"score":187,"play_id":"5a449a54-21b3-4b84-9ab0-528e337cea8a","local_time":"20210206105837","is_ascension_mode":true,"campfire_choices":[{"data":"HollowMod:InfectedCysts","floor":6,"key":"SMITH"},{"data":"HollowMod:InfectionAssault","floor":10,"key":"SMITH"},{"data":"HollowMod:MothsMistake","floor":12,"key":"SMITH"},{"data":"HollowMod:NewGlowingWomb","floor":15,"key":"SMITH"}],"circlet_count":0,"master_deck":["HollowMod:NailStrikeStart","HollowMod:NailStrikeStart","HollowMod:NailStrikeStart","HollowMod:QuickDashStart","HollowMod:QuickDashStart","HollowMod:QuickDashStart","HollowMod:QuickDashStart","HollowMod:FocusHealStart","HollowMod:PogoStrike","Dramatic Entrance","HollowMod:MothsMistake+1","HollowMod:InfectedAttack","HollowMod:InfectedCysts+1","HollowMod:InfectionAssault+1","HollowMod:CloakDash","HollowMod:BrokenVessel","HollowMod:NewGlowingWomb+1","HollowMod:ZotesMagnificence","HollowMod:CloakDash"],"relics":["HollowMod:VesselMask","Blood Vial","Eternal Feather","Snecko Eye"],"acts_visited":["Exordium","TheCity"],"potions_floor_usage":[16,19],"damage_taken":[{"damage":1,"enemies":"Jaw Worm","floor":1,"turns":5},{"damage":1,"enemies":"2 Louse","floor":3,"turns":3},{"damage":0,"enemies":"Cultist","floor":4,"turns":3},{"damage":45,"enemies":"Lagavulin","floor":7,"turns":5},{"damage":0,"enemies":"Gremlin Gang","floor":8,"turns":1},{"damage":12,"enemies":"HollowMod:HuskWarrior","floor":11,"turns":2},{"damage":0,"enemies":"Looter","floor":13,"turns":2},{"damage":0,"enemies":"Gremlin Gang","floor":14,"turns":2},{"damage":59,"enemies":"Hexaghost","floor":16,"turns":5},{"damage":22,"enemies":"Shell Parasite","floor":18,"turns":3},{"damage":15,"enemies":"2 Thieves","floor":19,"turns":2},{"damage":59,"enemies":"Sentry and Sphere","floor":20,"turns":5}],"seed_played":"2548499940398211752","potions_obtained":[{"floor":3,"key":"SteroidPotion"},{"floor":7,"key":"DuplicationPotion"},{"floor":11,"key":"Explosive Potion"},{"floor":13,"key":"PowerPotion"},{"floor":19,"key":"SpeedPotion"}],"is_trial":false,"path_per_floor":["M","?","M","M","?","R","E","M","T","R","M","R","M","M","R","B",null,"M","M","M"],"character_chosen":"THE_BUGKNIGHT","items_purchased":[],"campfire_rested":0,"item_purchase_floors":[],"current_hp_per_floor":[75,75,74,74,74,74,35,37,37,46,42,51,53,55,64,13,75,63,50,0,0],"gold":368,"neow_bonus":"RANDOM_COLORLESS","is_daily":false,"chose_seed":false,"campfire_upgraded":4,"win_rate":0.0,"timestamp":1612627117,"path_taken":["M","?","M","M","?","R","E","M","T","R","?","R","M","M","R","BOSS","M","?","?"],"items_purchased_type":[],"build_version":"2020-12-22","purchased_purges":0,"victory":false,"max_hp_per_floor":[75,75,75,75,75,75,75,75,75,75,75,75,75,75,75,75,75,75,75,75,75],"relic_stats":{"Blood Vial":14,"counters":[12,38],"Snecko Eye":[19,13,29,21],"Eternal Feather":27,"obtain_stats":[{"Blood Vial":7,"Snecko Eye":17,"HollowMod:VesselMask":0,"Eternal Feather":9},{"Blood Vial":4,"Snecko Eye":9,"HollowMod:VesselMask":0,"Eternal Feather":5},{"Blood Vial":16,"Snecko Eye":28,"HollowMod:VesselMask":0,"Eternal Feather":17}]},"card_choices":[{"not_picked":["Swift Strike","Panacea"],"picked":"Dramatic Entrance","floor":0},{"not_picked":["HollowMod:ChannelNail","HollowMod:DreamGate"],"picked":"HollowMod:MothsMistake","floor":1},{"not_picked":["HollowMod:SiblingsShadow","HollowMod:DesolateDive"],"picked":"HollowMod:InfectedAttack","floor":3},{"not_picked":["HollowMod:ShadowDash","HollowMod:CoiledNail"],"picked":"HollowMod:InfectedCysts","floor":4},{"not_picked":["HollowMod:BaldurShell","HollowMod:CrystalDash"],"picked":"HollowMod:InfectionAssault","floor":7},{"not_picked":["HollowMod:SharpenedNail","HollowMod:SoulVessel"],"picked":"HollowMod:CloakDash","floor":8},{"not_picked":["HollowMod:LifebloodCocoon","HollowMod:GoodIntentions","HollowMod:WraithStrike"],"picked":"SKIP","floor":11},{"not_picked":["HollowMod:DungDefenderAura","HollowMod:GoodIntentions"],"picked":"HollowMod:BrokenVessel","floor":13},{"not_picked":["HollowMod:SoulShaman","HollowMod:MothsMistake"],"picked":"HollowMod:NewGlowingWomb","floor":14},{"not_picked":["HollowMod:PureVessel","HollowMod:ElderbugsWisdom"],"picked":"HollowMod:ZotesMagnificence","floor":16},{"not_picked":["HollowMod:ShadowDash","HollowMod:DreamGate"],"picked":"HollowMod:CloakDash","floor":18},{"not_picked":["HollowMod:FallenFury+1","HollowMod:CloakDash","HollowMod:GoodIntentions"],"picked":"SKIP","floor":19}],"player_experience":230761,"relics_obtained":[{"floor":7,"key":"Blood Vial"},{"floor":9,"key":"Eternal Feather"}],"event_choices":[{"cards_removed":["HollowMod:NailStrikeStart"],"damage_healed":0,"gold_gain":0,"player_choice":"Offered Basic","damage_taken":0,"max_hp_gain":0,"max_hp_loss":0,"event_name":"Bonfire Elementals","floor":5,"gold_loss":0}],"is_beta":false,"boss_relics":[{"not_picked":["Tiny House","Fusion Hammer"],"picked":"Snecko Eye"}],"items_purged_floors":[],"is_endless":false,"potions_floor_spawned":[3,7,11,13,19],"killed_by":"Sentry and Sphere","ascension_level":1}}