{"host":"7wi4qgm5yw4j7oz0","time":1612625819,"event":{"mods":["AchievementEnabler","BaseMod","Block Reminder","Colored Map","Colored Powertips","Highlight Path","Minty Spire (QoL Compilation)","Permanent Neow","Quick Restart","Random Character Button","Rare Cards Sparkle","StSLib","everything is the same but u backflip on backflip"],"gold_per_floor":[118,137,148,148,159,159,170,170,170,170,182,182,182,192,192,296,296,314,13,13,13,13,13,26,51,51,51,51,51,86,86,86],"floor_reached":31,"language":"KOR","playtime":1200,"items_purged":[],"score":329,"play_id":"1656f364-23e3-414b-845f-d7c5b95543f6","local_time":"20210207003659","is_ascension_mode":true,"campfire_choices":[{"data":"Armaments","floor":6.0,"key":"SMITH"},{"data":"Body Slam","floor":8.0,"key":"SMITH"},{"data":"Juggernaut","floor":13.0,"key":"SMITH"},{"floor":15.0,"key":"REST"},{"data":"Berserk","floor":23,"key":"SMITH"},{"data":"Body Slam","floor":27,"key":"SMITH"}],"circlet_count":0,"master_deck":["Strike_R+1","Strike_R+1","Strike_R+1","Defend_R+1","Defend_R+1","Defend_R+1","Defend_R+1","Bash","Seeing Red","Body Slam+1","Armaments+1","Warcry","Juggernaut+1","Body Slam+1","Iron Wave","Berserk+1","Rage","Ghostly Armor","Metallicize"],"relics":["Burning Blood","Ice Cream","Juzu Bracelet","SlaversCollar","Membership Card","Nilry\u0027s Codex","Toy Ornithopter","Potion Belt","Mercury Hourglass"],"acts_visited":["Exordium","TheCity"],"potions_floor_usage":[16,20,20],"damage_taken":[{"damage":9.0,"enemies":"Jaw Worm","floor":1.0,"turns":3.0},{"damage":7.0,"enemies":"Small Slimes","floor":2.0,"turns":3.0},{"damage":1.0,"enemies":"Cultist","floor":3.0,"turns":3.0},{"damage":0.0,"enemies":"2 Fungi Beasts","floor":5.0,"turns":4.0},{"damage":16.0,"enemies":"Blue Slaver","floor":7.0,"turns":3.0},{"damage":28.0,"enemies":"Exordium Wildlife","floor":11.0,"turns":4.0},{"damage":22.0,"enemies":"Gremlin Gang","floor":14.0,"turns":3.0},{"damage":6,"enemies":"The Guardian","floor":16,"turns":10},{"damage":35,"enemies":"3 Byrds","floor":18,"turns":5},{"damage":2,"enemies":"Shell Parasite","floor":24,"turns":4},{"damage":11,"enemies":"Gremlin Leader","floor":25,"turns":7},{"damage":42,"enemies":"Slavers","floor":30,"turns":7},{"damage":14,"enemies":"Centurion and Healer","floor":31,"turns":1}],"seed_played":"9043708323274273240","potions_obtained":[{"floor":3.0,"key":"AttackPotion"},{"floor":5.0,"key":"BloodPotion"},{"floor":11.0,"key":"Weak Potion"},{"floor":30,"key":"Block Potion"}],"is_trial":false,"path_per_floor":["M","M","M","?","M","R","M","R","T","?","M","?","R","M","R","B",null,"M","$","?","?","$","R","M","E","T","R","?","?","E","M"],"character_chosen":"IRONCLAD","items_purchased":["BloodPotion","Membership Card","BloodPotion","Ghostly Armor","Metallicize"],"campfire_rested":1,"item_purchase_floors":[19,19,19,19,19],"current_hp_per_floor":[53,52,57,57,63,63,53,53,53,53,31,31,31,31,55,55,74,45,45,61,61,61,61,65,60,60,60,45,45,9,0,0],"gold":86,"neow_bonus":"ONE_RARE_RELIC","is_daily":false,"chose_seed":false,"campfire_upgraded":5,"win_rate":0.0,"timestamp":1612625819,"path_taken":["M","M","M","?","M","R","M","R","T","?","M","?","R","M","R","BOSS","M","$","?","?","?","R","M","E","T","R","?","?","E","M"],"items_purchased_type":["Potion","Relic","Potion","Card","Card"],"build_version":"2020-12-22","purchased_purges":0,"victory":false,"max_hp_per_floor":[80,80,80,80,80,80,80,80,80,80,80,80,80,80,80,80,80,80,80,80,80,80,80,80,80,80,80,85,85,85,85,85],"card_choices":[{"not_picked":["Warcry","True Grit"],"picked":"Seeing Red","floor":1.0},{"not_picked":["Heavy Blade","Armaments"],"picked":"Body Slam","floor":2.0},{"not_picked":["Thunderclap","Clothesline"],"picked":"Armaments","floor":3.0},{"not_picked":["Thunderclap","Perfected Strike"],"picked":"Juggernaut","floor":5.0},{"not_picked":["Rupture","Iron Wave","Headbutt"],"picked":"SKIP","floor":7.0},{"not_picked":["Perfected Strike","Anger"],"picked":"Body Slam","floor":11.0},{"not_picked":["Headbutt","Flex"],"picked":"Iron Wave","floor":14.0},{"not_picked":["Corruption","Demon Form"],"picked":"Berserk","floor":16},{"not_picked":["Thunderclap+1","Clothesline+1"],"picked":"Rage","floor":18},{"not_picked":["Anger","Clash+1","Warcry"],"picked":"SKIP","floor":24},{"not_picked":["Burning Pact","Clothesline+1","Dropkick"],"picked":"SKIP","floor":25},{"not_picked":["Iron Wave","True Grit","Searing Blow"],"picked":"SKIP","floor":30}],"player_experience":243066,"relics_obtained":[{"floor":9.0,"key":"Juzu Bracelet"},{"floor":20,"key":"Nilry\u0027s Codex"},{"floor":25,"key":"Toy Ornithopter"},{"floor":26,"key":"Potion Belt"},{"floor":30,"key":"Mercury Hourglass"}],"event_choices":[{"damage_healed":0.0,"max_hp_gain":0.0,"max_hp_loss":0.0,"gold_gain":0.0,"cards_transformed":["Strike_R"],"event_name":"Living Wall","player_choice":"Change","floor":4.0,"gold_loss":0.0,"damage_taken":0.0,"cards_obtained":["Warcry"]},{"cards_removed":["Strike_R"],"damage_healed":0.0,"max_hp_gain":0.0,"max_hp_loss":0.0,"gold_gain":0.0,"event_name":"Bonfire Elementals","player_choice":"Offered Basic","floor":10.0,"gold_loss":0.0,"damage_taken":0.0},{"damage_healed":0.0,"max_hp_gain":0.0,"max_hp_loss":0.0,"gold_gain":0.0,"event_name":"Dead Adventurer","player_choice":"Searched \u00270\u0027 times","floor":12.0,"gold_loss":0.0,"damage_taken":0.0},{"damage_healed":0,"gold_gain":0,"player_choice":"Obtained Book","damage_taken":16,"max_hp_gain":0,"max_hp_loss":0,"event_name":"Cursed Tome","floor":20,"gold_loss":0},{"damage_healed":0,"gold_gain":0,"player_choice":"Simplicity","damage_taken":0,"max_hp_gain":0,"max_hp_loss":0,"event_name":"Back to Basics","floor":21,"gold_loss":0,"cards_upgraded":["Strike_R","Strike_R","Strike_R","Defend_R","Defend_R","Defend_R","Defend_R"]},{"damage_healed":0,"gold_gain":0,"player_choice":"Shed Blood","damage_taken":20,"max_hp_gain":5,"max_hp_loss":0,"event_name":"Forgotten Altar","floor":28,"gold_loss":0}],"is_beta":false,"boss_relics":[{"not_picked":["Velvet Choker","Fusion Hammer"],"picked":"SlaversCollar"}],"items_purged_floors":[],"is_endless":false,"potions_floor_spawned":[3,5,11,30],"killed_by":"Centurion and Healer","ascension_level":5}}