{"host":"zf1gvustpgbojd4t","time":1612621962,"event":{"mods":["Act Like it!","BaseMod","Downfall","Hallownest","Map Debug Mod","Minty Spire (QoL Compilation)","MostiFishMod","Replay The Spire","StSLib"],"gold_per_floor":[99,110,121,121,134,147,147,147,161,186,197,197,297,311,323,419,419,419,434,434,434,434],"floor_reached":20,"language":"ZHS","playtime":781,"items_purged":[],"score":178,"play_id":"ede85e79-b1a3-4eec-a44b-bb4353871b18","local_time":"20210206223242","is_ascension_mode":false,"campfire_choices":[{"floor":1,"key":"DIG"},{"floor":18,"key":"RECALL"}],"circlet_count":0,"master_deck":["bronze:Strike","bronze:Strike","bronze:Strike","bronze:Strike","bronze:Defend","bronze:Defend","bronze:Defend","bronze:Defend","bronze:Replicate","bronze:Goto","bronze:DelayedGuard","bronze:Iterate","bronze:Philosophize","bronze:DelayedSlice","bronze:MaxOutput","bronze:ItsAFeature","bronze:WhirlingStrike","bronze:WhirlingStrike","bronze:ThunderWave","bronze:Philosophize"],"relics":["bronze:BronzeCore","DaveBox","GuanYuAspect","Orichalcum","Kunai","SynthV:C4","Replay:Bronze Core"],"acts_visited":["Exordium","TheCity"],"potions_floor_usage":[20],"damage_taken":[{"damage":0,"enemies":"Small Slimes","floor":2,"turns":3},{"damage":0,"enemies":"Cultist","floor":3,"turns":3},{"damage":0,"enemies":"2 Louse","floor":5,"turns":2},{"damage":11,"enemies":"Exordium Wildlife","floor":6,"turns":4},{"damage":6,"enemies":"Blue Slaver","floor":9,"turns":2},{"damage":13,"enemies":"Lagavulin","floor":10,"turns":4},{"damage":0,"enemies":"Large Slime","floor":11,"turns":5},{"damage":7,"enemies":"Red Slaver","floor":14,"turns":2},{"damage":2,"enemies":"Lots of Slimes","floor":15,"turns":3},{"damage":34,"enemies":"DF_ARCHETYPE_STREAMLINE","floor":16,"turns":6},{"damage":6,"enemies":"Spheric Guardian","floor":19,"turns":3},{"damage":39,"enemies":"3 Byrds","floor":20,"turns":1}],"seed_played":"-5732453530184842093","potions_obtained":[{"floor":5,"key":"LiquidMemories"},{"floor":6,"key":"Fire Potion"},{"floor":10,"key":"SpeedPotion"}],"is_trial":false,"path_per_floor":["R","M","M","?","M","M","T","?","M","E","M","?","?","M","M","B",null,"R","M","M"],"character_chosen":"THE_AUTOMATON","items_purchased":[],"campfire_rested":0,"item_purchase_floors":[],"current_hp_per_floor":[37,38,38,38,38,36,36,36,38,37,38,38,38,36,37,22,38,38,35,0,0,0],"gold":434,"neow_bonus":"TEN_PERCENT_HP_BONUS","is_daily":false,"chose_seed":false,"campfire_upgraded":0,"win_rate":0.0,"timestamp":1612621962,"path_taken":["R","M","M","?","M","M","T","?","M","E","M","?","?","M","M","BOSS","R","M","?"],"items_purchased_type":[],"build_version":"2020-12-22","purchased_purges":0,"victory":false,"max_hp_per_floor":[38,38,38,38,38,38,38,38,38,38,38,38,38,38,38,38,38,38,38,38,38,38],"card_choices":[{"not_picked":["bronze:Deprecate","bronze:MaxOutput"],"picked":"bronze:DelayedGuard","floor":2},{"not_picked":["bronze:BugBarrage","bronze:Frontload"],"picked":"bronze:Iterate","floor":3},{"not_picked":["bronze:Branch","bronze:Overload"],"picked":"bronze:Philosophize","floor":5},{"not_picked":["bronze:Deprecate","bronze:Iterate"],"picked":"bronze:DelayedSlice","floor":6},{"not_picked":["bronze:Turbo","bronze:Branch","bronze:Safeguard"],"picked":"SKIP","floor":9},{"not_picked":["bronze:ForceShield","bronze:Flail"],"picked":"bronze:MaxOutput","floor":10},{"not_picked":["bronze:Turbo","bronze:Deprecate"],"picked":"bronze:ItsAFeature","floor":11},{"not_picked":["bronze:DigitalCarnage","bronze:BitShift"],"picked":"bronze:WhirlingStrike","floor":14},{"not_picked":["bronze:SpaghettiCode","bronze:BugBarrage"],"picked":"bronze:WhirlingStrike","floor":15},{"not_picked":["bronze:AlphaBuild","bronze:SpaghettiCode"],"picked":"bronze:ThunderWave","floor":16},{"not_picked":["bronze:Overheat+1","bronze:Iterate"],"picked":"bronze:Philosophize","floor":19}],"player_experience":105490,"relics_obtained":[{"floor":1,"key":"Orichalcum"},{"floor":7,"key":"Kunai"},{"floor":10,"key":"SynthV:C4"}],"event_choices":[],"is_beta":false,"boss_relics":[{"not_picked":["NightmareShop","Astrolabe"],"picked":"Replay:Bronze Core"}],"items_purged_floors":[],"is_endless":false,"potions_floor_spawned":[5,6,10,11,19],"killed_by":"3 Byrds","ascension_level":0}}