{"host":"edndssuekvzbh3is","time":1612602557,"event":{"mods":["BaseMod","Colored Map","Colored Powertips","Minty Spire (QoL Compilation)","SuperFastMode"],"gold_per_floor":[118,134,134,134,151,180,180,191,191,202,22,49,78,78,78,183,183,197,214,214,138,88,88,88,106,106,106,116,116,143,157,157,254,254,264,264,281,78,128,128,145,145,145,145,157,157,168,185,185,185],"floor_reached":51,"language":"ENG","playtime":1736,"items_purged":["Strike_R","Strike_R"],"score":1005,"play_id":"7ef78e97-5762-4356-848d-6739aa3a07f0","local_time":"20210206040917","is_ascension_mode":true,"campfire_choices":[{"data":"1","floor":7,"key":"LIFT"},{"floor":15,"key":"REST"},{"data":"2","floor":23,"key":"LIFT"},{"data":"3","floor":27,"key":"LIFT"},{"data":"Armaments","floor":29,"key":"SMITH"},{"data":"Spot Weakness","floor":32,"key":"SMITH"},{"data":"Double Tap","floor":40,"key":"SMITH"},{"floor":42,"key":"REST"},{"floor":49,"key":"REST"}],"circlet_count":0,"master_deck":["Defend_R+1","Defend_R","Defend_R","Defend_R","Bash","Twin Strike","Inflame","Pommel Strike","Double Tap+1","Anger","Hemokinesis","Armaments+1","Pommel Strike","Impervious","Reaper","Anger+1","Battle Trance","J.A.X.+1","Ghostly Armor","Spot Weakness+1","Intimidate+1","Anger","Corruption","Twin Strike+1","Armaments+1","Perfected Strike+1","Intimidate+1","Sword Boomerang+1","Reaper","Cleave","Anger","Anger+1","Limit Break","Anger+1","Heavy Blade","Shrug It Off","Shrug It Off+1"],"relics":["Burning Blood","Girya","Eternal Feather","WingedGreaves","Odd Mushroom","Smiling Mask","Pocketwatch","Runic Cube","Toy Ornithopter","Red Mask","Astrolabe","DollysMirror","Prayer Wheel","War Paint","StoneCalendar"],"acts_visited":["Exordium","TheCity","TheBeyond"],"potions_floor_usage":[5,6,13,13,18,25,30,33,35,50,50,50],"damage_taken":[{"damage":9,"enemies":"Jaw Worm","floor":1,"turns":5},{"damage":10,"enemies":"2 Louse","floor":2,"turns":2},{"damage":21,"enemies":"Small Slimes","floor":5,"turns":3},{"damage":8,"enemies":"Gremlin Nob","floor":6,"turns":3},{"damage":7,"enemies":"Looter","floor":8,"turns":3},{"damage":10,"enemies":"2 Fungi Beasts","floor":10,"turns":3},{"damage":8,"enemies":"The Mushroom Lair","floor":12,"turns":3},{"damage":23,"enemies":"Lagavulin","floor":13,"turns":5},{"damage":59,"enemies":"Hexaghost","floor":16,"turns":9},{"damage":25,"enemies":"3 Byrds","floor":18,"turns":4},{"damage":16,"enemies":"Spheric Guardian","floor":19,"turns":4},{"damage":17,"enemies":"Snake Plant","floor":25,"turns":3},{"damage":16,"enemies":"Cultist and Chosen","floor":28,"turns":4},{"damage":57,"enemies":"Masked Bandits","floor":30,"turns":4},{"damage":13,"enemies":"Centurion and Healer","floor":31,"turns":4},{"damage":57,"enemies":"Collector","floor":33,"turns":9},{"damage":24,"enemies":"3 Darklings","floor":35,"turns":5},{"damage":23,"enemies":"3 Shapes","floor":37,"turns":4},{"damage":8,"enemies":"Mind Bloom Boss Battle","floor":39,"turns":5},{"damage":62,"enemies":"Sphere and 2 Shapes","floor":41,"turns":6},{"damage":34,"enemies":"Maw","floor":45,"turns":5},{"damage":19,"enemies":"4 Shapes","floor":47,"turns":4},{"damage":59,"enemies":"Sphere and 2 Shapes","floor":48,"turns":5},{"damage":36,"enemies":"Time Eater","floor":50,"turns":8}],"seed_played":"1680137591251843671","potions_obtained":[{"floor":0,"key":"Ancient Potion"},{"floor":0,"key":"Fruit Juice"},{"floor":0,"key":"Fire Potion"},{"floor":10,"key":"SneckoOil"},{"floor":12,"key":"EssenceOfSteel"},{"floor":13,"key":"Energy Potion"},{"floor":16,"key":"SteroidPotion"},{"floor":19,"key":"SkillPotion"},{"floor":30,"key":"HeartOfIron"},{"floor":31,"key":"FairyPotion"},{"floor":33,"key":"Block Potion"},{"floor":37,"key":"EntropicBrew"},{"floor":48,"key":"Energy Potion"}],"is_trial":false,"path_per_floor":["M","M","?","?","M","E","R","M","T","M","$","?","E","T","R","B",null,"M","M","?","$","$","R","?","M","T","R","M","R","?","M","R","B",null,"M","?","M","$","?","R","M","R","T","?","M","?","M","M","R","B",null],"character_chosen":"IRONCLAD","items_purchased":["Hemokinesis","Armaments","Energy Potion","Battle Trance","DollysMirror"],"campfire_rested":3,"item_purchase_floors":[11,11,11,21,38],"current_hp_per_floor":[69,65,58,58,48,46,52,51,51,47,47,45,28,28,65,12,67,54,44,44,44,44,56,56,50,50,62,65,80,41,66,81,34,72,71,71,54,54,52,70,26,68,68,68,54,54,55,30,75,81],"gold":185,"neow_bonus":"THREE_SMALL_POTIONS","is_daily":false,"chose_seed":false,"campfire_upgraded":3,"win_rate":0.0,"timestamp":1612602557,"path_taken":["M","M","?","?","M","E","R","M","T","M","$","?","E","?","R","BOSS","M","M","?","?","$","R","?","?","T","R","M","R","?","M","R","BOSS","M","?","M","$","?","R","M","R","T","?","?","?","?","M","R","BOSS"],"items_purchased_type":["Card","Card","Potion","Card","Relic"],"build_version":"2020-12-22","purchased_purges":2,"victory":true,"max_hp_per_floor":[80,80,80,80,85,85,85,85,85,85,85,85,85,85,85,85,85,85,85,85,85,85,85,85,85,85,85,85,85,85,85,85,85,85,85,81,81,81,81,81,81,81,81,81,81,81,81,81,81,81],"card_choices":[{"not_picked":["Perfected Strike","True Grit"],"picked":"Twin Strike","floor":1},{"not_picked":["Dropkick","Iron Wave"],"picked":"Inflame","floor":2},{"not_picked":["Warcry","Sever Soul"],"picked":"Pommel Strike","floor":5},{"not_picked":["Pommel Strike","Sword Boomerang"],"picked":"Double Tap","floor":6},{"not_picked":["Pommel Strike","Inflame"],"picked":"Anger","floor":8},{"not_picked":["Perfected Strike","Body Slam"],"picked":"Combust","floor":10},{"not_picked":["Headbutt","Havoc"],"picked":"Pommel Strike","floor":12},{"not_picked":["Twin Strike","Clothesline"],"picked":"Impervious","floor":13},{"not_picked":["Exhume","Immolate"],"picked":"Reaper","floor":16},{"not_picked":["Feel No Pain","Clothesline"],"picked":"Anger+1","floor":18},{"not_picked":["Pommel Strike","Clothesline","Hemokinesis"],"picked":"SKIP","floor":19},{"not_picked":["Headbutt","Juggernaut"],"picked":"Ghostly Armor","floor":25},{"not_picked":["Twin Strike","Pummel"],"picked":"Spot Weakness","floor":28},{"not_picked":["Cleave+1","Carnage"],"picked":"Intimidate+1","floor":30},{"not_picked":["Pommel Strike","Evolve"],"picked":"Anger","floor":31},{"not_picked":["Double Tap","Immolate"],"picked":"Corruption","floor":33},{"not_picked":["Sentinel+1","Sever Soul+1"],"picked":"Intimidate+1","floor":35},{"not_picked":["Intimidate+1","Pommel Strike+1"],"picked":"Sword Boomerang+1","floor":37},{"not_picked":["Havoc","Dropkick+1"],"picked":"Cleave","floor":39},{"not_picked":["Clash+1","Searing Blow+1"],"picked":"Anger","floor":41},{"not_picked":["Clothesline+1","Spot Weakness"],"picked":"Anger+1","floor":41},{"not_picked":["Feel No Pain","Warcry+1"],"picked":"Limit Break","floor":45},{"not_picked":["Clothesline","Clash+1"],"picked":"Anger+1","floor":45},{"not_picked":["Clothesline+1","Clash+1"],"picked":"Heavy Blade","floor":47},{"not_picked":["Berserk","Pommel Strike","Armaments"],"picked":"SKIP","floor":47},{"not_picked":["Havoc","Sword Boomerang+1"],"picked":"Shrug It Off","floor":48},{"not_picked":["Anger","Sentinel+1"],"picked":"Shrug It Off+1","floor":48}],"player_experience":353120,"relics_obtained":[{"floor":6,"key":"Eternal Feather"},{"floor":9,"key":"WingedGreaves"},{"floor":12,"key":"Odd Mushroom"},{"floor":13,"key":"Smiling Mask"},{"floor":14,"key":"Pocketwatch"},{"floor":26,"key":"Toy Ornithopter"},{"floor":30,"key":"Red Mask"},{"floor":39,"key":"Prayer Wheel"},{"floor":43,"key":"War Paint"}],"event_choices":[{"damage_healed":0,"gold_gain":0,"player_choice":"Success","damage_taken":7,"relics_obtained":["Girya"],"max_hp_gain":0,"max_hp_loss":0,"event_name":"Scrap Ooze","floor":3,"gold_loss":0},{"damage_healed":0,"gold_gain":0,"player_choice":"Ignored","damage_taken":0,"max_hp_gain":0,"max_hp_loss":0,"event_name":"Shining Light","floor":4,"gold_loss":0},{"damage_healed":0,"gold_gain":0,"player_choice":"Fought Mushrooms","damage_taken":0,"max_hp_gain":0,"max_hp_loss":0,"event_name":"Mushrooms","floor":12,"gold_loss":0},{"damage_healed":0,"gold_gain":0,"player_choice":"Ignored","damage_taken":0,"max_hp_gain":0,"max_hp_loss":0,"event_name":"Vampires","floor":20,"gold_loss":0},{"damage_healed":0,"gold_gain":0,"player_choice":"Obtain J.A.X.","damage_taken":0,"max_hp_gain":0,"max_hp_loss":0,"event_name":"Drug Dealer","floor":24,"gold_loss":0,"cards_obtained":["J.A.X."]},{"damage_healed":0,"gold_gain":0,"player_choice":"Fought Bandits","damage_taken":0,"max_hp_gain":0,"max_hp_loss":0,"event_name":"Masked Bandits","floor":30,"gold_loss":0},{"damage_healed":0,"gold_gain":0,"player_choice":"Max HP","damage_taken":0,"max_hp_gain":0,"max_hp_loss":4,"event_name":"Winding Halls","floor":36,"gold_loss":0},{"damage_healed":0,"gold_gain":0,"player_choice":"Fight","damage_taken":0,"max_hp_gain":0,"max_hp_loss":0,"event_name":"MindBloom","floor":39,"gold_loss":0},{"damage_healed":0,"gold_gain":0,"player_choice":"Ignored","damage_taken":0,"max_hp_gain":0,"max_hp_loss":0,"event_name":"SecretPortal","floor":44,"gold_loss":0},{"cards_removed":["Combust"],"damage_healed":0,"gold_gain":0,"player_choice":"Gave Card","damage_taken":0,"relics_obtained":["StoneCalendar"],"max_hp_gain":0,"max_hp_loss":0,"event_name":"WeMeetAgain","floor":46,"gold_loss":0}],"is_beta":false,"boss_relics":[{"not_picked":["Calling Bell","Tiny House"],"picked":"Runic Cube"},{"not_picked":["Runic Dome","Sozu"],"picked":"Astrolabe"}],"items_purged_floors":[22,38],"is_endless":false,"potions_floor_spawned":[1,10,12,13,16,19,30,31,33,37,45,48],"ascension_level":9}}