{"host":"Doisman","time":1612639559,"event":{"mods":["AchievementEnabler","BaseMod","Better Note","Curses Come First","Minty Spire (QoL Compilation)","Permanent Neow","Relic Stats","Replay The Spire","StSLib"],"gold_per_floor":[117,221,221,237,237,237,272,284,323,362,374,400,432,464,476,583,595,627,655,667,754,781,810,822,233,233,233,265,265,265,278,278,379,379,393,293,313,330,26,58,58,74,126,161,161,36,83,133,133,133],"floor_reached":51,"language":"ENG","playtime":2192,"items_purged":["Strike_G","Pain","Reflex"],"score":1317,"play_id":"7fd3a9c3-4d92-4651-a473-649207c2aa22","local_time":"20210206132559","is_ascension_mode":true,"campfire_choices":[{"data":"Predator","floor":6,"key":"SMITH"},{"floor":8,"key":"REST"},{"data":"Footwork","floor":11,"key":"SMITH"},{"floor":15,"key":"REST"},{"data":"Noxious Fumes","floor":24,"key":"SMITH"},{"data":"ReplayUltimateDefense","floor":27,"key":"SMITH"},{"data":"Footwork","floor":30,"key":"SMITH"},{"data":"A Thousand Cuts","floor":41,"key":"SMITH"},{"data":"Hidden Blade","floor":49,"key":"SMITH"}],"circlet_count":0,"master_deck":["Strike_G","Strike_G","Strike_G","Defend_G","Defend_G","Defend_G","Defend_G","Defend_G","Survivor","Neutralize","Backflip","Predator+1","Hidden Blade+1","Footwork+1","Noxious Fumes+1","Deadly Poison","Corpse Explosion","Blur","ReplayUltimateDefense+1","Dodge and Roll","Riddle With Holes","Replay:Sssssssssshield","Footwork+1","A Thousand Cuts+1","Backflip+1","Blur","Backflip+1","Draining Mist+1"],"relics":["Snecko Heart","Lantern","Anchor","MawBank","Happy Flower","Bottled Flame","Sozu","BargainBundle","Replay:Rubber Ducky","ReplayFunnel","HornCleat","Snack Pack","WarpedTongs","Coffee Dripper","Ice Cream","Centennial Puzzle","Nunchaku","Question Card","FossilizedHelix","Tingsha"],"acts_visited":["Exordium","TheCity","TheBeyond"],"potions_floor_usage":[10,18,33],"damage_taken":[{"damage":3.0,"enemies":"Jaw Worm","floor":1.0,"turns":4.0},{"damage":0,"enemies":"Small Slimes","floor":4,"turns":3},{"damage":13,"enemies":"3 Sentries","floor":7,"turns":6},{"damage":11,"enemies":"Lagavulin","floor":10,"turns":6},{"damage":0,"enemies":"2 Louse","floor":12,"turns":2},{"damage":0,"enemies":"2 Fungi Beasts","floor":13,"turns":3},{"damage":7,"enemies":"3 Louse","floor":14,"turns":3},{"damage":12,"enemies":"The Guardian","floor":16,"turns":8},{"damage":0,"enemies":"2 Thieves","floor":18,"turns":2},{"damage":0,"enemies":"Shell Parasite","floor":19,"turns":4},{"damage":0,"enemies":"Centurion and Healer","floor":22,"turns":4},{"damage":0,"enemies":"Cultist and Chosen","floor":23,"turns":4},{"damage":0,"enemies":"Replay:Snechameleon","floor":28,"turns":7},{"damage":2,"enemies":"Snake Plant","floor":31,"turns":6},{"damage":2,"enemies":"Pondfish","floor":33,"turns":10},{"damage":0,"enemies":"3 Darklings","floor":35,"turns":7},{"damage":0,"enemies":"Orb Walker","floor":37,"turns":4},{"damage":0,"enemies":"Maw","floor":38,"turns":8},{"damage":0,"enemies":"Giant Head","floor":40,"turns":12},{"damage":0,"enemies":"Jaw Worm Horde","floor":42,"turns":2},{"damage":0,"enemies":"R_Hoarder","floor":44,"turns":9},{"damage":0,"enemies":"2 Orb Walkers","floor":47,"turns":4},{"damage":0,"enemies":"Mind Bloom Boss Battle","floor":48,"turns":7},{"damage":0,"enemies":"Donu and Deca","floor":50,"turns":7}],"seed_played":"7199450229702454438","potions_obtained":[{"floor":7,"key":"SkillPotion"},{"floor":13,"key":"Elixir"},{"floor":16,"key":"SneckoOil"}],"is_trial":false,"path_per_floor":["M","?","?","M","?","R","E","R","T","E","R","M","M","M","R","B",null,"M","M","?","?","M","M","R","$","T","R","E","?","R","M","R","B",null,"M","$","M","M","$","E","R","M","T","E","?","$","?","?","R","B",null],"character_chosen":"THE_SILENT","items_purchased":["BargainBundle","ReplayUltimateDefense","Dodge and Roll","Replay:Rubber Ducky","ReplayFunnel","Riddle With Holes","Replay:Sssssssssshield","Ice Cream"],"campfire_rested":2,"item_purchase_floors":[25,25,25,25,25,25,25,39],"current_hp_per_floor":[67,50,55,55,37,37,24,46,46,35,35,35,35,28,50,38,75,75,75,75,68,68,68,68,68,68,68,68,68,68,68,68,68,75,75,75,75,75,75,75,75,75,75,75,75,75,75,75,75,75],"gold":133,"neow_bonus":"BOSS_RELIC","is_daily":false,"chose_seed":false,"campfire_upgraded":7,"win_rate":0.0,"timestamp":1612639559,"path_taken":["M","?","?","M","?","R","E","R","T","E","R","M","M","M","R","BOSS","M","M","?","?","?","?","R","$","T","R","E","?","R","M","R","BOSS","M","$","M","M","$","E","R","M","T","E","?","$","?","?","R","BOSS"],"items_purchased_type":["Relic","Card","Card","Relic","Relic","Card","Card","Relic"],"build_version":"2020-12-18","purchased_purges":3,"victory":true,"max_hp_per_floor":[70,70,75,75,75,75,75,75,75,75,75,75,75,75,75,75,75,75,75,75,75,75,75,75,75,75,75,75,75,75,75,75,75,75,75,75,75,75,75,75,75,75,75,75,75,75,75,75,75,75],"relic_stats":{"Sozu":10,"Centennial Puzzle":[0],"Nunchaku":[5],"Happy Flower":[39],"counters":[24,132],"Tingsha":[0],"MawBank":216,"Question Card":2,"obtain_stats":[{"ReplayFunnel":25,"Ice Cream":39,"Lantern":2,"BargainBundle":25,"Snecko Heart":0,"Happy Flower":9,"Tingsha":48,"MawBank":7,"Question Card":44,"Replay:Rubber Ducky":25,"WarpedTongs":29,"Sozu":17,"Anchor":5,"Bottled Flame":10,"Centennial Puzzle":40,"Nunchaku":43,"HornCleat":26,"Snack Pack":28,"Coffee Dripper":34,"FossilizedHelix":47,"Ring of the Snake":0},{"ReplayFunnel":12,"Ice Cream":18,"Lantern":1,"BargainBundle":12,"Snecko Heart":0,"Happy Flower":3,"Tingsha":23,"MawBank":3,"Question Card":21,"Replay:Rubber Ducky":12,"WarpedTongs":13,"Sozu":8,"Anchor":2,"Bottled Flame":4,"Centennial Puzzle":19,"Nunchaku":20,"HornCleat":12,"Snack Pack":13,"Coffee Dripper":15,"FossilizedHelix":22,"Ring of the Snake":0},{"ReplayFunnel":49,"Ice Cream":91,"Lantern":4,"BargainBundle":49,"Snecko Heart":0,"Happy Flower":13,"Tingsha":125,"MawBank":13,"Question Card":114,"Replay:Rubber Ducky":49,"WarpedTongs":56,"Sozu":35,"Anchor":7,"Bottled Flame":19,"Centennial Puzzle":103,"Nunchaku":105,"HornCleat":49,"Snack Pack":56,"Coffee Dripper":72,"FossilizedHelix":118,"Ring of the Snake":0}],"WarpedTongs":[76]},"card_choices":[{"not_picked":["Dagger Spray","Well Laid Plans"],"picked":"Backflip","floor":1.0},{"not_picked":["Finisher","Distraction"],"picked":"Predator","floor":2.0},{"not_picked":["Prepared","Deflect"],"picked":"Dagger Spray","floor":2.0},{"not_picked":["Underhanded Strike","Acrobatics"],"picked":"Hidden Blade","floor":4},{"not_picked":["Deadly Poison","Sucker Punch","Dodge and Roll"],"picked":"SKIP","floor":7},{"not_picked":["Malaise","Blade Dance"],"picked":"Footwork","floor":10},{"not_picked":["Reflex","Slice","Setup"],"picked":"SKIP","floor":12},{"not_picked":["Predator","Dagger Spray"],"picked":"Noxious Fumes","floor":13},{"not_picked":["Deflect","Poisoned Stab"],"picked":"Deadly Poison","floor":14},{"not_picked":["Envenom","Phantasmal Killer"],"picked":"Corpse Explosion","floor":16},{"not_picked":["Sucker Punch+1","Slice","Endless Agony"],"picked":"SKIP","floor":18},{"not_picked":["Sneak Up","Cloak And Dagger","Quick Slash"],"picked":"SKIP","floor":19},{"not_picked":["Outmaneuver","Infinite Blades","All Out Attack+1"],"picked":"SKIP","floor":22},{"not_picked":["Skewer","Backflip"],"picked":"Blur","floor":23},{"not_picked":["Replay:Poison Smokescreen","Hidden Blade"],"picked":"Footwork","floor":28},{"not_picked":["Underhanded Strike+1","Dagger Spray","Acrobatics"],"picked":"SKIP","floor":31},{"not_picked":["Phantasmal Killer","Atom Bomb"],"picked":"A Thousand Cuts","floor":33},{"not_picked":["Quick Slash+1","PiercingWail"],"picked":"Backflip+1","floor":35},{"not_picked":["Cloak And Dagger","ReplayTheSpireMod:Necrosis"],"picked":"Blur","floor":37},{"not_picked":["PiercingWail+1","Outmaneuver+1","Flying Knee+1"],"picked":"SKIP","floor":38},{"not_picked":["Acrobatics+1","Quick Slash","Hidden Blade+1"],"picked":"SKIP","floor":40},{"not_picked":["Toxin Wave","Escape Plan+1"],"picked":"Backflip+1","floor":42},{"not_picked":["Sucker Punch+1","Hidden Blade+1","Backflip"],"picked":"SKIP","floor":44},{"not_picked":["Quick Slash+1","Bane","Predator+1"],"picked":"Draining Mist+1","floor":48}],"player_experience":1081943,"relics_obtained":[{"floor":2.0,"key":"Lantern"},{"floor":7,"key":"MawBank"},{"floor":9,"key":"Happy Flower"},{"floor":10,"key":"Bottled Flame"},{"floor":26,"key":"HornCleat"},{"floor":28,"key":"Snack Pack"},{"floor":40,"key":"Centennial Puzzle"},{"floor":43,"key":"Nunchaku"},{"floor":44,"key":"Question Card"},{"floor":47,"key":"FossilizedHelix"},{"floor":48,"key":"Tingsha"}],"event_choices":[{"damage_healed":0.0,"max_hp_gain":5.0,"max_hp_loss":0.0,"gold_gain":0.0,"event_name":"Big Fish","player_choice":"Donut","floor":3.0,"gold_loss":0.0,"damage_taken":0.0},{"damage_healed":0,"gold_gain":0,"player_choice":"Success","damage_taken":18,"relics_obtained":["Anchor"],"max_hp_gain":0,"max_hp_loss":0,"event_name":"Scrap Ooze","floor":5,"gold_loss":0},{"damage_healed":0,"gold_gain":0,"player_choice":"Got Potions","damage_taken":0,"max_hp_gain":0,"max_hp_loss":0,"event_name":"Lab","floor":20,"gold_loss":0},{"damage_healed":0,"gold_gain":75,"player_choice":"Touch","damage_taken":7,"max_hp_gain":0,"max_hp_loss":0,"event_name":"FaceTrader","floor":21,"gold_loss":0},{"damage_healed":0,"gold_gain":0,"player_choice":"Rummage","damage_taken":0,"relics_obtained":["WarpedTongs"],"max_hp_gain":0,"max_hp_loss":0,"event_name":"Accursed Blacksmith","floor":29,"gold_loss":0,"cards_obtained":["Pain"]},{"cards_removed":["Dagger Spray"],"damage_healed":0,"gold_gain":0,"player_choice":"Removed Attack","damage_taken":0,"max_hp_gain":0,"max_hp_loss":0,"event_name":"Falling","floor":45,"gold_loss":0},{"damage_healed":0,"gold_gain":0,"player_choice":"Fight","damage_taken":0,"max_hp_gain":0,"max_hp_loss":0,"event_name":"Mysterious Sphere","floor":47,"gold_loss":0},{"damage_healed":0,"gold_gain":0,"player_choice":"Fight","damage_taken":0,"max_hp_gain":0,"max_hp_loss":0,"event_name":"MindBloom","floor":48,"gold_loss":0}],"is_beta":true,"boss_relics":[{"not_picked":["Pandora\u0027s Box","Runic Dome"],"picked":"Sozu"},{"not_picked":["Busted Crown","Fusion Hammer"],"picked":"Coffee Dripper"}],"items_purged_floors":[25,36,46],"is_endless":false,"potions_floor_spawned":[7,13,16,19,22,31,33,35,37,42],"ascension_level":1}}