{"host":"opg65mucj6ra7dr1","time":1612621640,"event":{"mods":["BaseMod","DeckTracker","Keyboard Shortcuts","Minty Spire (QoL Compilation)","Permanent Neow","Quick Restart","everything is the same but u backflip on backflip"],"gold_per_floor":[12,12,28,28,48,48,81,105,130,130,130],"floor_reached":10,"language":"KOR","playtime":190,"items_purged":[],"score":99,"play_id":"da2a8eed-28bb-493c-b5bc-a9f0540e8af9","local_time":"20210206232720","is_ascension_mode":true,"campfire_choices":[{"data":"Armaments","floor":6,"key":"SMITH"}],"circlet_count":0,"master_deck":["Strike_R","Strike_R","Strike_R","Strike_R","Strike_R","Defend_R","Defend_R","Defend_R","Defend_R","Bash","Sadistic Nature","Thunderclap","Armaments+1","Twin Strike","Twin Strike","Sword Boomerang"],"relics":["Burning Blood","Golden Idol","Eternal Feather","Boot","Smiling Mask"],"acts_visited":["Exordium"],"potions_floor_usage":[7,10],"damage_taken":[{"damage":6,"enemies":"Cultist","floor":1,"turns":3},{"damage":2,"enemies":"Jaw Worm","floor":3,"turns":3},{"damage":5,"enemies":"Small Slimes","floor":5,"turns":4},{"damage":40,"enemies":"Lagavulin","floor":7,"turns":5},{"damage":25,"enemies":"Exordium Thugs","floor":8,"turns":4},{"damage":0,"enemies":"3 Sentries","floor":10,"turns":2}],"seed_played":"-2751988438781223747","potions_obtained":[{"floor":3,"key":"Swift Potion"},{"floor":7,"key":"SpeedPotion"}],"is_trial":false,"path_per_floor":["M","?","M","T","M","R","E","M","T","E"],"character_chosen":"IRONCLAD","items_purchased":[],"campfire_rested":0,"item_purchase_floors":[],"current_hp_per_floor":[72,52,56,56,57,63,29,10,10,10,10],"gold":130,"neow_bonus":"RANDOM_COLORLESS_2","is_daily":false,"chose_seed":false,"campfire_upgraded":1,"win_rate":0.0,"timestamp":1612621640,"path_taken":["M","?","M","?","?","R","E","M","T","E"],"items_purchased_type":[],"build_version":"2020-12-22","purchased_purges":0,"victory":false,"max_hp_per_floor":[80,80,80,80,80,80,80,80,80,80,80],"card_choices":[{"not_picked":["Thinking Ahead","Secret Technique"],"picked":"Sadistic Nature","floor":0},{"not_picked":["Wild Strike","Iron Wave"],"picked":"Thunderclap","floor":1},{"not_picked":["Headbutt","Metallicize"],"picked":"Armaments","floor":3},{"not_picked":["Dark Embrace","Warcry"],"picked":"Twin Strike","floor":5},{"not_picked":["Burning Pact","Carnage"],"picked":"Twin Strike","floor":7},{"not_picked":["Headbutt","Armaments"],"picked":"Sword Boomerang","floor":8}],"player_experience":172211,"relics_obtained":[{"floor":4,"key":"Eternal Feather"},{"floor":7,"key":"Boot"},{"floor":9,"key":"Smiling Mask"}],"event_choices":[{"damage_healed":0,"gold_gain":0,"player_choice":"Take Damage","damage_taken":20,"relics_obtained":["Golden Idol"],"max_hp_gain":0,"max_hp_loss":0,"event_name":"Golden Idol","floor":2,"gold_loss":0}],"is_beta":false,"boss_relics":[],"items_purged_floors":[],"is_endless":false,"potions_floor_spawned":[3,7],"killed_by":"3 Sentries","ascension_level":9}}