{"host":"djfsqftupta9xgss","time":1612613437,"event":{"mods":["ATMod(°¢èªMod)","Act Like it!","BaseMod","Downfall","Gensokyo","Minty Spire (QoL Compilation)","MostiFishMod","Replay The Spire","Spicy Shops","StSLib","TestMod"],"gold_per_floor":[99,110,130,147,147,172,198,227,239,257,282,294,294,307,326,426,426,226,241,254,268,283,283,283,312,312,358,358,426,394,432,470,613,613,513,562,645,645,645,700,700,171,171,171,214,346,380,494,544,614,614,705,232,232,337,412],"floor_reached":57,"language":"ZHS","playtime":1943,"items_purged":["Writhe"],"score":1404,"play_id":"f29d62b2-2032-4cc4-95e8-e1a50af57ced","local_time":"20210206201037","is_ascension_mode":false,"campfire_choices":[{"floor":1.0,"key":"DIG"},{"data":"champ:Defend","floor":18,"key":"PURGE"},{"floor":28,"key":"RECALL"},{"data":"MostiFishMod:EE1D","floor":35,"key":"SMITH"},{"data":"MostiFishMod:EE1D","floor":43,"key":"SMITH"},{"floor":54,"key":"REST"}],"circlet_count":0,"master_deck":["champ:Strike","champ:Strike","champ:Strike","champ:Strike","AT_BreakingExtremeWeapon","Vigilance","Eruption","champ:Lariat","champ:TripleStrike+1","champ:RageSigil","champ:TripleStrike+1","MostiFishMod:EE1D+1","MostiFishMod:EE1D+1","MostiFishMod:EE1D+1","champ:RisingSlash+1","champ:UltimateStance+1","champ:HoldFirm+1","champ:FlashCut+1","champ:FlashCut+1"],"relics":["AT_ATBox","DaveBox","testmod-TestBox","testmod-HeartOfStrike","NightmareShop","testmod-TimeTraveler","AT_EbonyIvory","testmod-EqualTreatment","Golden Egg","ReplayTheSpireMod:Lightbulb","EE1DDrone","downfall:HeartBlessingBlue","downfall:HeartBlessingGreen","Chameleon Ring","Matryoshka","Replay:Bandana","AT_Manta","xbg","downfall:HeartBlessingRed","champ:GladiatorsBookOfMartialProwess","Anchor","Ornamental Fan","Replay:Mystery Machine","testmod-Brilliant","Medical Kit","testmod-IndustrialRevolution","AT_RedNoBalance","testmod-OneHitWonder","AT_ForceNature","champ:BerserkersGuideToSlaughter"],"acts_visited":["Exordium","TheCity","TheBeyond","TheEnding"],"potions_floor_usage":[14,30,56],"damage_taken":[{"damage":10.0,"enemies":"Jaw Worm","floor":2.0,"turns":1.0},{"damage":10.0,"enemies":"Small Slimes","floor":3.0,"turns":1.0},{"damage":10.0,"enemies":"Cultist","floor":4.0,"turns":2.0},{"damage":0.0,"enemies":"Lagavulin","floor":6.0,"turns":3.0},{"damage":8.0,"enemies":"3 Sentries","floor":8.0,"turns":3.0},{"damage":1.0,"enemies":"3 Louse","floor":9.0,"turns":2.0},{"damage":0.0,"enemies":"Blue Slaver","floor":10.0,"turns":3.0},{"damage":12.0,"enemies":"Gremlin Nob","floor":11.0,"turns":4.0},{"damage":0.0,"enemies":"Exordium Thugs","floor":12.0,"turns":2.0},{"damage":0,"enemies":"Blue Slaver","floor":14,"turns":1},{"damage":0,"enemies":"Large Slime","floor":15,"turns":2},{"damage":1,"enemies":"WA_ARCHETYPE_RETAIN","floor":16,"turns":2},{"damage":0,"enemies":"3 Byrds","floor":19,"turns":1},{"damage":1,"enemies":"Shell Parasite","floor":20,"turns":2},{"damage":6,"enemies":"Shelled Parasite and Fungi","floor":21,"turns":2},{"damage":0,"enemies":"Snake Plant","floor":22,"turns":1},{"damage":25,"enemies":"Replay:Snechameleon","floor":25,"turns":2},{"damage":15,"enemies":"Sentry and Sphere","floor":27,"turns":1},{"damage":20,"enemies":"Cultist and Chosen","floor":29,"turns":2},{"damage":0,"enemies":"downfall:FleeingMerchant","floor":30,"turns":2},{"damage":0,"enemies":"Snecko","floor":31,"turns":1},{"damage":20,"enemies":"Snake Plant","floor":32,"turns":1},{"damage":0,"enemies":"SI_MIRROR_ARCHETYPE","floor":33,"turns":1},{"damage":3,"enemies":"3 Shapes","floor":36,"turns":1},{"damage":0,"enemies":"2 Orb Walkers","floor":37,"turns":1},{"damage":0,"enemies":"3 Darklings","floor":40,"turns":1},{"damage":0,"enemies":"Maw","floor":45,"turns":3},{"damage":40,"enemies":"Transient","floor":46,"turns":5},{"damage":0,"enemies":"Sphere and 2 Shapes","floor":47,"turns":1},{"damage":0,"enemies":"Writhing Mass","floor":49,"turns":1},{"damage":0,"enemies":"DF_ARCHETYPE_ORBS","floor":50,"turns":2},{"damage":37,"enemies":"downfall:CharBossMerchant","floor":52,"turns":3},{"damage":26,"enemies":"downfall:NeowBoss","floor":55,"turns":5},{"damage":73,"enemies":"downfall:NeowBossFinal","floor":56,"turns":4}],"seed_played":"-2616293828686569892","potions_obtained":[{"floor":2.0,"key":"Strength Potion"},{"floor":6.0,"key":"champ:CounterPotion"},{"floor":9.0,"key":"Fire Potion"},{"floor":15,"key":"PowerPotion"},{"floor":25,"key":"Fire Potion"},{"floor":29,"key":"bronze:BurnAndBuffPotion"},{"floor":33,"key":"SteroidPotion"}],"is_trial":false,"path_per_floor":["R","M","M","M","?","E","T","E","M","M","E","M","?","M","M","B",null,"R","M","M","M","M","?","T","E","?","M","R","M","$","M","M","B",null,"R","M","?","?","$","M","T","$","R","?","M","M","M","?","M","B",null,"E","$","R","B","B",null],"character_chosen":"THE_CHAMP","items_purchased":["AT_Manta","Replay:Mystery Machine","testmod-Brilliant","Medical Kit","AT_ForceNature","champ:BerserkersGuideToSlaughter","DuplicationPotion"],"campfire_rested":1,"item_purchase_floors":[30,42,42,42,53,53,53],"current_hp_per_floor":[90,90,90,90,90,90,90,82,81,81,69,69,69,69,69,68,90,100,100,99,93,93,93,93,78,78,78,78,78,78,78,78,78,100,100,97,97,97,97,97,97,97,97,97,97,92,92,67,50,50,100,43,43,73,97,24],"gold":412,"neow_bonus":"BOSS_RELIC","is_daily":false,"chose_seed":false,"campfire_upgraded":2,"win_rate":0.0,"timestamp":1612613437,"path_taken":["R","M","M","M","?","E","T","E","M","M","E","M","?","M","M","BOSS","R","M","?","M","M","?","T","E","?","M","R","M","$","M","M","BOSS","R","M","?","?","?","M","T","$","R","?","M","M","?","?","M","BOSS","E","$","R","BOSS","BOSS"],"items_purchased_type":["Relic","Relic","Relic","Relic","Relic","Relic","Potion"],"build_version":"2020-12-22","purchased_purges":1,"victory":true,"max_hp_per_floor":[90,90,90,90,90,90,90,90,90,90,90,90,90,90,90,90,90,100,100,100,100,100,100,100,100,100,100,100,100,100,100,100,100,100,100,100,100,100,100,100,100,100,100,100,100,100,100,100,100,100,100,100,100,100,100,100],"card_choices":[{"not_picked":["champ:Encircle","champ:GutPunch","champ:Circumvent"],"picked":"SKIP","floor":2.0},{"not_picked":["champ:PreciseThrust","champ:DefensiveShout","champ:Circumvent"],"picked":"SKIP","floor":3.0},{"not_picked":["champ:AdrenalArmor","champ:EnGarde","champ:DefensiveStyle"],"picked":"SKIP","floor":4.0},{"not_picked":["champ:Endure","champ:PreciseThrust","champ:Shatter"],"picked":"SKIP","floor":6.0},{"not_picked":["champ:Endure","champ:ShieldSigil","champ:SetATrap"],"picked":"SKIP","floor":8.0},{"not_picked":["champ:FancyFootwork","champ:EnGarde"],"picked":"champ:Lariat","floor":9.0},{"not_picked":["champ:PreciseThrust","champ:ShieldSigil","champ:Haymaker"],"picked":"SKIP","floor":10.0},{"not_picked":["champ:Backstep","champ:Shatter","champ:BerserkersShout"],"picked":"SKIP","floor":11.0},{"not_picked":["champ:StanceDance","champ:PreciseThrust"],"picked":"champ:FaceSlap","floor":12.0},{"not_picked":["champ:PreciseThrust","champ:Circumvent"],"picked":"champ:TripleStrike","floor":14},{"not_picked":["champ:DefensiveShout","champ:TornadoPunch"],"picked":"champ:RageSigil","floor":15},{"not_picked":["champ:SteelEdge","champ:IgnorePain"],"picked":"champ:TripleStrike","floor":16},{"not_picked":["champ:CrownThrow","champ:PerfectedStrike+1","champ:ShieldSigil"],"picked":"SKIP","floor":19},{"not_picked":["champ:SetATrap","champ:FancyFootwork"],"picked":"champ:RisingSlash+1","floor":20},{"not_picked":["champ:Shatter","champ:FancyFootwork","champ:Endure"],"picked":"SKIP","floor":21},{"not_picked":["champ:Backstep","champ:Shatter","champ:Haymaker"],"picked":"SKIP","floor":22},{"not_picked":["champ:ShieldSigil+1","champ:SwordSigil","champ:BerserkersShout"],"picked":"SKIP","floor":25},{"not_picked":["champ:CrownThrow","champ:VampiricStrike","champ:FlashCut"],"picked":"SKIP","floor":27},{"not_picked":["champ:SwordSigil","champ:GladiatorStyle","champ:TornadoPunch"],"picked":"SKIP","floor":29},{"not_picked":["champ:HeartStrike","champ:BerserkerStyle"],"picked":"champ:UltimateStance","floor":30},{"not_picked":["champ:Haymaker","champ:AdrenalArmor","champ:GutPunch"],"picked":"SKIP","floor":31},{"not_picked":["champ:ShieldSlam","champ:PerfectedStrike+1","champ:GutPunch"],"picked":"SKIP","floor":32},{"not_picked":["champ:Improvising","champ:HeavySlash"],"picked":"champ:HoldFirm","floor":33},{"not_picked":["champ:RecklessLeap+1","champ:ShieldSigil+1","champ:BringItOn+1"],"picked":"SKIP","floor":36},{"not_picked":["champ:GutPunch+1","champ:DefensiveShout","champ:DefensiveStyle"],"picked":"SKIP","floor":40},{"not_picked":["champ:EnGarde","champ:TornadoPunch+1"],"picked":"champ:FlashCut+1","floor":45},{"not_picked":["champ:BringItOn","champ:BerserkersShout+1","champ:EnGarde"],"picked":"SKIP","floor":46},{"not_picked":["champ:BerserkersShout+1","champ:VampiricStrike","champ:BringItOn+1"],"picked":"SKIP","floor":47},{"not_picked":["champ:ShieldSlam+1","champ:BladeFlurry"],"picked":"champ:FlashCut+1","floor":49},{"not_picked":["champ:SkillfulDodge+1","champ:Backstep+1","champ:VampiricStrike"],"picked":"SKIP","floor":52}],"player_experience":423809,"relics_obtained":[{"floor":1.0,"key":"AT_EbonyIvory"},{"floor":6.0,"key":"testmod-EqualTreatment"},{"floor":8.0,"key":"Golden Egg"},{"floor":11.0,"key":"ReplayTheSpireMod:Lightbulb"},{"floor":24,"key":"Chameleon Ring"},{"floor":25,"key":"Matryoshka"},{"floor":37,"key":"champ:GladiatorsBookOfMartialProwess"},{"floor":41,"key":"Anchor"},{"floor":41,"key":"Ornamental Fan"},{"floor":48,"key":"testmod-IndustrialRevolution"},{"floor":48,"key":"AT_SilverBalance"},{"floor":52,"key":"testmod-OneHitWonder"}],"event_choices":[{"damage_healed":0,"gold_gain":0,"player_choice":"Fight","damage_taken":0,"max_hp_gain":0,"max_hp_loss":0,"event_name":"Mysterious Sphere","floor":37,"gold_loss":0},{"cards_removed":["champ:FaceSlap"],"damage_healed":0,"gold_gain":0,"player_choice":"Removed Attack","damage_taken":0,"max_hp_gain":0,"max_hp_loss":0,"event_name":"Falling","floor":38,"gold_loss":0}],"is_beta":false,"boss_relics":[{"not_picked":["testmod-SaigiyounoYou","Pandora\u0027s Box"],"picked":"EE1DDrone"},{"not_picked":["Replay:Ancient Bell","testmod-NegativeEmotionEnhancer"],"picked":"xbg"}],"items_purged_floors":[30],"is_endless":false,"potions_floor_spawned":[2,6,9,11,15,19,25,27,29,33,36,46,49],"ascension_level":0}}