{"host":"f5gffvlv6a66yqkd","time":1612636135,"event":{"mods":["2.2 Compatiblity","BaseMod","Colored Map","Custom Start","DeckTracker","Keyboard Shortcuts","Minty Spire (QoL Compilation)","Permanent Neow","Quick Restart","Relic Stats","StSLib","SuperFastMode"],"gold_per_floor":[210,109,120,139,139,139,167,183,183,183,183,183,208,226,226,226,226],"floor_reached":16,"language":"KOR","playtime":247,"items_purged":["Strike_B"],"score":200,"play_id":"6e301799-2b2b-42cb-91b1-bbff176cd255","local_time":"20210207032855","is_ascension_mode":true,"campfire_choices":[{"data":"Darkness","floor":6.0,"key":"SMITH"},{"data":"Dualcast","floor":10.0,"key":"SMITH"},{"data":"Creative AI","floor":12.0,"key":"SMITH"},{"data":"Zap","floor":15,"key":"SMITH"}],"circlet_count":0,"master_deck":["AscendersBane","Strike_B","Defend_B","Defend_B","Defend_B","Defend_B","Zap+1","Dualcast+1","Ball Lightning","Conserve Battery","Rebound","Darkness+1","Ball Lightning","Chill","Creative AI+1"],"relics":["Cracked Core","Question Card","FossilizedHelix","Juzu Bracelet"],"acts_visited":["Exordium"],"potions_floor_usage":[],"damage_taken":[{"damage":2.0,"enemies":"Cultist","floor":1.0,"turns":4.0},{"damage":0.0,"enemies":"2 Louse","floor":3.0,"turns":3.0},{"damage":5.0,"enemies":"Jaw Worm","floor":4.0,"turns":3.0},{"damage":10.0,"enemies":"Lagavulin","floor":7.0,"turns":5.0},{"damage":11.0,"enemies":"Blue Slaver","floor":8.0,"turns":4.0},{"damage":0.0,"enemies":"Large Slime","floor":14.0,"turns":4.0},{"damage":30,"enemies":"Hexaghost","floor":16,"turns":7}],"seed_played":"-8178233491261301188","potions_obtained":[{"floor":3.0,"key":"SkillPotion"},{"floor":4.0,"key":"Energy Potion"}],"is_trial":false,"path_per_floor":["M","$","M","M","?","R","E","M","T","R","?","R","T","M","R","B"],"character_chosen":"DEFECT","items_purchased":["Conserve Battery"],"campfire_rested":0,"item_purchase_floors":[2],"current_hp_per_floor":[62,62,62,57,50,50,40,29,29,29,29,29,29,29,29,0,0],"gold":226,"neow_bonus":"HUNDRED_GOLD","is_daily":false,"chose_seed":false,"campfire_upgraded":4,"win_rate":0.0,"timestamp":1612636135,"path_taken":["M","$","M","M","?","R","E","M","T","R","?","R","?","M","R","BOSS"],"items_purchased_type":["Card"],"build_version":"2020-12-22","purchased_purges":1,"victory":false,"max_hp_per_floor":[71,71,71,71,71,71,71,71,71,71,71,71,71,71,71,71,71],"relic_stats":{"counters":[7,30],"Juzu Bracelet":0,"Question Card":3,"obtain_stats":[{"Juzu Bracelet":13,"Cracked Core":0,"Question Card":7,"FossilizedHelix":9},{"Juzu Bracelet":5,"Cracked Core":0,"Question Card":4,"FossilizedHelix":5},{"Juzu Bracelet":19,"Cracked Core":0,"Question Card":15,"FossilizedHelix":19}]},"card_choices":[{"not_picked":["Streamline","Sunder"],"picked":"Ball Lightning","floor":1.0},{"not_picked":["Streamline","Turbo"],"picked":"Rebound","floor":3.0},{"not_picked":["Turbo","Lockon"],"picked":"Darkness","floor":4.0},{"not_picked":["BootSequence","Machine Learning"],"picked":"Ball Lightning","floor":7.0},{"not_picked":["Beam Cell","Gash","Sunder"],"picked":"Chill","floor":8.0},{"not_picked":["Hologram","Rebound","Steam","Gash"],"picked":"SKIP","floor":14}],"player_experience":1691363,"relics_obtained":[{"floor":7.0,"key":"Question Card"},{"floor":9.0,"key":"FossilizedHelix"},{"floor":13.0,"key":"Juzu Bracelet"}],"event_choices":[{"cards_removed":["Strike_B"],"damage_healed":0.0,"max_hp_gain":0.0,"max_hp_loss":0.0,"gold_gain":0.0,"event_name":"Golden Wing","player_choice":"Card Removal","floor":5.0,"gold_loss":0.0,"damage_taken":7.0},{"damage_healed":0.0,"max_hp_gain":0.0,"max_hp_loss":0.0,"gold_gain":0.0,"cards_transformed":["Strike_B"],"event_name":"Living Wall","player_choice":"Change","floor":11.0,"gold_loss":0.0,"damage_taken":0.0,"cards_obtained":["Creative AI"]}],"is_beta":false,"boss_relics":[],"items_purged_floors":[2],"is_endless":false,"potions_floor_spawned":[3,4],"killed_by":"Hexaghost","ascension_level":20}}