{"host":"v489jgd5bhcw0cgn","time":1612570231,"event":{"mods":["AchievementEnabler","BaseMod","Better Note","Colored Powertips","Marked Mod","Minty Spire (QoL Compilation)","Quick Restart","Red Circlet Mod","Relic Stats","Spicy Shops","StSLib"],"gold_per_floor":[119,119,48,48,48,87,87,128,205,205,539,504,226,241,241,371,371,385,281,281,281,281,320,344,344,398,398,398,417,452,477,477,608,608,631,233,233,233],"floor_reached":37,"language":"ENG","playtime":2145,"items_purged":[],"score":519,"play_id":"58d5d5b7-e89f-4615-9dc1-14ae0d2ed1c7","local_time":"20210205191031","is_ascension_mode":false,"campfire_choices":[{"floor":7,"key":"RECALL"},{"data":"LessonLearned","floor":10,"key":"SMITH"},{"data":"MarkedMod:NorthStar","floor":15,"key":"SMITH"},{"floor":25,"key":"REST"},{"floor":32,"key":"REST"}],"circlet_count":0,"master_deck":["Strike_P+1","Strike_P+1","Strike_P+1","Strike_P","Defend_P","Defend_P","Defend_P+1","Defend_P","Eruption","Vigilance","MarkedMod:GracefulMovements","FollowUp+1","MarkedMod:GentlePulse+1","LessonLearned+1","SashWhip","FearNoEvil","MarkedMod:NorthStar+1","DeusExMachina+1","SandsOfTime","PathToVictory","MarkedMod:NorthStar","MarkedMod:PinPointDefense","Ghostly","Ghostly","Ghostly","Ghostly","Ghostly","PathToVictory","CrushJoints","MasterReality","CurseOfTheBell","EmptyFist+1"],"relics":["PureWater","NeowsBlessing","Golden Idol","Juzu Bracelet","Whetstone","Old Coin","Question Card","Art of War","SlaversCollar","Tiny Chest","Toy Ornithopter","Toxic Egg 2","Calling Bell","MealTicket","Meat on the Bone","Girya","Matryoshka","Lee\u0027s Waffle"],"acts_visited":["Exordium","TheCity","TheBeyond"],"potions_floor_usage":[25,30],"damage_taken":[{"damage":0,"enemies":"Small Slimes","floor":1,"turns":1},{"damage":0,"enemies":"3 Sentries","floor":6,"turns":2},{"damage":0,"enemies":"Lagavulin","floor":8,"turns":1},{"damage":18,"enemies":"Gremlin Nob","floor":11,"turns":4},{"damage":0,"enemies":"Cultist","floor":14,"turns":3},{"damage":11,"enemies":"Slime Boss","floor":16,"turns":5},{"damage":0,"enemies":"Chosen","floor":18,"turns":3},{"damage":29,"enemies":"Slavers","floor":23,"turns":3},{"damage":25,"enemies":"3 Byrds","floor":24,"turns":3},{"damage":15,"enemies":"3 Cultists","floor":29,"turns":6},{"damage":5,"enemies":"Gremlin Leader","floor":30,"turns":8},{"damage":5,"enemies":"Sentry and Sphere","floor":31,"turns":4},{"damage":4,"enemies":"Collector","floor":33,"turns":6},{"damage":33,"enemies":"3 Darklings","floor":35,"turns":7},{"damage":64,"enemies":"2 Orb Walkers","floor":37,"turns":3}],"seed_played":"7668371975188060618","potions_obtained":[{"floor":1,"key":"Fruit Juice"},{"floor":11,"key":"SteroidPotion"},{"floor":14,"key":"Block Potion"},{"floor":27,"key":"DistilledChaos"},{"floor":27,"key":"Dexterity Potion"},{"floor":31,"key":"BlessingOfTheForge"},{"floor":33,"key":"Block Potion"}],"is_trial":false,"path_per_floor":["M","?","$","$","?","E","R","E","T","R","E","?","$","M","R","B",null,"M","$","?","?","?","E","M","R","T","?","?","M","E","M","R","B",null,"M","$","?"],"character_chosen":"WATCHER","items_purchased":["MarkedMod:GentlePulse","Question Card","Art of War","PathToVictory","Matryoshka","Lee\u0027s Waffle"],"campfire_rested":2,"item_purchase_floors":[3,13,13,19,36,36],"current_hp_per_floor":[72,72,72,72,54,54,54,54,54,54,36,54,54,54,54,43,72,72,72,72,72,72,43,18,44,44,44,38,23,23,18,29,25,38,17,45,0,0],"gold":233,"neow_bonus":"THREE_ENEMY_KILL","is_daily":false,"chose_seed":false,"campfire_upgraded":2,"win_rate":0.0,"timestamp":1612570231,"path_taken":["M","?","?","$","?","E","R","E","T","R","E","?","$","M","R","BOSS","M","$","?","?","?","E","M","R","T","?","?","M","E","M","R","BOSS","M","$","?"],"items_purchased_type":["Card","Relic","Relic","Card","Relic","Relic"],"build_version":"2020-12-22","purchased_purges":0,"victory":false,"max_hp_per_floor":[72,72,72,72,72,72,72,72,72,72,72,72,72,72,72,72,72,72,72,72,72,72,72,72,77,77,77,38,38,38,38,38,38,38,38,45,45,45],"relic_stats":{"Lee\u0027s Waffle":13,"counters":[15,59],"Golden Idol":128,"Tiny Chest":0,"MealTicket":15,"Juzu Bracelet":2,"Art of War":[6],"Whetstone":["Strike_P","FollowUp"],"Question Card":11,"obtain_stats":[{"Girya":34,"Lee\u0027s Waffle":36,"NeowsBlessing":0,"Golden Idol":5,"Juzu Bracelet":6,"Whetstone":8,"Question Card":13,"Old Coin":11,"Calling Bell":34,"SlaversCollar":17,"Matryoshka":36,"Tiny Chest":23,"MealTicket":34,"Art of War":13,"PureWater":0,"Toxic Egg 2":30,"Toy Ornithopter":26,"Meat on the Bone":34},{"Girya":13,"Lee\u0027s Waffle":14,"NeowsBlessing":0,"Golden Idol":1,"Juzu Bracelet":2,"Whetstone":3,"Question Card":4,"Old Coin":4,"Calling Bell":13,"SlaversCollar":6,"Matryoshka":14,"Tiny Chest":8,"MealTicket":13,"Art of War":4,"PureWater":0,"Toxic Egg 2":11,"Toy Ornithopter":9,"Meat on the Bone":13},{"Girya":49,"Lee\u0027s Waffle":56,"NeowsBlessing":0,"Golden Idol":1,"Juzu Bracelet":3,"Whetstone":4,"Question Card":8,"Old Coin":8,"Calling Bell":49,"SlaversCollar":16,"Matryoshka":56,"Tiny Chest":22,"MealTicket":49,"Art of War":8,"PureWater":0,"Toxic Egg 2":39,"Toy Ornithopter":25,"Meat on the Bone":49}],"Toy Ornithopter":5,"Meat on the Bone":12},"card_choices":[{"not_picked":["BattleHymn","EmptyMind"],"picked":"MarkedMod:GracefulMovements","floor":1},{"not_picked":["BattleHymn","EmptyMind"],"picked":"MarkedMod:GracefulMovements","floor":1},{"not_picked":["ClearTheMind","FlyingSleeves"],"picked":"LessonLearned","floor":6},{"not_picked":["MarkedMod:GentlePulse","FlyingSleeves"],"picked":"SashWhip","floor":8},{"not_picked":["MarkedMod:FirstStrike","Evaluate"],"picked":"FearNoEvil","floor":11},{"not_picked":["Nirvana","MarkedMod:GentlePulse","EmptyFist"],"picked":"MarkedMod:NorthStar","floor":14},{"not_picked":["Judgement","Scrawl","MarkedMod:SlowDance"],"picked":"DeusExMachina","floor":16},{"not_picked":["MarkedMod:OneThousandNeedles","FlurryOfBlows","FlyingSleeves+1"],"picked":"SandsOfTime","floor":18},{"not_picked":["ThirdEye","BattleHymn","MarkedMod:GentlePulse"],"picked":"MarkedMod:NorthStar","floor":23},{"not_picked":["ClearTheMind","Halt+1","BowlingBash"],"picked":"MarkedMod:PinPointDefense","floor":24},{"not_picked":["MarkedMod:GentlePulse","Evaluate+1","EmptyFist"],"picked":"PathToVictory","floor":29},{"not_picked":["SashWhip","MarkedMod:GracefulMovements+1","Worship+1","Protect+1"],"picked":"SKIP","floor":30},{"not_picked":["Evaluate+1","Consecrate","BattleHymn"],"picked":"CrushJoints","floor":31},{"not_picked":["Judgement+1","Brilliance","Scrawl+1"],"picked":"MasterReality","floor":33},{"not_picked":["Protect+1","ClearTheMind+1","Adaptation+1"],"picked":"EmptyFist+1","floor":35}],"player_experience":260298,"relics_obtained":[{"floor":6,"key":"Juzu Bracelet"},{"floor":8,"key":"Whetstone"},{"floor":11,"key":"Old Coin"},{"floor":23,"key":"Tiny Chest"},{"floor":26,"key":"Toy Ornithopter"},{"floor":30,"key":"Toxic Egg 2"},{"floor":34,"key":"MealTicket"},{"floor":34,"key":"Meat on the Bone"},{"floor":34,"key":"Girya"}],"event_choices":[{"damage_healed":0,"gold_gain":0,"player_choice":"1 cards matched","damage_taken":0,"max_hp_gain":0,"max_hp_loss":0,"event_name":"Match and Keep!","floor":2,"gold_loss":0,"cards_obtained":["FollowUp"]},{"damage_healed":0,"gold_gain":0,"player_choice":"Take Damage","damage_taken":18,"relics_obtained":["Golden Idol"],"max_hp_gain":0,"max_hp_loss":0,"event_name":"Golden Idol","floor":5,"gold_loss":0},{"damage_healed":18,"gold_gain":0,"player_choice":"Healed","damage_taken":0,"max_hp_gain":0,"max_hp_loss":0,"event_name":"The Cleric","floor":12,"gold_loss":35},{"damage_healed":0,"gold_gain":0,"player_choice":"Upgraded","damage_taken":0,"max_hp_gain":0,"max_hp_loss":0,"event_name":"Upgrade Shrine","floor":20,"gold_loss":0,"cards_upgraded":["DeusExMachina"]},{"cards_removed":["MarkedMod:GracefulMovements"],"damage_healed":0,"gold_gain":0,"player_choice":"Purged","damage_taken":0,"max_hp_gain":0,"max_hp_loss":0,"event_name":"Purifier","floor":21,"gold_loss":0},{"cards_removed":["DeusExMachina"],"damage_healed":0,"gold_gain":0,"player_choice":"Give","damage_taken":0,"max_hp_gain":0,"max_hp_loss":0,"event_name":"betterNote:BetterNote","floor":22,"gold_loss":0,"cards_obtained":["Regret"]},{"damage_healed":0,"gold_gain":0,"player_choice":"Got Potions","damage_taken":0,"max_hp_gain":0,"max_hp_loss":0,"event_name":"Lab","floor":27,"gold_loss":0},{"damage_healed":0,"gold_gain":0,"player_choice":"Became a Ghost","damage_taken":0,"max_hp_gain":0,"max_hp_loss":39,"event_name":"Ghosts","floor":28,"gold_loss":0,"cards_obtained":["Ghostly","Ghostly","Ghostly","Ghostly","Ghostly"]},{"damage_healed":0,"gold_gain":0,"player_choice":"Fight","damage_taken":0,"max_hp_gain":0,"max_hp_loss":0,"event_name":"Mysterious Sphere","floor":37,"gold_loss":0}],"is_beta":false,"boss_relics":[{"not_picked":["Cursed Key","Empty Cage"],"picked":"SlaversCollar"},{"not_picked":["VioletLotus","Pandora\u0027s Box"],"picked":"Calling Bell"}],"items_purged_floors":[],"is_endless":false,"potions_floor_spawned":[1,11,14,31,33],"killed_by":"2 Orb Walkers","ascension_level":0}}