{"host":"1y3caoxlf2txzqg0","time":1612569866,"event":{"mods":["Alarm Clock","BaseMod","Colored Map","DeckTracker","Downfall","GifTheSpireLib","Minty Spire (QoL Compilation)","Rare Cards Sparkle","Relic Stats","Spire Birthday Party","StSLib"],"gold_per_floor":[99,119,139,158,172,347,347,367,377,397,431,431,431,444,459,562,562,562,577,591,606,606,626,626,666,207,207,232,232,276,304,327,431,431,431,458,486,510,510,510,519,563,14,14,40,34,48,91,110,110],"floor_reached":51,"language":"DEU","playtime":7889,"items_purged":[],"score":784,"play_id":"f66d8850-749e-431d-b9c2-a283936532e5","local_time":"20210206010426","is_ascension_mode":false,"campfire_choices":[{"floor":1.0,"key":"RECALL"},{"floor":13.0,"key":"REST"},{"data":"Slimebound:SlimeSlap","floor":18.0,"key":"SMITH"},{"data":"Slimebound:LeechEnergy","floor":29.0,"key":"SMITH"},{"data":"Slimebound:Overexert","floor":35,"key":"SMITH"},{"data":"Slimebound:SlimeBarrage","floor":40,"key":"SMITH"},{"data":"Slimebound:MassRepurpose","floor":44,"key":"SMITH"}],"circlet_count":0,"master_deck":["Slimebound:Strike_Slimebound","Slimebound:Strike_Slimebound","Slimebound:Strike_Slimebound","Slimebound:Tackle","Slimebound:Defend_Slimebound","Slimebound:Defend_Slimebound","Slimebound:Defend_Slimebound","Slimebound:Defend_Slimebound","Slimebound:Split","Slimebound:CorrosiveSpit","Slimebound:SplitMire","Slimebound:SpikyOuterGoop","Slimebound:LeechingTouch","Slimebound:LeechEnergy","Slimebound:GoopSpray","Slimebound:SplitAcid","Slimebound:AcidTongue","Slimebound:LivingWall","Slimebound:Prepare+1","Slimebound:SlimeBarrage+1","Slimebound:SlimeSlap+1","Slimebound:GoopSpray","Slimebound:SplitBruiser","Slimebound:SplitAcid","Slimebound:Nibble","Slimebound:MegaLick","Slimebound:SplitAcid+1","Slimebound:Nibble","Slimebound:LeechEnergy+1","Slimebound:LivingWall","Slimebound:SplitLeeching+1","Slimebound:GoopTackle","Slimebound:Overexert+1","Slimebound:SplitMire+1","Slimebound:OneTwoCombo","Slimebound:AcidTongue+1","Writhe","Slimebound:MassRepurpose+1","Slimebound:SpikyOuterGoop+1","expansioncontent:QuickStudy","Slimebound:LeadByExample","Slimebound:SlimeTap","Slimebound:MassRepurpose","Slimebound:SplitLeeching","Slimebound:PressTheAttack+1"],"relics":["Slimebound:AbsorbEndCombat","Mango","Bronze Scales","Eternal Feather","bronze:MakeshiftBattery","CeramicFish","Ice Cream","Shuriken","Cursed Key","Omamori","War Paint","Torii","Question Card"],"acts_visited":["Exordium","TheCity","TheBeyond"],"potions_floor_usage":[32,33,33,33,42,45,48,50,50],"damage_taken":[{"damage":12.0,"enemies":"Jaw Worm","floor":2.0,"turns":4.0},{"damage":1.0,"enemies":"Small Slimes","floor":3.0,"turns":4.0},{"damage":3.0,"enemies":"Cultist","floor":4.0,"turns":3.0},{"damage":22.0,"enemies":"Exordium Thugs","floor":5.0,"turns":5.0},{"damage":11.0,"enemies":"Blue Slaver","floor":8.0,"turns":3.0},{"damage":3.0,"enemies":"Gremlin Gang","floor":9.0,"turns":4.0},{"damage":15.0,"enemies":"Exordium Thugs","floor":10.0,"turns":4.0},{"damage":42.0,"enemies":"Gremlin Nob","floor":11.0,"turns":5.0},{"damage":6.0,"enemies":"Large Slime","floor":14.0,"turns":5.0},{"damage":2.0,"enemies":"Blue Slaver","floor":15.0,"turns":4.0},{"damage":33.0,"enemies":"DF_ARCHETYPE_STREAMLINE","floor":16.0,"turns":10.0},{"damage":6.0,"enemies":"Spheric Guardian","floor":19.0,"turns":4.0},{"damage":2.0,"enemies":"3 Byrds","floor":20.0,"turns":2.0},{"damage":5.0,"enemies":"Snake Plant","floor":21.0,"turns":4.0},{"damage":0.0,"enemies":"Cultist and Chosen","floor":23.0,"turns":4.0},{"damage":6.0,"enemies":"Book of Stabbing","floor":25.0,"turns":5.0},{"damage":0.0,"enemies":"downfall:FleeingMerchant","floor":26.0,"turns":4.0},{"damage":14.0,"enemies":"Centurion and Healer","floor":28.0,"turns":5.0},{"damage":29,"enemies":"Slavers","floor":30,"turns":3},{"damage":8,"enemies":"Snecko","floor":31,"turns":3},{"damage":12,"enemies":"Snake Plant","floor":32,"turns":3},{"damage":31,"enemies":"WA_ARCHETYPE_CALM","floor":33,"turns":11},{"damage":1,"enemies":"Orb Walker","floor":36,"turns":4},{"damage":13,"enemies":"3 Shapes","floor":37,"turns":3},{"damage":10,"enemies":"Jaw Worm Horde","floor":38,"turns":4},{"damage":32,"enemies":"Reptomancer","floor":42,"turns":4},{"damage":0,"enemies":"downfall:FleeingMerchant","floor":43,"turns":4},{"damage":17,"enemies":"Sphere and 2 Shapes","floor":45,"turns":4},{"damage":1,"enemies":"downfall:FleeingMerchant","floor":46,"turns":4},{"damage":12,"enemies":"Transient","floor":47,"turns":5},{"damage":59,"enemies":"Nemesis","floor":48,"turns":9},{"damage":18,"enemies":"3 Darklings","floor":49,"turns":5},{"damage":7,"enemies":"IC_BLOCK_ARCHETYPE","floor":50,"turns":8}],"seed_played":"-87498782899737525","potions_obtained":[{"floor":3.0,"key":"PowerPotion"},{"floor":4.0,"key":"Strength Potion"},{"floor":8.0,"key":"BlessingOfTheForge"},{"floor":14.0,"key":"SkillPotion"},{"floor":15.0,"key":"BlessingOfTheForge"},{"floor":19.0,"key":"Block Potion"},{"floor":20.0,"key":"Fruit Juice"},{"floor":21.0,"key":"Ancient Potion"},{"floor":22.0,"key":"downfall:CursedFountainPotion"},{"floor":23.0,"key":"ColorlessPotion"},{"floor":30,"key":"ColorlessPotion"},{"floor":32,"key":"Swift Potion"},{"floor":33,"key":"Regen Potion"},{"floor":36,"key":"DistilledChaos"},{"floor":37,"key":"LiquidBronze"},{"floor":42,"key":"Fire Potion"},{"floor":47,"key":"Fire Potion"}],"is_trial":false,"path_per_floor":["R","M","M","M","M","?","T","M","M","M","E","?","R","M","M","B",null,"R","M","M","M","?","M","T","E","$","?","M","R","E","M","M","B",null,"R","M","M","M","?","R","T","E","$","R","M","$","M","E","M","B",null],"character_chosen":"SLIMEBOUND","items_purchased":["Fruit Juice","Ice Cream","Slimebound:Nibble","Torii","expansioncontent:QuickStudy","Slimebound:LeadByExample"],"campfire_rested":1,"item_purchase_floors":[26,26,26,43,43,43],"current_hp_per_floor":[73,67,68,71,57,57,57,54,59,50,12,12,42,40,40,15,73,73,71,76,75,75,78,78,78,78,78,77,83,58,56,52,29,83,83,82,76,74,74,83,83,57,65,83,68,71,67,31,21,22],"gold":110,"neow_bonus":"ONE_RARE_RELIC","is_daily":false,"chose_seed":false,"campfire_upgraded":5,"win_rate":0.0,"timestamp":1612569866,"path_taken":["R","M","M","M","M","?","T","M","M","M","E","?","R","M","M","BOSS","R","M","M","M","?","?","T","E","$","?","M","R","E","M","M","BOSS","R","M","M","M","?","R","T","E","$","R","M","$","?","E","M","BOSS"],"items_purchased_type":["Potion","Relic","Card","Relic","Card","Card"],"build_version":"2020-12-22","purchased_purges":0,"victory":true,"max_hp_per_floor":[73,73,73,73,73,73,73,73,73,73,73,73,73,73,73,73,73,73,73,78,78,78,78,78,78,78,78,83,83,83,83,83,83,83,83,83,83,83,83,83,83,83,83,83,83,83,83,83,83,83],"relic_stats":{"Torii":19,"counters":[33,146],"Shuriken":[17],"Bronze Scales":[386],"CeramicFish":180,"Eternal Feather":42,"War Paint":["Slimebound:Prepare","Slimebound:SplitAcid"],"Cursed Key":1,"Question Card":1,"obtain_stats":[{"Ice Cream":26,"Torii":43,"CeramicFish":25,"Mango":0,"Eternal Feather":11,"Omamori":41,"War Paint":42,"Cursed Key":34,"Question Card":48,"downfall:BrokenWingStatue":12,"Shuriken":30,"Bronze Scales":7,"Slimebound:AbsorbEndCombat":0,"bronze:MakeshiftBattery":17},{"Ice Cream":17,"Torii":27,"CeramicFish":16,"Mango":0,"Eternal Feather":8,"Omamori":25,"War Paint":26,"Cursed Key":22,"Question Card":31,"downfall:BrokenWingStatue":8,"Shuriken":19,"Bronze Scales":4,"Slimebound:AbsorbEndCombat":0,"bronze:MakeshiftBattery":11},{"Ice Cream":71,"Torii":112,"CeramicFish":67,"Mango":0,"Eternal Feather":30,"Omamori":104,"War Paint":108,"Cursed Key":95,"Question Card":133,"downfall:BrokenWingStatue":30,"Shuriken":79,"Bronze Scales":15,"Slimebound:AbsorbEndCombat":0,"bronze:MakeshiftBattery":48}]},"card_choices":[{"not_picked":["Slimebound:SplitBruiser","Slimebound:TongueLash"],"picked":"Slimebound:SplitMire","floor":2.0},{"not_picked":["Slimebound:SlimeSpikes","Slimebound:RollThrough"],"picked":"Slimebound:SpikyOuterGoop","floor":3.0},{"not_picked":["Slimebound:BestDefense","Slimebound:SlimeBrawl"],"picked":"Slimebound:LeechingTouch","floor":4.0},{"not_picked":["Slimebound:RollThrough","Slimebound:RejuvenatingLick"],"picked":"Slimebound:LeechEnergy","floor":5.0},{"not_picked":["Slimebound:Teamwork","Slimebound:SplitMire"],"picked":"Slimebound:GoopSpray","floor":8.0},{"not_picked":["Slimebound:Schlurp","Slimebound:SlimeSpikes"],"picked":"Slimebound:SplitAcid","floor":9.0},{"not_picked":["Slimebound:Dissolve","Slimebound:SplitMire"],"picked":"Slimebound:AcidTongue","floor":10.0},{"not_picked":["Slimebound:Chomp","Slimebound:OozeBath"],"picked":"Slimebound:LivingWall","floor":11.0},{"not_picked":["Slimebound:ItLooksTasty","Slimebound:RejuvenatingLick"],"picked":"Slimebound:Prepare","floor":14.0},{"not_picked":["Slimebound:ForwardTackle","Slimebound:SlimeSpikes"],"picked":"Slimebound:SlimeBarrage","floor":15.0},{"not_picked":["Slimebound:DuplicatedForm","Slimebound:WasteNot"],"picked":"Slimebound:SlimeSlap","floor":16.0},{"not_picked":["Slimebound:TongueLash","Slimebound:Schlurp"],"picked":"Slimebound:GoopSpray","floor":19.0},{"not_picked":["Slimebound:AcidTongue+1","Slimebound:SplitLeeching"],"picked":"Slimebound:SplitBruiser","floor":20.0},{"not_picked":["Slimebound:LeechingTouch","Slimebound:FormOfPuddle+1"],"picked":"Slimebound:SplitAcid","floor":21.0},{"not_picked":["Slimebound:Prepare","Slimebound:ViciousTackle"],"picked":"Slimebound:Nibble","floor":23.0},{"not_picked":["Slimebound:WasteNot","Slimebound:ForwardTackle"],"picked":"Slimebound:MegaLick","floor":25.0},{"not_picked":["Slimebound:SlimeSpikes","Slimebound:TongueLash"],"picked":"Slimebound:SplitAcid","floor":26.0},{"not_picked":["Slimebound:Schlurp","Slimebound:GoopTackle"],"picked":"Slimebound:LeechEnergy","floor":28.0},{"not_picked":["Slimebound:SplitAcid","Slimebound:SplitLeeching"],"picked":"Slimebound:LivingWall","floor":30},{"not_picked":["Slimebound:RollThrough+1","Slimebound:Prepare"],"picked":"Slimebound:SplitLeeching+1","floor":31},{"not_picked":["Slimebound:TongueLash+1","Slimebound:ForwardTackle"],"picked":"Slimebound:GoopTackle","floor":32},{"not_picked":["Slimebound:Teamwork","Slimebound:CheckThePlaybook"],"picked":"Slimebound:Overexert","floor":33},{"not_picked":["Slimebound:SamplingLick+1","Slimebound:LivingWall+1"],"picked":"Slimebound:SplitMire+1","floor":36},{"not_picked":["Slimebound:RejuvenatingLick","Slimebound:SplitMire+1"],"picked":"Slimebound:OneTwoCombo","floor":37},{"not_picked":["Slimebound:ProtectTheBoss","Slimebound:LivingWall"],"picked":"Slimebound:AcidTongue+1","floor":38},{"not_picked":["Slimebound:RollThrough+1","Slimebound:SamplingLick"],"picked":"Slimebound:MassRepurpose","floor":42},{"not_picked":["Slimebound:Grow","Slimebound:LeechEnergy+1"],"picked":"Slimebound:SpikyOuterGoop+1","floor":43},{"not_picked":["Slimebound:SplitMire+1","Slimebound:RejuvenatingLick+1"],"picked":"Slimebound:SlimeTap","floor":45},{"not_picked":["Slimebound:RejuvenatingLick","Slimebound:ItLooksTasty+1"],"picked":"Slimebound:MassRepurpose","floor":46},{"not_picked":["Slimebound:GoopSpray+1","Slimebound:SlimeSpikes","Slimebound:ProtectTheBoss+1"],"picked":"SKIP","floor":47},{"not_picked":["Slimebound:Prepare+1","Slimebound:Schlurp"],"picked":"Slimebound:SplitLeeching","floor":48},{"not_picked":["Slimebound:LeechEnergy+1","Slimebound:GoopTackle+1","Slimebound:ItLooksTasty"],"picked":"Slimebound:PressTheAttack+1","floor":49}],"player_experience":902705,"relics_obtained":[{"floor":7.0,"key":"Bronze Scales"},{"floor":11.0,"key":"Eternal Feather"},{"floor":25.0,"key":"CeramicFish"},{"floor":30,"key":"Shuriken"},{"floor":41,"key":"Omamori"},{"floor":42,"key":"War Paint"},{"floor":48,"key":"Question Card"}],"event_choices":[],"is_beta":false,"boss_relics":[{"not_picked":["Velvet Choker","Tiny House"],"picked":"bronze:MakeshiftBattery"},{"not_picked":["Philosopher\u0027s Stone","SlaversCollar"],"picked":"Cursed Key"}],"items_purged_floors":[],"is_endless":false,"potions_floor_spawned":[3,4,8,14,15,19,20,21,23,30,32,33,36,37,42,47],"ascension_level":0}}