{"host":"d52brwsy6af8zvaq","time":1612646856,"event":{"mods":["AchievementEnabler","BaseMod","Bestiary","Highlight Path","Minty Spire (QoL Compilation)","Quick Restart","Relic Stats","ojb\u0027s Better Paths Mod"],"gold_per_floor":[119,2,2,21,32,32,57,57,81,112,112,127,158,173,173,244,244,255,265,265,190,202,202,202],"floor_reached":23,"language":"ENG","playtime":691,"items_purged":["Strike_B+1"],"score":422,"play_id":"dfca9229-5c91-4fa7-b173-724304449983","local_time":"20210206142736","is_ascension_mode":true,"campfire_choices":[{"data":"Sunder","floor":6.0,"key":"SMITH"},{"data":"Zap","floor":8.0,"key":"SMITH"},{"data":"Dualcast","floor":11,"key":"SMITH"},{"floor":15,"key":"REST"}],"circlet_count":0,"master_deck":["AscendersBane","Strike_B+1","Strike_B+1","Strike_B+1","Defend_B+1","Defend_B+1","Defend_B+1","Defend_B+1","Zap+1","Dualcast+1","Beam Cell","Sunder+1","Capacitor","Chill","Loop","Sweeping Beam","Lockon","FTL","Cold Snap","Core Surge","Self Repair","Consume","Consume+1"],"relics":["Cracked Core","Bag of Preparation","Lizard Tail","Bronze Scales","Happy Flower","Regal Pillow","SlaversCollar"],"acts_visited":["Exordium","TheCity"],"potions_floor_usage":[10,23,23],"damage_taken":[{"damage":0.0,"enemies":"2 Louse","floor":1.0,"turns":2.0},{"damage":2.0,"enemies":"Jaw Worm","floor":4.0,"turns":3.0},{"damage":0.0,"enemies":"Cultist","floor":5.0,"turns":2.0},{"damage":24.0,"enemies":"Lagavulin","floor":7.0,"turns":5.0},{"damage":44,"enemies":"Gremlin Nob","floor":10,"turns":3},{"damage":0,"enemies":"Large Slime","floor":12,"turns":3},{"damage":13,"enemies":"Lagavulin","floor":13,"turns":4},{"damage":13,"enemies":"Exordium Thugs","floor":14,"turns":3},{"damage":21,"enemies":"Slime Boss","floor":16,"turns":8},{"damage":0,"enemies":"3 Byrds","floor":18,"turns":4},{"damage":35,"enemies":"Shell Parasite","floor":19,"turns":4},{"damage":10,"enemies":"Snecko","floor":22,"turns":4},{"damage":37,"enemies":"Book of Stabbing","floor":23,"turns":2}],"seed_played":"761213699930968014","potions_obtained":[{"floor":1.0,"key":"GamblersBrew"},{"floor":4.0,"key":"PowerPotion"},{"floor":14,"key":"Explosive Potion"},{"floor":18,"key":"DuplicationPotion"}],"is_trial":false,"path_per_floor":["M","$","?","M","M","R","E","R","T","E","R","M","E","M","R","B",null,"M","M","?","$","M","E"],"character_chosen":"DEFECT","items_purchased":["Sunder","Capacitor"],"campfire_rested":1,"item_purchase_floors":[2,2],"current_hp_per_floor":[71,71,66,64,64,64,40,40,40,39,39,39,26,13,51,30,66,66,38,38,38,35,0,0],"gold":202,"neow_bonus":"TEN_PERCENT_HP_BONUS","is_daily":false,"chose_seed":false,"campfire_upgraded":3,"win_rate":0.0,"timestamp":1612646856,"path_taken":["M","$","?","M","M","R","E","R","T","E","R","M","E","M","R","BOSS","M","M","?","$","M","E"],"items_purchased_type":["Card","Card"],"build_version":"2020-12-22","purchased_purges":1,"victory":false,"max_hp_per_floor":[78,78,78,78,78,78,78,78,78,78,78,78,78,78,78,78,78,78,78,78,78,78,78,78],"relic_stats":{"Lizard Tail":39,"Regal Pillow":15,"Happy Flower":[10],"counters":[13,47],"Bronze Scales":[70],"Bag of Preparation":[24],"obtain_stats":[{"SlaversCollar":17,"Lizard Tail":7,"Regal Pillow":13,"Happy Flower":10,"Bronze Scales":9,"Bag of Preparation":3,"Cracked Core":0},{"SlaversCollar":9,"Lizard Tail":4,"Regal Pillow":7,"Happy Flower":5,"Bronze Scales":4,"Bag of Preparation":1,"Cracked Core":0},{"SlaversCollar":33,"Lizard Tail":12,"Regal Pillow":22,"Happy Flower":15,"Bronze Scales":12,"Bag of Preparation":2,"Cracked Core":0}]},"card_choices":[{"not_picked":["Hello World","Reinforced Body"],"picked":"Beam Cell","floor":1.0},{"not_picked":["Turbo","Gash"],"picked":"Chill","floor":4.0},{"not_picked":["Reinforced Body","Rebound"],"picked":"Loop","floor":5.0},{"not_picked":["Hyperbeam","Compile Driver"],"picked":"Sweeping Beam","floor":7.0},{"not_picked":["Leap","Chaos"],"picked":"Lockon","floor":10},{"not_picked":["Conserve Battery","Hologram"],"picked":"FTL","floor":12},{"not_picked":["Leap","Streamline"],"picked":"Cold Snap","floor":13},{"not_picked":["Reboot","Ball Lightning","Lockon"],"picked":"SKIP","floor":14},{"not_picked":["Buffer","All For One"],"picked":"Core Surge","floor":16},{"not_picked":["Go for the Eyes","Coolheaded"],"picked":"Self Repair","floor":18},{"not_picked":["Capacitor+1","Hologram"],"picked":"Consume","floor":19},{"not_picked":["Loop","Cold Snap"],"picked":"Consume+1","floor":22}],"player_experience":2166720,"relics_obtained":[{"floor":7.0,"key":"Lizard Tail"},{"floor":9.0,"key":"Bronze Scales"},{"floor":10,"key":"Happy Flower"},{"floor":13,"key":"Regal Pillow"}],"event_choices":[{"damage_healed":0.0,"max_hp_gain":0.0,"max_hp_loss":0.0,"gold_gain":0.0,"event_name":"Scrap Ooze","player_choice":"Success","floor":3.0,"gold_loss":0.0,"damage_taken":5.0,"relics_obtained":["Bag of Preparation"]},{"damage_healed":0,"gold_gain":0,"player_choice":"Simplicity","damage_taken":0,"max_hp_gain":0,"max_hp_loss":0,"event_name":"Back to Basics","floor":20,"gold_loss":0,"cards_upgraded":["Strike_B","Strike_B","Strike_B","Strike_B","Defend_B","Defend_B","Defend_B","Defend_B"]}],"is_beta":false,"boss_relics":[{"not_picked":["FrozenCore","Velvet Choker"],"picked":"SlaversCollar"}],"items_purged_floors":[21],"is_endless":false,"potions_floor_spawned":[1,4,14,18,19],"killed_by":"Book of Stabbing","ascension_level":20}}