{"host":"oopoa2qluour3scl","time":1612654726,"event":{"mods":["2.2 Compatiblity","AchievementEnabler","AlwaysNeverKeys","BaseMod","Better Match","Better Note","Better Sensory Stone","Better Third Choice","Better Vampires","BetterRewards","Colored Powertips","Communication Mod","Minty Spire (QoL Compilation)","Practice Mode","Random Character Button","Relic Stats","StSLib","SuperFastMode","Swap Starting Deck Mod"],"gold_per_floor":[116,66,79,79,95,124,124,158,158,158,187,244,1,14,14,118,118,134,134,134,134,146,157,183,183,183,183,194,194,211,223,223,223,223],"floor_reached":33,"language":"ENG","playtime":1149,"items_purged":[],"score":285,"play_id":"f06e81fe-99b4-4ae1-907f-1b8620c0134a","local_time":"20210207003846","is_ascension_mode":false,"campfire_choices":[{"data":"Limit Break","floor":7,"key":"SMITH"},{"floor":10,"key":"REST"},{"floor":15,"key":"REST"},{"data":"Berserk","floor":25,"key":"SMITH"},{"data":"Echo Form","floor":27,"key":"SMITH"},{"data":"Armaments","floor":32,"key":"SMITH"}],"circlet_count":0,"master_deck":["Strike_R","Strike_R","Strike_R","Strike_R","Defend_R","Defend_R","Defend_R","Bash","Disarm","Perfected Strike","Heavy Blade","Limit Break+1","Pommel Strike","Armaments+1","Perfected Strike","Berserk+1","Flex+1","Echo Form+1","Flex","Feed"],"relics":["Burning Blood","Bag of Marbles","Pantograph","Darkstone Periapt","Blue Candle","Centennial Puzzle","Boot","Oddly Smooth Stone","Coffee Dripper","Ancient Tea Set","Self Forming Clay","CultistMask"],"acts_visited":["Exordium","TheCity"],"potions_floor_usage":[6,11,16,24,33],"damage_taken":[{"damage":15,"enemies":"Jaw Worm","floor":1,"turns":4},{"damage":0,"enemies":"2 Louse","floor":3,"turns":3},{"damage":7,"enemies":"Cultist","floor":5,"turns":4},{"damage":14,"enemies":"Gremlin Nob","floor":6,"turns":3},{"damage":37,"enemies":"3 Sentries","floor":8,"turns":11},{"damage":40,"enemies":"Lagavulin","floor":11,"turns":6},{"damage":6,"enemies":"Gremlin Nob","floor":12,"turns":3},{"damage":9,"enemies":"Exordium Wildlife","floor":14,"turns":5},{"damage":58,"enemies":"The Guardian","floor":16,"turns":11},{"damage":8,"enemies":"3 Byrds","floor":18,"turns":5},{"damage":14,"enemies":"Chosen","floor":22,"turns":3},{"damage":27,"enemies":"Centurion and Healer","floor":23,"turns":5},{"damage":25,"enemies":"Book of Stabbing","floor":24,"turns":3},{"damage":23,"enemies":"Snecko","floor":28,"turns":4},{"damage":9,"enemies":"Snake Plant","floor":30,"turns":3},{"damage":33,"enemies":"3 Cultists","floor":31,"turns":6},{"damage":55,"enemies":"Automaton","floor":33,"turns":6}],"seed_played":"-5981900272462280647","potions_obtained":[{"floor":3,"key":"Fire Potion"},{"floor":5,"key":"Explosive Potion"},{"floor":6,"key":"ElixirPotion"},{"floor":16,"key":"Energy Potion"},{"floor":18,"key":"PowerPotion"},{"floor":22,"key":"Block Potion"},{"floor":31,"key":"SkillPotion"}],"is_trial":false,"path_per_floor":["M","?","M","?","M","E","R","E","T","R","E","?","$","M","R","B",null,"M","?","?","$","M","M","E","R","T","R","M","?","M","M","R","B"],"character_chosen":"IRONCLAD","items_purchased":["FairyPotion","Oddly Smooth Stone"],"campfire_rested":2,"item_purchase_floors":[13,13],"current_hp_per_floor":[71,71,77,70,69,61,61,30,30,54,20,20,20,17,41,14,80,78,78,78,78,70,49,30,30,30,30,13,13,10,15,15,0,0],"gold":223,"neow_bonus":"RANDOM_COMMON_RELIC","is_daily":false,"chose_seed":false,"campfire_upgraded":4,"win_rate":0.0,"timestamp":1612654726,"path_taken":["M","?","M","?","M","E","R","E","T","R","E","?","?","M","R","BOSS","M","?","?","$","M","M","E","R","T","R","M","?","?","?","R","BOSS"],"items_purchased_type":["Potion","Relic"],"build_version":"2020-12-22","purchased_purges":0,"victory":false,"max_hp_per_floor":[80,80,80,80,80,80,80,80,80,80,80,80,80,80,80,80,80,80,80,80,80,80,80,80,80,80,80,80,80,80,80,80,80,80],"relic_stats":{"Darkstone Periapt":0,"Centennial Puzzle":[33],"counters":[145,584],"Self Forming Clay":[33],"Pantograph":50,"Blue Candle":[1],"Boot":[8],"obtain_stats":[{"CeramicFish":48,"Vajra":28,"Whetstone":26,"Bottled Tornado":43,"Sling":20,"Boot":12,"Sozu":0,"Centennial Puzzle":13,"Lizard Tail":10,"HornCleat":30,"Sundial":7,"Strawberry":25,"MealTicket":10,"Prayer Wheel":29,"Fusion Hammer":17,"Girya":37,"Pear":26,"Astrolabe":17,"Dead Branch":30,"Blue Candle":9,"Oddly Smooth Stone":13,"Eternal Feather":8,"Letter Opener":24,"War Paint":40,"Question Card":38,"Cables":0,"SlaversCollar":34,"Bottled Flame":10,"Shuriken":38,"Bronze Scales":0,"Bird Faced Urn":9,"Snecko Eye":17,"Molten Egg 2":26,"CultistMask":29,"Black Star":17,"StrikeDummy":6,"Pocketwatch":6,"Darkstone Periapt":43,"Regal Pillow":0,"Singing Bowl":25,"Snake Skull":0,"Bag of Preparation":4,"Juzu Bracelet":10,"Ancient Tea Set":43,"Nunchaku":53,"Dream Catcher":27,"Mummified Hand":0,"Pantograph":0,"Toolbox":8,"WingedGreaves":0,"Red Mask":21,"Cracked Core":0,"Ring of the Snake":0,"Potion Belt":44,"Lee\u0027s Waffle":12,"NeowsBlessing":0,"Golden Idol":0,"Self Forming Clay":26,"The Courier":9,"swapstartingdeckmod:Bellows":0,"Omamori":30,"Frozen Egg 2":23,"Orichalcum":0,"GoldenEye":8,"DataDisk":40,"Anchor":23,"Ornamental Fan":46,"Orrery":0,"Ectoplasm":0,"Coffee Dripper":34,"Bag of Marbles":0,"Bottled Lightning":54,"Toy Ornithopter":23},{"CeramicFish":30,"Vajra":20,"Whetstone":4,"Bottled Tornado":28,"Sling":43,"Boot":135,"Sozu":0,"Centennial Puzzle":52,"Lizard Tail":82,"HornCleat":21,"Sundial":65,"Strawberry":76,"MealTicket":110,"Prayer Wheel":120,"Fusion Hammer":70,"Girya":25,"Pear":76,"Astrolabe":85,"Dead Branch":91,"Blue Candle":133,"Oddly Smooth Stone":135,"Eternal Feather":81,"Letter Opener":45,"War Paint":97,"Question Card":25,"Cables":0,"SlaversCollar":121,"Bottled Flame":39,"Shuriken":25,"Bronze Scales":0,"Bird Faced Urn":9,"Snecko Eye":42,"Molten Egg 2":19,"CultistMask":142,"Black Star":54,"StrikeDummy":37,"Pocketwatch":9,"Darkstone Periapt":123,"Regal Pillow":33,"Singing Bowl":19,"Snake Skull":46,"Bag of Preparation":48,"Juzu Bracelet":66,"Ancient Tea Set":98,"Nunchaku":31,"Dream Catcher":77,"Mummified Hand":0,"Pantograph":0,"Toolbox":109,"WingedGreaves":46,"Red Mask":73,"Cracked Core":0,"Ring of the Snake":0,"Potion Belt":99,"Lee\u0027s Waffle":67,"NeowsBlessing":61,"Golden Idol":0,"Self Forming Clay":141,"The Courier":50,"swapstartingdeckmod:Bellows":105,"Omamori":120,"Frozen Egg 2":17,"Orichalcum":46,"GoldenEye":38,"DataDisk":27,"Anchor":117,"Ornamental Fan":101,"Orrery":46,"Ectoplasm":78,"Coffee Dripper":23,"Bag of Marbles":128,"Bottled Lightning":32,"Toy Ornithopter":3},{"CeramicFish":94,"Vajra":64,"Whetstone":18,"Bottled Tornado":90,"Sling":156,"Boot":533,"Sozu":0,"Centennial Puzzle":191,"Lizard Tail":312,"HornCleat":66,"Sundial":230,"Strawberry":283,"MealTicket":431,"Prayer Wheel":464,"Fusion Hammer":257,"Girya":81,"Pear":283,"Astrolabe":329,"Dead Branch":355,"Blue Candle":524,"Oddly Smooth Stone":533,"Eternal Feather":304,"Letter Opener":167,"War Paint":380,"Question Card":81,"Cables":0,"SlaversCollar":470,"Bottled Flame":133,"Shuriken":81,"Bronze Scales":0,"Bird Faced Urn":31,"Snecko Eye":150,"Molten Egg 2":61,"CultistMask":569,"Black Star":200,"StrikeDummy":121,"Pocketwatch":31,"Darkstone Periapt":477,"Regal Pillow":102,"Singing Bowl":61,"Snake Skull":169,"Bag of Preparation":176,"Juzu Bracelet":234,"Ancient Tea Set":384,"Nunchaku":96,"Dream Catcher":287,"Mummified Hand":0,"Pantograph":0,"Toolbox":427,"WingedGreaves":169,"Red Mask":270,"Cracked Core":0,"Ring of the Snake":0,"Potion Belt":388,"Lee\u0027s Waffle":239,"NeowsBlessing":219,"Golden Idol":0,"Self Forming Clay":565,"The Courier":182,"swapstartingdeckmod:Bellows":417,"Omamori":464,"Frozen Egg 2":54,"Orichalcum":169,"GoldenEye":124,"DataDisk":86,"Anchor":454,"Ornamental Fan":396,"Orrery":169,"Ectoplasm":289,"Coffee Dripper":73,"Bag of Marbles":499,"Bottled Lightning":99,"Toy Ornithopter":14}],"Burning Blood":210},"card_choices":[{"not_picked":["Twin Strike","Shrug It Off"],"picked":"Disarm","floor":1},{"not_picked":["Infernal Blade","Twin Strike"],"picked":"Perfected Strike","floor":3},{"not_picked":["Havoc","Shrug It Off"],"picked":"Heavy Blade","floor":5},{"not_picked":["Evolve","Clothesline"],"picked":"Limit Break","floor":6},{"not_picked":["Headbutt","Shrug It Off"],"picked":"Pommel Strike","floor":8},{"not_picked":["Heavy Blade","True Grit","Uppercut"],"picked":"SKIP","floor":11},{"not_picked":["Heavy Blade","Twin Strike"],"picked":"Armaments","floor":12},{"not_picked":["Shrug It Off","Clash"],"picked":"Perfected Strike","floor":14},{"not_picked":["Offering","Fiend Fire"],"picked":"Berserk","floor":16},{"not_picked":["Pommel Strike","Perfected Strike"],"picked":"Flex+1","floor":18},{"not_picked":["Disarm","Iron Wave"],"picked":"Flex","floor":22},{"not_picked":["Burning Pact","Heavy Blade","Power Through"],"picked":"SKIP","floor":23},{"not_picked":["Cleave","Flex"],"picked":"Feed","floor":24},{"not_picked":["Armaments","Clothesline","Perfected Strike"],"picked":"SKIP","floor":28},{"not_picked":["Wild Strike","Hemokinesis","Clothesline"],"picked":"SKIP","floor":30},{"not_picked":["Cleave","Dropkick","Searing Blow"],"picked":"SKIP","floor":31}],"player_experience":469177,"relics_obtained":[{"floor":6,"key":"Pantograph"},{"floor":8,"key":"Darkstone Periapt"},{"floor":9,"key":"Blue Candle"},{"floor":11,"key":"Centennial Puzzle"},{"floor":12,"key":"Boot"},{"floor":24,"key":"Ancient Tea Set"},{"floor":26,"key":"Self Forming Clay"}],"event_choices":[{"cards_removed":["Strike_R"],"damage_healed":0,"gold_gain":0,"player_choice":"Card Removal","damage_taken":0,"max_hp_gain":0,"max_hp_loss":0,"event_name":"The Cleric","floor":2,"gold_loss":50},{"cards_removed":["Defend_R"],"damage_healed":0,"gold_gain":0,"player_choice":"Card Removal","damage_taken":7,"max_hp_gain":0,"max_hp_loss":0,"event_name":"Golden Wing","floor":4,"gold_loss":0},{"damage_healed":0,"gold_gain":30,"player_choice":"Searched \u00272\u0027 times","damage_taken":0,"max_hp_gain":0,"max_hp_loss":0,"event_name":"Dead Adventurer","floor":12,"gold_loss":0},{"cards_removed":["Limit Break"],"damage_healed":0,"gold_gain":0,"player_choice":"Take \u0026 Give","damage_taken":0,"max_hp_gain":0,"max_hp_loss":0,"event_name":"betterNote:BetterNote","floor":19,"gold_loss":0,"cards_obtained":["Echo Form"]},{"damage_healed":0,"gold_gain":0,"player_choice":"Ignored","damage_taken":0,"max_hp_gain":0,"max_hp_loss":0,"event_name":"Vampires","floor":20,"gold_loss":0},{"damage_healed":0,"gold_gain":0,"player_choice":"Trade","damage_taken":0,"relics_obtained":["CultistMask"],"max_hp_gain":0,"max_hp_loss":0,"event_name":"FaceTrader","floor":29,"gold_loss":0}],"is_beta":false,"boss_relics":[{"not_picked":["SlaversCollar","Cursed Key"],"picked":"Coffee Dripper"}],"items_purged_floors":[],"is_endless":false,"potions_floor_spawned":[3,5,6,16,18,22,31],"killed_by":"Automaton","ascension_level":0}}