{"host":"06gxn1c1bsk424jw","time":1612596123,"event":{"mods":["BaseMod","DeckTracker","Minty Spire (QoL Compilation)","SuperFastMode"],"gold_per_floor":[118,118,118,393,3,36,51,67,67,67,77,77,77,104,104,178,178,192,206,236,261,280,280,280,129,129,129,140,140,151,178,178,252,252,272,272,272,282,307,307,342,356,356,68,92,92,92,105,105,105,105],"floor_reached":50,"language":"KOR","playtime":3962,"items_purged":["Defend_G"],"score":893,"play_id":"f64f1898-a031-4c70-bbfa-4edbba61eff8","local_time":"20210206162203","is_ascension_mode":true,"campfire_choices":[{"data":"Noxious Fumes","floor":10,"key":"SMITH"},{"data":"Neutralize","floor":12,"key":"SMITH"},{"data":"Bane","floor":15,"key":"SMITH"},{"data":"After Image","floor":23,"key":"SMITH"},{"data":"Doppelganger","floor":29,"key":"SMITH"},{"data":"Tactician","floor":32,"key":"SMITH"},{"floor":40,"key":"RECALL"},{"floor":47,"key":"REST"},{"floor":49,"key":"REST"}],"circlet_count":0,"master_deck":["AscendersBane","Strike_G+1","Defend_G","Defend_G","Survivor","Neutralize+1","Backflip+1","Backstab","Noxious Fumes+1","Deadly Poison","Bane+1","Cloak And Dagger","Footwork","Footwork","Corpse Explosion","After Image+1","Phantasmal Killer+1","Glass Knife+1","Skewer+1","Dodge and Roll+1","Eviscerate","Doppelganger+1","Prepared+1","Tactician+1","Backflip+1","Catalyst","Bouncing Flask","Night Terror","Catalyst+1"],"relics":["Ring of the Snake","Vajra","Oddly Smooth Stone","Tiny Chest","Eternal Feather","Bottled Tornado","Astrolabe","Red Mask","PreservedInsect","Orichalcum","Mummified Hand","Fusion Hammer","Singing Bowl","Bird Faced Urn","Smiling Mask","Toxic Egg 2","Thread and Needle","Pen Nib"],"acts_visited":["Exordium","TheCity","TheBeyond"],"potions_floor_usage":[14,16,20,22,30,41,50],"damage_taken":[{"damage":0,"enemies":"2 Louse","floor":1,"turns":2},{"damage":19,"enemies":"Lagavulin","floor":6,"turns":7},{"damage":0,"enemies":"Small Slimes","floor":7,"turns":2},{"damage":0,"enemies":"Cultist","floor":8,"turns":2},{"damage":8,"enemies":"Looter","floor":11,"turns":3},{"damage":16,"enemies":"Gremlin Nob","floor":14,"turns":5},{"damage":10,"enemies":"Hexaghost","floor":16,"turns":9},{"damage":0,"enemies":"Spheric Guardian","floor":18,"turns":3},{"damage":14,"enemies":"2 Thieves","floor":19,"turns":4},{"damage":7,"enemies":"Masked Bandits","floor":20,"turns":3},{"damage":9,"enemies":"Snake Plant","floor":22,"turns":3},{"damage":6,"enemies":"Shelled Parasite and Fungi","floor":28,"turns":4},{"damage":4,"enemies":"Sentry and Sphere","floor":30,"turns":4},{"damage":3,"enemies":"Gremlin Leader","floor":31,"turns":5},{"damage":4,"enemies":"Automaton","floor":33,"turns":9},{"damage":0,"enemies":"Orb Walker","floor":35,"turns":3},{"damage":0,"enemies":"3 Darklings","floor":38,"turns":2},{"damage":0,"enemies":"Mind Bloom Boss Battle","floor":39,"turns":4},{"damage":19,"enemies":"Nemesis","floor":41,"turns":7},{"damage":0,"enemies":"Transient","floor":42,"turns":5},{"damage":0,"enemies":"Sphere and 2 Shapes","floor":48,"turns":5},{"damage":77,"enemies":"Time Eater","floor":50,"turns":9}],"seed_played":"-7344584363125209631","potions_obtained":[{"floor":8,"key":"Regen Potion"},{"floor":11,"key":"PowerPotion"},{"floor":16,"key":"Swift Potion"},{"floor":18,"key":"FearPotion"},{"floor":28,"key":"Ancient Potion"},{"floor":30,"key":"LiquidBronze"},{"floor":35,"key":"Swift Potion"},{"floor":39,"key":"Ancient Potion"},{"floor":41,"key":"FearPotion"}],"is_trial":false,"path_per_floor":["M","?","?","?","$","E","M","M","T","R","M","R","?","E","R","B",null,"M","M","?","T","M","R","?","$","T","?","M","R","M","E","R","B",null,"M","T","?","M","?","R","E","M","T","$","T","?","R","M","R","B"],"character_chosen":"THE_SILENT","items_purchased":["Backstab","Oddly Smooth Stone","Noxious Fumes","Deadly Poison","Orichalcum","Thread and Needle"],"campfire_rested":2,"item_purchase_floors":[5,5,5,5,25,44],"current_hp_per_floor":[59,39,32,32,32,13,13,13,13,22,14,26,26,24,36,26,56,56,42,35,35,26,38,38,38,38,38,32,44,40,37,49,45,61,61,61,61,61,61,63,46,62,62,62,62,62,65,65,65,0,0],"gold":105,"neow_bonus":"RANDOM_COMMON_RELIC","is_daily":false,"chose_seed":false,"campfire_upgraded":6,"win_rate":0.0,"timestamp":1612596123,"path_taken":["M","?","?","?","$","E","M","M","T","R","?","R","?","E","R","BOSS","M","M","?","?","?","R","?","$","T","?","M","R","M","E","R","BOSS","M","?","?","M","?","R","E","M","T","?","?","?","R","M","R","BOSS"],"items_purchased_type":["Card","Relic","Card","Card","Relic","Relic"],"build_version":"2020-12-22","purchased_purges":1,"victory":false,"max_hp_per_floor":[66,66,66,66,66,66,66,66,66,66,66,66,66,66,66,66,66,66,66,66,66,66,66,66,66,66,66,66,66,66,66,66,66,66,66,66,63,63,63,63,63,65,65,65,65,65,65,65,65,65,65],"card_choices":[{"not_picked":["Slice","Prepared"],"picked":"Backflip","floor":1},{"not_picked":["Skewer","Poisoned Stab"],"picked":"Bane","floor":6},{"not_picked":["Blade Dance","Outmaneuver"],"picked":"Cloak And Dagger","floor":7},{"not_picked":["Quick Slash","Dodge and Roll"],"picked":"Footwork","floor":8},{"not_picked":["Well Laid Plans","Flechettes"],"picked":"Footwork","floor":11},{"not_picked":["Flying Knee","Poisoned Stab"],"picked":"Corpse Explosion","floor":14},{"not_picked":["Die Die Die","Malaise"],"picked":"After Image","floor":16},{"not_picked":["All Out Attack","Prepared","Quick Slash"],"picked":"SKIP","floor":18},{"not_picked":["Outmaneuver","Slice"],"picked":"Dodge and Roll+1","floor":19},{"not_picked":["Deadly Poison","Dodge and Roll","Expertise"],"picked":"SKIP","floor":22},{"not_picked":["Reflex","Dash"],"picked":"Prepared+1","floor":28},{"not_picked":["Dagger Throw","Accuracy"],"picked":"Tactician","floor":30},{"not_picked":["Underhanded Strike","Phantasmal Killer","Endless Agony"],"picked":"SKIP","floor":31},{"not_picked":["Dodge and Roll+1","Well Laid Plans+1"],"picked":"Backflip+1","floor":35},{"not_picked":["Accuracy","Dagger Spray"],"picked":"Catalyst","floor":38},{"not_picked":["PiercingWail","Poisoned Stab"],"picked":"Bouncing Flask","floor":39},{"not_picked":["Predator+1","Quick Slash"],"picked":"Night Terror","floor":41},{"not_picked":["Prepared","Backflip","Reflex"],"picked":"Singing Bowl","floor":42},{"not_picked":["Deflect+1","Sucker Punch"],"picked":"Catalyst+1","floor":48}],"player_experience":759185,"relics_obtained":[{"floor":6,"key":"Tiny Chest"},{"floor":9,"key":"Eternal Feather"},{"floor":14,"key":"Bottled Tornado"},{"floor":20,"key":"Red Mask"},{"floor":21,"key":"PreservedInsect"},{"floor":31,"key":"Mummified Hand"},{"floor":36,"key":"Singing Bowl"},{"floor":39,"key":"Bird Faced Urn"},{"floor":41,"key":"Smiling Mask"},{"floor":43,"key":"Toxic Egg 2"},{"floor":45,"key":"Pen Nib"}],"event_choices":[{"damage_healed":0,"gold_gain":0,"player_choice":"Entered Light","damage_taken":20,"max_hp_gain":0,"max_hp_loss":0,"event_name":"Shining Light","floor":2,"gold_loss":0,"cards_upgraded":["Backflip","Strike_G"]},{"cards_removed":["Defend_G"],"damage_healed":0,"gold_gain":0,"player_choice":"Card Removal","damage_taken":7,"max_hp_gain":0,"max_hp_loss":0,"event_name":"Golden Wing","floor":3,"gold_loss":0},{"damage_healed":0,"gold_gain":275,"player_choice":"Desecrate","damage_taken":0,"max_hp_gain":0,"max_hp_loss":0,"event_name":"Golden Shrine","floor":4,"gold_loss":0,"cards_obtained":["Regret"]},{"cards_removed":["Regret"],"damage_healed":0,"gold_gain":0,"player_choice":"Forget","damage_taken":0,"max_hp_gain":0,"max_hp_loss":0,"event_name":"Living Wall","floor":13,"gold_loss":0},{"damage_healed":0,"gold_gain":0,"player_choice":"Fought Bandits","damage_taken":0,"max_hp_gain":0,"max_hp_loss":0,"event_name":"Masked Bandits","floor":20,"gold_loss":0},{"damage_healed":0,"gold_gain":0,"player_choice":"Ignored","damage_taken":0,"max_hp_gain":0,"max_hp_loss":0,"event_name":"Cursed Tome","floor":24,"gold_loss":0},{"damage_healed":0,"gold_gain":0,"cards_transformed":["Strike_G","Defend_G"],"player_choice":"Became Test Subject","damage_taken":0,"max_hp_gain":0,"max_hp_loss":0,"event_name":"Drug Dealer","floor":27,"gold_loss":0,"cards_obtained":["Eviscerate","Doppelganger"]},{"damage_healed":0,"gold_gain":0,"player_choice":"Max HP","damage_taken":0,"max_hp_gain":0,"max_hp_loss":3,"event_name":"Winding Halls","floor":37,"gold_loss":0},{"damage_healed":0,"gold_gain":0,"player_choice":"Fight","damage_taken":0,"max_hp_gain":0,"max_hp_loss":0,"event_name":"MindBloom","floor":39,"gold_loss":0},{"damage_healed":0,"gold_gain":0,"player_choice":"Ignored","damage_taken":0,"max_hp_gain":0,"max_hp_loss":0,"event_name":"Tomb of Lord Red Mask","floor":46,"gold_loss":0}],"is_beta":false,"boss_relics":[{"not_picked":["Sozu","SacredBark"],"picked":"Astrolabe"},{"not_picked":["Busted Crown","Ring of the Serpent"],"picked":"Fusion Hammer"}],"items_purged_floors":[5],"is_endless":false,"potions_floor_spawned":[8,11,16,18,28,30,35,39,41],"killed_by":"Time Eater","ascension_level":15}}