{"host":"edndssuekvzbh3is","time":1612590071,"event":{"mods":["BaseMod","Colored Map","Colored Powertips","Minty Spire (QoL Compilation)","SuperFastMode"],"gold_per_floor":[119,129,140,151,151,151,184,184,184,202,32,32,32],"floor_reached":12,"language":"ENG","playtime":273,"items_purged":[],"score":92,"play_id":"76143c88-952d-4da4-ae21-2dc807fec875","local_time":"20210206004111","is_ascension_mode":true,"campfire_choices":[{"data":"Crippling Poison","floor":6,"key":"SMITH"},{"floor":8,"key":"REST"}],"circlet_count":0,"master_deck":["Strike_G","Strike_G","Strike_G","Strike_G","Strike_G","Defend_G","Defend_G","Defend_G","Defend_G","Defend_G","Survivor","Neutralize","Phantasmal Killer","Leg Sweep","Bouncing Flask","Catalyst","Crippling Poison+1","Prepared","Deadly Poison","Backstab","Distraction","Bane"],"relics":["Ring of the Snake","Kunai","Paper Crane"],"acts_visited":["Exordium"],"potions_floor_usage":[7],"damage_taken":[{"damage":4,"enemies":"Small Slimes","floor":1,"turns":3},{"damage":14,"enemies":"2 Louse","floor":2,"turns":3},{"damage":0,"enemies":"Cultist","floor":3,"turns":4},{"damage":21,"enemies":"Exordium Wildlife","floor":4,"turns":7},{"damage":30,"enemies":"Lagavulin","floor":7,"turns":5},{"damage":18,"enemies":"Large Slime","floor":10,"turns":9},{"damage":22,"enemies":"Gremlin Nob","floor":12,"turns":3}],"seed_played":"-613347937351908997","potions_obtained":[{"floor":1,"key":"Strength Potion"},{"floor":3,"key":"Ancient Potion"}],"is_trial":false,"path_per_floor":["M","M","M","M","?","R","E","R","T","M","$","E"],"character_chosen":"THE_SILENT","items_purchased":["Backstab","Distraction","Bane"],"campfire_rested":1,"item_purchase_floors":[11,11,11],"current_hp_per_floor":[66,52,52,31,31,31,1,22,22,4,4,0,0],"gold":32,"neow_bonus":"ONE_RANDOM_RARE_CARD","is_daily":false,"chose_seed":false,"campfire_upgraded":1,"win_rate":0.0,"timestamp":1612590071,"path_taken":["M","M","M","M","?","R","E","R","T","M","$","E"],"items_purchased_type":["Card","Card","Card"],"build_version":"2020-12-22","purchased_purges":0,"victory":false,"max_hp_per_floor":[70,70,70,70,70,70,70,70,70,70,70,70,70],"card_choices":[{"not_picked":["Skewer","PiercingWail"],"picked":"Leg Sweep","floor":1},{"not_picked":["Reflex","Underhanded Strike"],"picked":"Bouncing Flask","floor":2},{"not_picked":["Sucker Punch","Distraction"],"picked":"Catalyst","floor":3},{"not_picked":["Deadly Poison","Acrobatics"],"picked":"Crippling Poison","floor":4},{"not_picked":["Caltrops","Leg Sweep"],"picked":"Prepared","floor":7},{"not_picked":["Endless Agony","Riddle With Holes"],"picked":"Deadly Poison","floor":10}],"player_experience":351981,"relics_obtained":[{"floor":7,"key":"Kunai"},{"floor":9,"key":"Paper Crane"}],"event_choices":[{"damage_healed":0,"gold_gain":0,"player_choice":"Ignored","damage_taken":0,"max_hp_gain":0,"max_hp_loss":0,"event_name":"Golden Idol","floor":5,"gold_loss":0}],"is_beta":false,"boss_relics":[],"items_purged_floors":[],"is_endless":false,"potions_floor_spawned":[1,3],"killed_by":"Gremlin Nob","ascension_level":3}}