{"host":"wbn3xdfsa5pc2kse","time":1612581104,"event":{"mods":["AchievementEnabler","BaseMod","Bestiary","Colored Map","Colored Powertips","Curses Come First","Highlight Path","Minty Spire (QoL Compilation)","Permanent Neow","Rare Cards Sparkle","Relic Stats","StSLib"],"gold_per_floor":[111,128,128,152,164,191,191,224,236,8,8,42,42,65,65,160,160,176,176,194,194,15,15,51,51,51,82,82,103,138,162,162,162,162],"floor_reached":33,"language":"ZHT","playtime":1210,"items_purged":["Strike_R","Strike_R"],"score":578,"play_id":"2dd5382b-0854-4b2a-8f6e-6171fa8f9bd6","local_time":"20210206111144","is_ascension_mode":true,"campfire_choices":[{"floor":7.0,"key":"REST"},{"data":"Demon Form","floor":15.0,"key":"SMITH"},{"data":"Offering","floor":23.0,"key":"SMITH"},{"floor":25.0,"key":"REST"},{"floor":28.0,"key":"REST"},{"floor":32,"key":"REST"}],"circlet_count":0,"master_deck":["AscendersBane","Strike_R+1","Strike_R+1","Strike_R","Defend_R","Defend_R","Defend_R","Defend_R","Bash","Demon Form+1","Battle Trance","Flame Barrier","Shrug It Off","Metallicize","Second Wind","Cleave","Shrug It Off","Berserk","Metallicize","Offering+1","Power Through","Metallicize+1","Infernal Blade+1","Flame Barrier"],"relics":["Burning Blood","Akabeko","Whetstone","MawBank","Art of War","Lee\u0027s Waffle","Golden Idol","Darkstone Periapt","Bag of Preparation","Philosopher\u0027s Stone","Question Card","Tiny Chest","Happy Flower","Bronze Scales"],"acts_visited":["Exordium","TheCity"],"potions_floor_usage":[31],"damage_taken":[{"damage":5.0,"enemies":"Small Slimes","floor":1.0,"turns":4.0},{"damage":7.0,"enemies":"Jaw Worm","floor":2.0,"turns":6.0},{"damage":2.0,"enemies":"2 Louse","floor":5.0,"turns":3.0},{"damage":40.0,"enemies":"3 Sentries","floor":6.0,"turns":10.0},{"damage":21.0,"enemies":"Lagavulin","floor":8.0,"turns":6.0},{"damage":22.0,"enemies":"3 Sentries","floor":12.0,"turns":7.0},{"damage":1.0,"enemies":"Blue Slaver","floor":14.0,"turns":3.0},{"damage":47.0,"enemies":"Slime Boss","floor":16.0,"turns":9.0},{"damage":21.0,"enemies":"Spheric Guardian","floor":18.0,"turns":5.0},{"damage":15.0,"enemies":"3 Byrds","floor":20.0,"turns":3.0},{"damage":39.0,"enemies":"Book of Stabbing","floor":24.0,"turns":6.0},{"damage":35.0,"enemies":"Slavers","floor":27.0,"turns":7.0},{"damage":12.0,"enemies":"Snecko","floor":29.0,"turns":6.0},{"damage":17.0,"enemies":"Book of Stabbing","floor":30.0,"turns":7.0},{"damage":19,"enemies":"Shelled Parasite and Fungi","floor":31,"turns":6},{"damage":37,"enemies":"Champ","floor":33,"turns":11}],"seed_played":"-816518781547443804","potions_obtained":[{"floor":2.0,"key":"FearPotion"},{"floor":5.0,"key":"Strength Potion"},{"floor":6.0,"key":"SkillPotion"},{"floor":8.0,"key":"LiquidMemories"},{"floor":27.0,"key":"HeartOfIron"},{"floor":29.0,"key":"Strength Potion"},{"floor":30.0,"key":"GamblersBrew"}],"is_trial":false,"path_per_floor":["M","M","?","T","M","E","R","E","T","$","?","E","?","M","R","B",null,"M","?","M","?","$","R","E","R","T","E","R","M","E","M","R","B"],"character_chosen":"IRONCLAD","items_purchased":["Lee\u0027s Waffle","Offering"],"campfire_rested":4,"item_purchase_floors":[10,22],"current_hp_per_floor":[51,50,55,55,59,25,49,34,34,87,79,63,45,50,50,9,62,47,47,38,54,54,54,21,44,44,15,38,32,21,8,31,0,0],"gold":162,"neow_bonus":"THREE_RARE_CARDS","is_daily":false,"chose_seed":false,"campfire_upgraded":2,"win_rate":0.0,"timestamp":1612581104,"path_taken":["M","M","?","?","M","E","R","E","T","$","?","E","?","M","R","BOSS","M","?","M","?","?","R","E","R","T","E","R","M","E","M","R","BOSS"],"items_purchased_type":["Relic","Card"],"build_version":"2020-12-22","purchased_purges":2,"victory":false,"max_hp_per_floor":[75,75,80,80,80,80,80,80,80,87,79,79,79,79,79,79,79,79,79,79,79,79,79,79,79,79,79,79,79,79,79,79,79,79],"relic_stats":{"Darkstone Periapt":0,"Lee\u0027s Waffle":53,"Happy Flower":[10],"counters":[16,99],"Golden Idol":67,"Bag of Preparation":[20],"Whetstone":["Strike_R","Strike_R"],"MawBank":24,"Question Card":4,"Burning Blood":90,"Bronze Scales":[45],"Tiny Chest":0,"Art of War":[23],"obtain_stats":[{"Darkstone Periapt":12,"Lee\u0027s Waffle":10,"Happy Flower":27,"Golden Idol":11,"Bag of Preparation":13,"Whetstone":6,"MawBank":8,"Question Card":24,"Burning Blood":0,"Akabeko":4,"Bronze Scales":30,"Philosopher\u0027s Stone":17,"Tiny Chest":26,"Art of War":9},{"Darkstone Periapt":6,"Lee\u0027s Waffle":5,"Happy Flower":12,"Golden Idol":5,"Bag of Preparation":6,"Whetstone":4,"MawBank":5,"Question Card":11,"Burning Blood":0,"Akabeko":2,"Bronze Scales":14,"Philosopher\u0027s Stone":8,"Tiny Chest":11,"Art of War":5},{"Darkstone Periapt":36,"Lee\u0027s Waffle":29,"Happy Flower":69,"Golden Idol":29,"Bag of Preparation":36,"Whetstone":23,"MawBank":29,"Question Card":62,"Burning Blood":0,"Akabeko":10,"Bronze Scales":82,"Philosopher\u0027s Stone":48,"Tiny Chest":62,"Art of War":29}]},"card_choices":[{"not_picked":["Barricade","Berserk"],"picked":"Demon Form","floor":0.0},{"not_picked":["Warcry","Blood for Blood"],"picked":"Battle Trance","floor":1.0},{"not_picked":["Sword Boomerang","Thunderclap"],"picked":"Flame Barrier","floor":2.0},{"not_picked":["Havoc","Perfected Strike"],"picked":"Shrug It Off","floor":5.0},{"not_picked":["Sever Soul","Havoc"],"picked":"Metallicize","floor":6.0},{"not_picked":["Feel No Pain","Clothesline"],"picked":"Second Wind","floor":8.0},{"not_picked":["Havoc","Clothesline"],"picked":"Cleave","floor":12.0},{"not_picked":["Heavy Blade","Cleave"],"picked":"Shrug It Off","floor":14.0},{"not_picked":["Brutality","Double Tap"],"picked":"Berserk","floor":16.0},{"not_picked":["Dropkick","Thunderclap","Perfected Strike"],"picked":"SKIP","floor":18.0},{"not_picked":["Perfected Strike","Clash"],"picked":"Metallicize","floor":20.0},{"not_picked":["Cleave","True Grit"],"picked":"Power Through","floor":24.0},{"not_picked":["Inflame","Twin Strike","Infernal Blade"],"picked":"Metallicize+1","floor":27.0},{"not_picked":["Pommel Strike","Shrug It Off","Twin Strike","Dropkick"],"picked":"SKIP","floor":29.0},{"not_picked":["Cleave","Bludgeon","Carnage"],"picked":"Infernal Blade+1","floor":30.0},{"not_picked":["Hemokinesis","Sword Boomerang","Blood for Blood"],"picked":"Flame Barrier","floor":31}],"player_experience":792127,"relics_obtained":[{"floor":4.0,"key":"Akabeko"},{"floor":6.0,"key":"Whetstone"},{"floor":8.0,"key":"MawBank"},{"floor":9.0,"key":"Art of War"},{"floor":12.0,"key":"Darkstone Periapt"},{"floor":24.0,"key":"Question Card"},{"floor":26.0,"key":"Tiny Chest"},{"floor":27.0,"key":"Happy Flower"},{"floor":30.0,"key":"Bronze Scales"}],"event_choices":[{"damage_healed":0.0,"max_hp_gain":5.0,"max_hp_loss":0.0,"gold_gain":0.0,"event_name":"Big Fish","player_choice":"Donut","floor":3.0,"gold_loss":0.0,"damage_taken":0.0},{"damage_healed":0.0,"max_hp_gain":0.0,"max_hp_loss":8.0,"gold_gain":0.0,"event_name":"Golden Idol","player_choice":"Lose Max HP","floor":11.0,"gold_loss":0.0,"damage_taken":0.0,"relics_obtained":["Golden Idol"]},{"damage_healed":0.0,"max_hp_gain":0.0,"max_hp_loss":0.0,"gold_gain":0.0,"event_name":"Scrap Ooze","player_choice":"Success","floor":13.0,"gold_loss":0.0,"damage_taken":18.0,"relics_obtained":["Bag of Preparation"]},{"damage_healed":0.0,"max_hp_gain":0.0,"max_hp_loss":0.0,"gold_gain":0.0,"event_name":"Ghosts","player_choice":"Ignored","floor":19.0,"gold_loss":0.0,"damage_taken":0.0},{"damage_healed":16.0,"max_hp_gain":0.0,"max_hp_loss":0.0,"gold_gain":0.0,"event_name":"The Library","player_choice":"Heal","floor":21.0,"gold_loss":0.0,"damage_taken":0.0}],"is_beta":false,"boss_relics":[{"not_picked":["Calling Bell","Pandora\u0027s Box"],"picked":"Philosopher\u0027s Stone"}],"items_purged_floors":[10,22],"is_endless":false,"potions_floor_spawned":[2,5,6,8,27,29,30],"killed_by":"Champ","ascension_level":16}}