{"host":"z9a4j4a70g1iinja","time":1612581912,"event":{"mods":["BaseMod","Better Note","BetterRewards","Colored Map","Colored Powertips","Downfall","Minty Spire (QoL Compilation)","Quick Restart","Rare Cards Sparkle","StSLib"],"gold_per_floor":[99,99,112,112,48,48,48,9,68,78,95,111,11,27,37,137,137,37,49,49,59,59,59,59,59,85,124,155,167,193,221,251,367,379,391,419,450,462,474,506,545,575,131,41,54,66,66,76,92,92,92,92],"floor_reached":50,"language":"ENG","playtime":2312,"items_purged":["Slimebound:Strike_Slimebound"],"score":560,"play_id":"41a280e7-8b55-4710-afa9-450f4fb13720","local_time":"20210205222512","is_ascension_mode":false,"campfire_choices":[{"floor":1,"key":"RECALL"},{"data":"Slimebound:OneTwoCombo","floor":13,"key":"SMITH"},{"data":"Slimebound:ProtectTheBoss","floor":18,"key":"SMITH"},{"data":"Slimebound:Split","floor":29,"key":"SMITH"},{"data":"Slimebound:DouseInSlime","floor":35,"key":"SMITH"},{"data":"Slimebound:TagTeam","floor":47,"key":"SMITH"}],"circlet_count":0,"master_deck":["Slimebound:Strike_Slimebound","Slimebound:Strike_Slimebound","Slimebound:Tackle","Slimebound:Defend_Slimebound","Slimebound:Defend_Slimebound","Slimebound:Defend_Slimebound","Slimebound:Defend_Slimebound","Slimebound:Split+1","Slimebound:CorrosiveSpit+1","Slimebound:Split","Slimebound:OneTwoCombo+1","Slimebound:Schlurp","Slimebound:SplitAcid","Slimebound:SplitLeeching","Slimebound:GoopSpray","Slimebound:LevelUp","Slimebound:SplitAcid","Slimebound:ProtectTheBoss+1","Slimebound:DouseInSlime+1","Slimebound:RejuvenatingLick+1","Slimebound:LevelUp","Slimebound:PrepareCrush","Slimebound:Teamwork","Slimebound:TagTeam+1","expansioncontent:AwakenDeath","Slimebound:SplitMire+1","Slimebound:GoopSpray+1"],"relics":["Slimebound:AbsorbEndCombatUpgraded","Ice Cream","downfall:HeartBlessingBlue","SacredBark","downfall:HeartBlessingRed","HornCleat","MawBank","Slimebound:AggressiveSlimeRelic","Red Mask","downfall:RedIOUUpgrade","Ancient Tea Set","Membership Card","Gambling Chip","Centennial Puzzle","Blood Vial"],"acts_visited":["Exordium","TheCity","TheBeyond"],"potions_floor_usage":[9,16,16,26,32,33,40,42,45,49,50,50],"damage_taken":[{"damage":1,"enemies":"Cultist","floor":3,"turns":5},{"damage":0,"enemies":"downfall:FleeingMerchant","floor":5,"turns":4},{"damage":5,"enemies":"downfall:FleeingMerchant","floor":8,"turns":4},{"damage":33,"enemies":"Gremlin Nob","floor":9,"turns":5},{"damage":0,"enemies":"Jaw Worm","floor":10,"turns":2},{"damage":0,"enemies":"2 Louse","floor":11,"turns":2},{"damage":4,"enemies":"2 Fungi Beasts","floor":12,"turns":3},{"damage":0,"enemies":"Blue Slaver","floor":14,"turns":3},{"damage":0,"enemies":"Gremlin Gang","floor":15,"turns":2},{"damage":11,"enemies":"IC_STATUS_ARCHETYPE","floor":16,"turns":5},{"damage":0,"enemies":"Chosen","floor":19,"turns":4},{"damage":10,"enemies":"3 Byrds","floor":21,"turns":2},{"damage":0,"enemies":"Slavers","floor":26,"turns":5},{"damage":10,"enemies":"Cultist and Chosen","floor":28,"turns":4},{"damage":21,"enemies":"Shelled Parasite and Fungi","floor":30,"turns":5},{"damage":7,"enemies":"3 Cultists","floor":31,"turns":4},{"damage":8,"enemies":"Centurion and Healer","floor":32,"turns":4},{"damage":0,"enemies":"WA_ARCHETYPE_CALM","floor":33,"turns":7},{"damage":6,"enemies":"Orb Walker","floor":36,"turns":4},{"damage":4,"enemies":"3 Shapes","floor":37,"turns":4},{"damage":16,"enemies":"Maw","floor":40,"turns":8},{"damage":17,"enemies":"Sphere and 2 Shapes","floor":42,"turns":7},{"damage":1,"enemies":"downfall:FleeingMerchant","floor":43,"turns":4},{"damage":11,"enemies":"downfall:FleeingMerchant","floor":44,"turns":4},{"damage":9,"enemies":"Jaw Worm Horde","floor":45,"turns":5},{"damage":13,"enemies":"4 Shapes","floor":46,"turns":5},{"damage":14,"enemies":"Maw","floor":48,"turns":7},{"damage":2,"enemies":"Jaw Worm Horde","floor":49,"turns":4},{"damage":180,"enemies":"DF_ARCHETYPE_ORBS","floor":50,"turns":12}],"seed_played":"1919943337900451370","potions_obtained":[{"floor":3,"key":"Explosive Potion"},{"floor":9,"key":"hexamod:SoulburnPotion"},{"floor":12,"key":"SpeedPotion"},{"floor":15,"key":"EssenceOfSteel"},{"floor":21,"key":"Block Potion"},{"floor":26,"key":"bronze:BurnAndBuffPotion"},{"floor":28,"key":"LiquidMemories"},{"floor":31,"key":"Explosive Potion"},{"floor":36,"key":"SpeedPotion"},{"floor":40,"key":"SpeedPotion"},{"floor":48,"key":"Regen Potion"},{"floor":49,"key":"Slimebound:SlimyTonguePotion"}],"is_trial":false,"path_per_floor":["R","?","M","?","$","?","T","$","?","M","M","M","R","M","M","B",null,"R","M","?","M","?","?","T","?","E","T","M","R","M","M","M","B",null,"R","M","M","?","?","M","T","M","$","$","M","M","R","M","M","B"],"character_chosen":"SLIMEBOUND","items_purchased":["Slimebound:Schlurp","Slimebound:SplitLeeching","Membership Card","Gambling Chip","Regen Potion","Centennial Puzzle","Blood Vial"],"campfire_rested":0,"item_purchase_floors":[5,8,43,43,43,43,44],"current_hp_per_floor":[47,47,52,52,56,56,56,59,30,34,38,38,48,52,58,55,75,75,75,75,65,65,65,65,65,73,73,67,67,54,55,55,63,75,75,75,74,74,74,59,59,48,53,48,75,62,62,65,74,0,0,0],"gold":92,"neow_bonus":"ONE_RARE_RELIC","is_daily":false,"chose_seed":false,"campfire_upgraded":5,"win_rate":0.0,"timestamp":1612581912,"path_taken":["R","?","?","?","?","?","T","$","?","M","M","?","R","M","M","BOSS","R","M","?","M","?","?","T","?","E","?","M","R","?","M","M","BOSS","R","M","?","?","?","M","T","M","?","$","M","?","R","M","M","BOSS"],"items_purchased_type":["Card","Card","Relic","Relic","Potion","Relic","Relic"],"build_version":"2020-12-22","purchased_purges":1,"victory":false,"max_hp_per_floor":[65,65,65,65,65,65,65,65,65,65,65,65,75,75,75,75,75,75,75,75,75,75,75,75,75,75,75,75,75,75,75,75,75,75,75,75,75,75,75,75,75,75,75,75,75,75,75,75,75,75,75,75],"card_choices":[{"not_picked":["Slimebound:ComboTackle","Slimebound:FlameTackle"],"picked":"Slimebound:Nibble","floor":3},{"not_picked":["Slimebound:Chomp","Slimebound:SplitBruiser"],"picked":"Slimebound:OneTwoCombo","floor":5},{"not_picked":["Slimebound:Repurpose","Slimebound:GoopTackle"],"picked":"Slimebound:SplitAcid","floor":8},{"not_picked":["Slimebound:ComboTackle","Slimebound:DisruptingSlam"],"picked":"Slimebound:GoopSpray","floor":10},{"not_picked":["Slimebound:MegaLick","Slimebound:Chomp"],"picked":"Slimebound:LevelUp","floor":11},{"not_picked":["Slimebound:RollThrough","Slimebound:LeechEnergy"],"picked":"Slimebound:SplitAcid","floor":12},{"not_picked":["Slimebound:PressTheAttack","Slimebound:Equalize"],"picked":"Slimebound:ProtectTheBoss","floor":14},{"not_picked":["Slimebound:ComboTackle","Slimebound:PressTheAttack","Slimebound:Grow"],"picked":"SKIP","floor":15},{"not_picked":["Slimebound:CheckThePlaybook","Slimebound:MassFeed"],"picked":"Slimebound:DouseInSlime","floor":16},{"not_picked":["Slimebound:ProtectTheBoss","Slimebound:LivingWall","Slimebound:Gluttony+1"],"picked":"SKIP","floor":19},{"not_picked":["Slimebound:SplitAcid","Slimebound:LeechEnergy+1"],"picked":"Slimebound:RejuvenatingLick+1","floor":21},{"not_picked":["Slimebound:HauntingLick","Slimebound:FinishingTackle+1"],"picked":"Slimebound:PrepareCrush","floor":26},{"not_picked":["Slimebound:HauntingLick","Slimebound:DisruptingSlam","Slimebound:FinishingTackle"],"picked":"SKIP","floor":28},{"not_picked":["Slimebound:SamplingLick+1","Slimebound:LeechingTouch","Slimebound:ItLooksTasty"],"picked":"SKIP","floor":30},{"not_picked":["Slimebound:LeechingTouch","Slimebound:Gluttony"],"picked":"Slimebound:Teamwork","floor":31},{"not_picked":["Slimebound:Equalize","Slimebound:ItLooksTasty","Slimebound:Prepare"],"picked":"SKIP","floor":32},{"not_picked":["Slimebound:CheckThePlaybook","Slimebound:LeechLife"],"picked":"Slimebound:TagTeam","floor":33},{"not_picked":["Slimebound:SplitLeeching+1","Slimebound:Replication+1","Slimebound:SplitAcid"],"picked":"SKIP","floor":36},{"not_picked":["Slimebound:Grow","Slimebound:SplitSpecialist","Slimebound:LivingWall+1"],"picked":"SKIP","floor":37},{"not_picked":["expansioncontent:Chronoboost","expansioncontent:InvincibleStrength"],"picked":"expansioncontent:AwakenDeath","floor":38},{"not_picked":["Slimebound:SpikyOuterGoop+1","Slimebound:LivingWall+1"],"picked":"Slimebound:SplitMire+1","floor":40},{"not_picked":["Slimebound:TagTeam","Slimebound:SplitLeeching","Slimebound:ItLooksTasty+1"],"picked":"SKIP","floor":42},{"not_picked":["Slimebound:FormOfPuddle","Slimebound:SplitMire","Slimebound:ItLooksTasty+1"],"picked":"SKIP","floor":43},{"not_picked":["Slimebound:HauntingLick+1","Slimebound:GoopSpray","Slimebound:SamplingLick"],"picked":"SKIP","floor":44},{"not_picked":["Slimebound:BestDefense+1","Slimebound:Dissolve","Slimebound:LivingWall+1"],"picked":"SKIP","floor":45},{"not_picked":["Slimebound:PrepareCrush","Slimebound:SplitAcid"],"picked":"Slimebound:GoopSpray+1","floor":46},{"not_picked":["Slimebound:Gluttony+1","Slimebound:FormOfPuddle+1","Slimebound:TongueLash+1"],"picked":"SKIP","floor":48},{"not_picked":["Slimebound:ComboTackle+1","Slimebound:LeechingTouch+1","Slimebound:FormOfPuddle"],"picked":"SKIP","floor":49}],"player_experience":16737,"relics_obtained":[{"floor":9,"key":"Bag of Preparation"},{"floor":24,"key":"HornCleat"},{"floor":26,"key":"MawBank"},{"floor":27,"key":"Slimebound:AggressiveSlimeRelic"},{"floor":41,"key":"Ancient Tea Set"}],"event_choices":[{"damage_healed":0,"gold_gain":0,"player_choice":"Forge","damage_taken":0,"max_hp_gain":0,"max_hp_loss":0,"event_name":"Accursed Blacksmith","floor":4,"gold_loss":0,"cards_upgraded":["Slimebound:CorrosiveSpit"]},{"damage_healed":0,"gold_gain":0,"player_choice":"Ignored","damage_taken":0,"max_hp_gain":0,"max_hp_loss":0,"event_name":"betterNote:BetterNote","floor":20,"gold_loss":0,"cards_obtained":["Electrodynamics"]},{"damage_healed":0,"gold_gain":0,"player_choice":"Read","damage_taken":0,"max_hp_gain":0,"max_hp_loss":0,"event_name":"The Library","floor":22,"gold_loss":0,"cards_obtained":["Slimebound:LevelUp"]},{"damage_healed":0,"gold_gain":0,"player_choice":"Ignored","damage_taken":0,"max_hp_gain":0,"max_hp_loss":0,"event_name":"Vampires","floor":25,"gold_loss":0}],"is_beta":false,"boss_relics":[{"not_picked":["Sozu","Coffee Dripper"],"picked":"SacredBark"},{"not_picked":["SlaversCollar","Black Star"],"picked":"Slimebound:AbsorbEndCombatUpgraded"}],"items_purged_floors":[43],"is_endless":false,"potions_floor_spawned":[3,9,12,15,21,26,28,31,36,40,48,49],"killed_by":"DF_ARCHETYPE_ORBS","ascension_level":0}}