{"host":"4a6fro0of1ie0h2w","time":1612622346,"event":{"mods":["Aspiration","BaseMod","CCEM2","Colored Map","Conspire","Downfall","GifTheSpireLib","Halation","Highlight Path","Hubris","Infinite Spire","Marisa????????","Minty Spire (QoL Compilation)","Permanent Neow","Replay The Spire","StSLib","Stuff the Spire","The Servant 0.9.4"],"gold_per_floor":[99,111,111,126,126,153,221,221,232,232,232,232],"floor_reached":10,"language":"ENG","playtime":464,"items_purged":[],"score":73,"play_id":"4d933b20-661f-4818-b8ef-7eb095b66669","local_time":"20210206163906","is_ascension_mode":true,"campfire_choices":[{"data":"champ:MurderStrike","floor":1,"key":"SMITH"}],"circlet_count":0,"master_deck":["champ:Strike","champ:Strike","champ:Strike","champ:Strike","champ:Defend","champ:Defend","champ:Defend","champ:Defend","champ:Execute","champ:Taunt+1","champ:MurderStrike+1","champ:BladeFlurry","champ:Circumvent","champ:PerfectedStrike","Replay:Dark Deal+1","champ:BladeFlurry"],"relics":["champ:ChampionCrown","CCEMRelics:FestiveHat","Gremlin Food"],"acts_visited":["Exordium"],"potions_floor_usage":[10,10],"damage_taken":[{"damage":14,"enemies":"2 Louse","floor":2,"turns":3},{"damage":1,"enemies":"Cultist","floor":4,"turns":3},{"damage":46,"enemies":"Lagavulin","floor":6,"turns":8},{"damage":6,"enemies":"Jaw Worm","floor":9,"turns":3},{"damage":53,"enemies":"3 Sentries","floor":10,"turns":6}],"seed_played":"8310094767031129554","potions_obtained":[{"floor":2,"key":"FearPotion"},{"floor":4,"key":"AttackPotion"},{"floor":9,"key":"Adrenaline Potion"}],"is_trial":false,"path_per_floor":["R","M","?","M","?","E","T","T","M","E"],"character_chosen":"THE_CHAMP","items_purchased":[],"campfire_rested":0,"item_purchase_floors":[],"current_hp_per_floor":[90,86,86,85,85,59,59,59,53,0,0,0],"gold":232,"neow_bonus":"ONE_RANDOM_RARE_CARD","is_daily":false,"chose_seed":false,"campfire_upgraded":1,"win_rate":0.0,"timestamp":1612622346,"path_taken":["R","M","?","?","?","E","T","?","M","E"],"items_purchased_type":[],"build_version":"2020-12-22","purchased_purges":0,"victory":false,"max_hp_per_floor":[90,90,90,90,90,90,90,90,90,90,90,90],"card_choices":[{"not_picked":["champ:EnGarde","champ:BerserkersShout"],"picked":"champ:BladeFlurry","floor":2},{"not_picked":["champ:Backstep","champ:VampiricStrike"],"picked":"champ:Circumvent","floor":4},{"not_picked":["champ:BringItOn","champ:SetATrap"],"picked":"champ:PerfectedStrike","floor":6},{"not_picked":["Poisoned Strike+1","Secret Weapon+1"],"picked":"Replay:Dark Deal+1","floor":9},{"not_picked":["champ:Parry","champ:AdrenalArmor"],"picked":"champ:BladeFlurry","floor":9}],"player_experience":228938,"relics_obtained":[{"floor":6,"key":"CCEMRelics:FestiveHat"},{"floor":8,"key":"Gremlin Food"}],"event_choices":[{"damage_healed":0,"gold_gain":0,"player_choice":"Forge","damage_taken":0,"max_hp_gain":0,"max_hp_loss":0,"event_name":"Accursed Blacksmith","floor":3,"gold_loss":0,"cards_upgraded":["champ:Taunt"]}],"is_beta":false,"boss_relics":[],"items_purged_floors":[],"is_endless":false,"potions_floor_spawned":[2,4,9],"killed_by":"3 Sentries","ascension_level":2}}