{"host":"5inz41fcnifmg6v2","time":1612592852,"event":{"mods":["BaseMod","Minty Spire (QoL Compilation)","Replay The Spire","StSLib"],"gold_per_floor":[117,178,191,366,316,316,316,316,329,329,405,8,8,40,60,89,89,190,190,209,228,153,153,163,16,28,42,92,117,27,27,62,77,77,203,203,221,235,14,0,333,333,362,362,362,140,140,152,168,168,168,168],"floor_reached":53,"language":"ZHS","playtime":4124,"items_purged":["ReplayTheSpireMod:Splinters"],"score":790,"play_id":"8613732d-ec40-4204-a080-faec73faf342","local_time":"20210206142732","is_ascension_mode":false,"campfire_choices":[{"floor":6,"key":"REST"},{"floor":10,"key":"REST"},{"data":"Spot Weakness","floor":13,"key":"SMITH"},{"floor":17,"key":"REST"},{"floor":31,"key":"REST"},{"floor":34,"key":"REST"},{"data":"Limit Break","floor":42,"key":"SMITH"},{"data":"Bloodletting","floor":44,"key":"SMITH"},{"data":"Limit Break","floor":47,"key":"SMITH"}],"circlet_count":0,"master_deck":["Strike_R","Defend_R","Defend_R","Defend_R","Bash","Spot Weakness+1","Combust","Thunderclap","Rage","Feed","Replay:Undeath\u0027s Touch","Shockwave","Limit Break+1","Bloodletting+1","Armaments+1","Heavy Blade+1","Clash","Shrug It Off+1","Limit Break+1","Enlightenment","Bloodletting","Flex","Double Tap","Anger+1","Dropkick+1","ReplayTheSpireMod:Muscle Training+1","ReplayTheSpireMod:Muscle Training+1","ReplayTheSpireMod:Faulty Equipment","Demon Form+1","Fire Breathing","Flex","Heavy Blade+1","Clash+1"],"relics":["Empty Cage","Paper Frog","Iron Hammer","Bag of Marbles","Bottled Lightning","Incense Burner","Potion Belt","Honey Jar","ReplayTheSpireMod:Ring of Collecting","King of Hearts","Ancient Tea Set","Ring of Greed","MealTicket","Sundial","Astrolabe","HandDrill","Red Mask","Replay:Bottled Flurry","Gremlin Horn","ReplayTheSpireMod:Ring of Addiction","White Beast Statue","SacredBark","ReplayTheSpireMod:CursedCoin","Snack Pack"],"acts_visited":["Exordium","TheCity","TheBeyond"],"potions_floor_usage":[14,18,32,35,52],"damage_taken":[{"damage":5,"enemies":"Small Slimes","floor":1,"turns":3},{"damage":7,"enemies":"2 Louse","floor":3,"turns":4},{"damage":10,"enemies":"Jaw Worm","floor":9,"turns":4},{"damage":15,"enemies":"3 Sentries","floor":14,"turns":4},{"damage":2,"enemies":"3 Louse","floor":15,"turns":2},{"damage":31,"enemies":"Gremlin Nob","floor":16,"turns":4},{"damage":32,"enemies":"The Guardian","floor":18,"turns":7},{"damage":19,"enemies":"2 Thieves","floor":20,"turns":4},{"damage":0,"enemies":"Chosen","floor":21,"turns":3},{"damage":18,"enemies":"Shelled Parasite and Fungi","floor":24,"turns":3},{"damage":0,"enemies":"Snake Plant","floor":26,"turns":2},{"damage":18,"enemies":"Snecko","floor":27,"turns":5},{"damage":7,"enemies":"Centurion and Healer","floor":29,"turns":5},{"damage":3,"enemies":"Gremlin Leader","floor":32,"turns":2},{"damage":8,"enemies":"Cultist and Chosen","floor":33,"turns":3},{"damage":22,"enemies":"Champ","floor":35,"turns":7},{"damage":4,"enemies":"3 Shapes","floor":37,"turns":4},{"damage":0,"enemies":"Orb Walker","floor":38,"turns":1},{"damage":18,"enemies":"R_Hoarder","floor":43,"turns":5},{"damage":9,"enemies":"Transient","floor":48,"turns":5},{"damage":18,"enemies":"4 Shapes","floor":49,"turns":3},{"damage":39,"enemies":"Time Eater","floor":52,"turns":5}],"seed_played":"6040719207770793664","potions_obtained":[{"floor":1,"key":"Ancient Potion"},{"floor":2,"key":"Adrenaline Potion"},{"floor":3,"key":"Doom Potion"},{"floor":9,"key":"Strength Potion"},{"floor":16,"key":"Fire Potion"},{"floor":20,"key":"Explosive Potion"},{"floor":24,"key":"Adrenaline Potion"},{"floor":27,"key":"Block Potion"},{"floor":29,"key":"SneckoOil"},{"floor":37,"key":"SkillPotion"},{"floor":43,"key":"Elixir"},{"floor":49,"key":"Energy Potion"}],"is_trial":false,"path_per_floor":["M","?","M","?","?","R","PTL","PTL","M","R","T","$","R","E","M","E","R","B",null,"M","M","?","?","M","$","M","M","T","M","$","R","E","M","R","B",null,"M","M","$","?","?","R","E","R","T","$","R","M","M","?","R","B",null],"character_chosen":"IRONCLAD","items_purchased":["Bag of Marbles","Bottled Lightning","King of Hearts","Enlightenment","HandDrill","Fire Breathing","ReplayTheSpireMod:CursedCoin","Snack Pack","Flex"],"campfire_rested":5,"item_purchase_floors":[12,12,25,30,39,46,46,46,46],"current_hp_per_floor":[75,43,36,36,36,60,60,60,50,74,74,74,74,59,60,29,53,21,83,68,72,72,72,58,58,61,46,46,43,58,89,86,78,105,87,109,109,109,113,113,113,113,98,98,98,113,113,106,95,95,114,75],"gold":168,"neow_bonus":"BOSS_RELIC","is_daily":false,"chose_seed":false,"campfire_upgraded":4,"win_rate":0.0,"timestamp":1612592852,"path_taken":["M","?","M","?","?","R","PTL","PTL","M","R","T","?","R","E","M","E","R","BOSS","M","M","?","?","M","$","M","M","T","M","?","R","E","M","R","BOSS","M","?","$","?","?","R","E","R","T","?","R","M","?","?","R","BOSS"],"items_purchased_type":["Relic","Relic","Relic","Card","Relic","Card","Relic","Relic","Card"],"build_version":"2020-12-22","purchased_purges":1,"victory":true,"max_hp_per_floor":[80,80,80,80,80,80,80,80,80,80,80,80,80,80,83,83,83,83,83,87,91,91,91,95,95,98,101,101,105,105,105,105,105,105,109,109,113,113,113,113,113,113,116,116,116,116,116,116,117,114,114,112],"card_choices":[{"not_picked":["Metallicize","Cleave"],"picked":"Spot Weakness","floor":1},{"not_picked":["Perfected Strike","Sword Boomerang"],"picked":"Combust","floor":2},{"not_picked":["Iron Wave","Battle Trance"],"picked":"Thunderclap","floor":3},{"not_picked":["Twin Strike","Defy Death"],"picked":"Rage","floor":9},{"not_picked":["Infernal Blade","Perfected Strike"],"picked":"Feed","floor":14},{"not_picked":["Power Through","Body Slam"],"picked":"Replay:Undeath\u0027s Touch","floor":15},{"not_picked":["Shrug It Off","Feel No Pain"],"picked":"Shockwave","floor":16},{"not_picked":["Eclipse","Berserk"],"picked":"Limit Break","floor":18},{"not_picked":["Sword Boomerang","Body Slam","Replay:Undeath\u0027s Touch"],"picked":"Bloodletting","floor":20},{"not_picked":["Fire Breathing+1","Searing Blow","Run Through"],"picked":"Armaments+1","floor":21},{"not_picked":["ReplayTheSpireMod:Strike From Hell","Carnage+1","Iron Wave+1"],"picked":"Heavy Blade+1","floor":24},{"not_picked":["Thunderclap","Replay:Undeath\u0027s Touch","Wild Strike"],"picked":"Clash","floor":26},{"not_picked":["Pommel Strike","ReplayTheSpireMod:Stacked","Thunderclap"],"picked":"Shrug It Off+1","floor":27},{"not_picked":["Clash+1","Heavy Blade+1","Sword Boomerang"],"picked":"Limit Break","floor":29},{"not_picked":["Iron Wave","Run Through","Feel No Pain"],"picked":"Bloodletting","floor":32},{"not_picked":["Carnage","Body Slam","Headbutt"],"picked":"Flex","floor":33},{"not_picked":["Replay:Many Hands","Eclipse","Fiend Fire"],"picked":"Double Tap","floor":35},{"not_picked":["Twin Strike+1","Pommel Strike","Shrug It Off+1"],"picked":"ReplayTheSpireMod:Muscle Training+1","floor":37},{"not_picked":["Clash+1","Run Through","Fire Breathing+1"],"picked":"ReplayTheSpireMod:Muscle Training+1","floor":38},{"not_picked":["Berserk","Demonic Infusion","Pummel+1"],"picked":"Demon Form","floor":43},{"not_picked":["Shockwave","Pommel Strike","Twin Strike"],"picked":"Heavy Blade+1","floor":48},{"not_picked":["Clothesline+1","Armaments","Carnage"],"picked":"Clash+1","floor":49}],"player_experience":53842,"relics_obtained":[{"floor":2,"key":"Paper Frog"},{"floor":11,"key":"Iron Hammer"},{"floor":14,"key":"Incense Burner"},{"floor":16,"key":"Potion Belt"},{"floor":23,"key":"ReplayTheSpireMod:Ring of Collecting"},{"floor":28,"key":"Ancient Tea Set"},{"floor":28,"key":"Ring of Greed"},{"floor":28,"key":"Golden Idol"},{"floor":28,"key":"MealTicket"},{"floor":32,"key":"Sundial"},{"floor":43,"key":"Replay:Bottled Flurry"},{"floor":45,"key":"Gremlin Horn"},{"floor":45,"key":"ReplayTheSpireMod:Ring of Addiction"},{"floor":45,"key":"White Beast Statue"},{"floor":45,"key":"SacredBark"}],"event_choices":[{"damage_healed":0,"gold_gain":175,"player_choice":"AGREE","damage_taken":0,"max_hp_gain":0,"max_hp_loss":0,"event_name":"Liars Game","floor":4,"gold_loss":0,"cards_obtained":["Doubt"]},{"cards_removed":["Doubt"],"damage_healed":0,"gold_gain":0,"player_choice":"Card Removal","damage_taken":0,"max_hp_gain":0,"max_hp_loss":0,"event_name":"The Cleric","floor":5,"gold_loss":50},{"cards_removed":["Defend_R"],"damage_healed":0,"gold_gain":0,"player_choice":"Gave Gold","damage_taken":0,"max_hp_gain":0,"max_hp_loss":0,"event_name":"Beggar","floor":22,"gold_loss":75},{"damage_healed":0,"gold_gain":0,"player_choice":"Paid","damage_taken":0,"relics_obtained":["Red Mask"],"max_hp_gain":0,"max_hp_loss":0,"event_name":"Tomb of Lord Red Mask","floor":40,"gold_loss":14},{"damage_healed":0,"gold_gain":333,"player_choice":"Gave Idol","damage_taken":0,"max_hp_gain":0,"max_hp_loss":0,"event_name":"The Moai Head","floor":41,"relics_lost":["Golden Idol"],"gold_loss":0},{"cards_removed":["Decay","Parasite","ReplayTheSpireMod:Splinters","ReplayTheSpireMod:Restless Dread","ReplayTheSpireMod:Faulty Equipment"],"damage_healed":0,"gold_gain":0,"player_choice":"Removed Curses","damage_taken":0,"max_hp_gain":0,"max_hp_loss":0,"event_name":"Fountain of Cleansing","floor":50,"gold_loss":0}],"is_beta":false,"boss_relics":[{"not_picked":["SacredBark","SlaversCollar"],"picked":"Honey Jar"},{"not_picked":["Abe\u0027s Treasure","Ooze Armor"],"picked":"Astrolabe"}],"items_purged_floors":[39],"is_endless":false,"potions_floor_spawned":[1,3,9,16,20,24,27,29,37,43,48,49],"ascension_level":0}}