{"host":"kh1j1cf337zr4nij","time":1612604296,"event":{"mods":["2.2 Compatiblity","AchievementEnabler","Act Like it!","Aspiration","BaseMod","Bestiary","CCEM2","Colored Map","Colored Powertips","Conspire","Downfall","Energized Spire","Fireblade Mod","Friendly Minions","GifTheSpireLib","Glutton Mod","Halation","Hermit","Highlight Path","Hubris","Jedi Mod","Mad Scientist","Marisa????????","Minty Spire (QoL Compilation)","Quick Restart","Random Character Button","Relic Stats","Reliquary","Shade Mod","Slumbering Mod","Spikes Relics","StSLib","Stuff the Spire","SuperFastMode","Synergy Search","The Construct","The Cursed","The Disciple","The Forsaken","The Hierophant","The Marked","The Mystic","The Runesmith","The Servant 0.9.4","The Spell Scribe","The Valiant","TheFirefly","Trackpad"],"gold_per_floor":[99,115,130,122,145,172,172,72,141,59,95,88,88,188,213,318,318,318,334,362,69,89,89,89,122,22,15,15,15,15,15,15,15],"floor_reached":31,"language":"ENG","playtime":1907,"items_purged":["hexamod:Sear","hexamod:Strike"],"score":309,"play_id":"41ff45dc-d111-4986-8500-ba9bf8a6b392","local_time":"20210206043816","is_ascension_mode":false,"campfire_choices":[{"data":"Mayhem","floor":1.0,"key":"SMITH"},{"data":"hexamod:Float","floor":8.0,"key":"SMITH"},{"data":"hexamod:ForkedFlame","floor":13.0,"key":"SMITH"},{"floor":18.0,"key":"RECALL"},{"data":"hexamod:InspiringFlames","floor":26.0,"key":"SMITH"},{"data":"hexamod:TimeOfNeed","floor":28,"key":"SMITH"},{"data":"hexamod:GhostShield","floor":30,"key":"SMITH"}],"circlet_count":0,"master_deck":["hexamod:Strike","hexamod:Strike+1","hexamod:Strike","hexamod:Defend","hexamod:Defend","hexamod:Defend","hexamod:Defend","hexamod:Float+1","downfall:Aged","Mayhem+1","hexamod:NightmareGuise","hexamod:FirstSeal","hexamod:SecondSeal","hexamod:ThirdSeal","hexamod:FourthSeal","hexamod:GhostLash","hexamod:ForkedFlame+1","hexamod:InspiringFlames+1","hexamod:GhostShield+1","hexamod:EmpoweredFlame+1","hexamod:RadiantFlame+1","hexamod:ShieldOfDarkness","hexamod:GhostflameBarrier","hexamod:PhantomFireball","hexamod:GhostShield+1","hexamod:FifthSeal","hexamod:TimeOfNeed+1","hexamod:AdvancingGuard+1","hexamod:SixthSeal","expansioncontent:QuickStudy","hexamod:WildfireWeapon+1","hexamod:FastForward+1","hexamod:AdvancingGuard+1"],"relics":["hexamod:SpiritBrand","CCEMRelics:MissingSock","downfall:HeartBlessingBlue","Frozen Egg 2","reliquary:WeakTea","StuffTheSpire:RunicHypercube","InkBottle","jedi:gremlinknob","downfall:HeartBlessingRed"],"acts_visited":["Exordium","TheCity"],"potions_floor_usage":[27],"damage_taken":[{"damage":0.0,"enemies":"Small Slimes","floor":2.0,"turns":4.0},{"damage":1.0,"enemies":"2 Louse","floor":3.0,"turns":3.0},{"damage":0.0,"enemies":"theSlumbering:NewCultist","floor":5.0,"turns":7.0},{"damage":9.0,"enemies":"theSlumbering:Adrasteia","floor":6.0,"turns":7.0},{"damage":0.0,"enemies":"downfall:FleeingMerchant","floor":10.0,"turns":4.0},{"damage":0.0,"enemies":"Lagavulin","floor":11.0,"turns":6.0},{"damage":10.0,"enemies":"downfall:FleeingMerchant","floor":12.0,"turns":4.0},{"damage":0.0,"enemies":"Gremlin Gang","floor":15.0,"turns":8.0},{"damage":26.0,"enemies":"DF_ARCHETYPE_STREAMLINE","floor":16.0,"turns":8.0},{"damage":22.0,"enemies":"Spheric Guardian","floor":19.0,"turns":6.0},{"damage":15.0,"enemies":"Chosen","floor":20.0,"turns":6.0},{"damage":8.0,"enemies":"downfall:FleeingMerchant","floor":21.0,"turns":4.0},{"damage":14.0,"enemies":"conspire:HollyBat","floor":22.0,"turns":9.0},{"damage":19.0,"enemies":"conspire:SneckoGhost","floor":25.0,"turns":9.0},{"damage":0,"enemies":"downfall:FleeingMerchant","floor":27,"turns":4},{"damage":47,"enemies":"Snecko","floor":31,"turns":9}],"seed_played":"-4032522727703446064","potions_obtained":[{"floor":2.0,"key":"FairyPotion"},{"floor":5.0,"key":"GamblersBrew"},{"floor":6.0,"key":"GamblersBrew"},{"floor":6.0,"key":"champ:CounterPotion"},{"floor":10.0,"key":"EntropicBrew"},{"floor":12.0,"key":"Fruit Juice"},{"floor":15.0,"key":"LiquidBronze"},{"floor":16.0,"key":"EssenceOfSteel"},{"floor":22.0,"key":"CultistPotion"}],"is_trial":false,"path_per_floor":["R","M","M","?","M","E","T","R","T","$","E","$","R","?","M","B",null,"R","M","M","$","M","?","T","E","R","$","R","?","R","M"],"character_chosen":"THE_SPIRIT","items_purchased":["expansioncontent:QuickStudy"],"campfire_rested":0,"item_purchase_floors":[21],"current_hp_per_floor":[70,70,69,62,69,67,67,77,77,80,80,82,82,82,85,66,85,85,70,62,61,54,54,54,42,42,42,42,42,42,0,0,0],"gold":15,"neow_bonus":"RANDOM_COLORLESS_2","is_daily":false,"chose_seed":false,"campfire_upgraded":6,"win_rate":0.0,"timestamp":1612604296,"path_taken":["R","M","M","?","M","E","T","R","?","$","E","?","R","?","M","BOSS","R","M","M","$","?","?","T","E","R","?","R","?","R","?"],"items_purchased_type":["Card"],"build_version":"2020-12-22","purchased_purges":2,"victory":false,"max_hp_per_floor":[70,70,70,70,70,70,70,80,80,80,80,85,85,85,85,85,85,85,85,85,85,85,85,85,85,85,85,85,85,85,85,85,85],"relic_stats":{"counters":[16,98],"obtain_stats":[{"StuffTheSpire:RunicHypercube":17,"downfall:HeartBlessingRed":26,"downfall:HeartBlessingBlue":8,"jedi:gremlinknob":25,"CCEMRelics:MissingSock":6,"reliquary:WeakTea":11,"Frozen Egg 2":9,"hexamod:SpiritBrand":0,"InkBottle":24},{"StuffTheSpire:RunicHypercube":9,"downfall:HeartBlessingRed":14,"downfall:HeartBlessingBlue":4,"jedi:gremlinknob":14,"CCEMRelics:MissingSock":4,"reliquary:WeakTea":6,"Frozen Egg 2":4,"hexamod:SpiritBrand":0,"InkBottle":13},{"StuffTheSpire:RunicHypercube":51,"downfall:HeartBlessingRed":85,"downfall:HeartBlessingBlue":21,"jedi:gremlinknob":85,"CCEMRelics:MissingSock":21,"reliquary:WeakTea":31,"Frozen Egg 2":21,"hexamod:SpiritBrand":0,"InkBottle":76}],"InkBottle":[5]},"card_choices":[{"not_picked":["Transmutation","Feint"],"picked":"Mayhem","floor":0.0},{"not_picked":["hexamod:GhostShield","hexamod:ThirdSeal"],"picked":"hexamod:NightmareGuise","floor":2.0},{"not_picked":["hexamod:GhostLash","hexamod:ShieldOfDarkness"],"picked":"hexamod:SpectersWail","floor":3.0},{"not_picked":["hexamod:BacktrackSmack","hexamod:RadiantFlame"],"picked":"hexamod:GhostLash","floor":5.0},{"not_picked":["hexamod:BacktrackSmack","hexamod:ThirdSeal"],"picked":"hexamod:ForkedFlame","floor":5.0},{"not_picked":["hexamod:ThermalTransfer","hexamod:SoulSteal"],"picked":"hexamod:InspiringFlames","floor":6.0},{"not_picked":["hexamod:StepThrough","hexamod:GhostflameBarrier"],"picked":"hexamod:GhostShield","floor":6.0},{"not_picked":["hexamod:SwordOfDarkness","hexamod:NightmareGuise"],"picked":"hexamod:EmpoweredFlame+1","floor":10.0},{"not_picked":["hexamod:FirstSeal","hexamod:GhostOfSpirePast+1"],"picked":"hexamod:RadiantFlame+1","floor":10.0},{"not_picked":["hexamod:RetreatToShadows","hexamod:GhostShield"],"picked":"hexamod:ShieldOfDarkness","floor":11.0},{"not_picked":["hexamod:SpectersWail","hexamod:BacktrackSmack","hexamod:NightmareGuise"],"picked":"SKIP","floor":11.0},{"not_picked":["hexamod:HeatCrush","hexamod:BacktrackSmack"],"picked":"hexamod:GhostflameBarrier","floor":12.0},{"not_picked":["hexamod:GhostLash","hexamod:NecessarySacrifice","hexamod:SpectersWail"],"picked":"SKIP","floor":12.0},{"not_picked":["hexamod:SpectersWail","hexamod:FourthSeal"],"picked":"hexamod:PhantomFireball","floor":15.0},{"not_picked":["hexamod:HexaLevel+1","hexamod:HeatMetal"],"picked":"hexamod:GhostShield","floor":15.0},{"not_picked":["hexamod:WildfireWeapon+1","hexamod:GhostflameInferno"],"picked":"hexamod:FifthSeal","floor":16.0},{"not_picked":["hexamod:TurnItUp","hexamod:UnleashSpirits"],"picked":"hexamod:TimeOfNeed","floor":16.0},{"not_picked":["hexamod:InspiringFlames","hexamod:Firestarter"],"picked":"hexamod:AdvancingGuard+1","floor":19.0},{"not_picked":["hexamod:HeatCrush+1","hexamod:FirstSeal","hexamod:BacktrackSmack"],"picked":"SKIP","floor":19.0},{"not_picked":["hexamod:HeatMetal","hexamod:ShieldOfDarkness","hexamod:HauntingEcho"],"picked":"SKIP","floor":20.0},{"not_picked":["hexamod:ThirdSeal","hexamod:FourthSeal"],"picked":"hexamod:SixthSeal","floor":21.0},{"not_picked":["hexamod:VolcanoVisage+1","hexamod:ShieldOfDarkness+1","hexamod:RetreatToShadows"],"picked":"SKIP","floor":21.0},{"not_picked":["hexamod:NightmareGuise","hexamod:GhostShield","hexamod:RetreatToShadows+1"],"picked":"SKIP","floor":21.0},{"not_picked":["hexamod:NecessarySacrifice+1","hexamod:GhostLash+1"],"picked":"hexamod:WildfireWeapon+1","floor":22.0},{"not_picked":["hexamod:Firestarter","hexamod:HeatMetal","hexamod:SpectersWail"],"picked":"SKIP","floor":22.0},{"not_picked":["hexamod:Firestarter","hexamod:HexaLevel+1","hexamod:ThirdSeal"],"picked":"SKIP","floor":25.0},{"not_picked":["hexamod:BurningTouch","hexamod:ChargedBarrage","hexamod:HauntingEcho"],"picked":"SKIP","floor":25.0},{"not_picked":["hexamod:GhostLash","hexamod:RainOfEmbers"],"picked":"hexamod:FastForward+1","floor":27},{"not_picked":["hexamod:GhostShield","hexamod:DynamicBlow"],"picked":"hexamod:AdvancingGuard+1","floor":27}],"player_experience":43200,"relics_obtained":[{"floor":6.0,"key":"CCEMRelics:MissingSock"},{"floor":9.0,"key":"Frozen Egg 2"},{"floor":11.0,"key":"reliquary:WeakTea"},{"floor":24.0,"key":"InkBottle"},{"floor":25.0,"key":"jedi:gremlinknob"}],"event_choices":[],"is_beta":false,"boss_relics":[{"not_picked":["Philosopher\u0027s Stone","reliquary:KinkedSpring"],"picked":"StuffTheSpire:RunicHypercube"}],"items_purged_floors":[10,21],"is_endless":false,"potions_floor_spawned":[2,6,15,16,22,25],"killed_by":"Snecko","ascension_level":0}}