{"host":"aok0e1puiezyg4fr","time":1612572245,"event":{"mods":["Act Like it!","Arknights","BaseMod","Better Altar","CapriCore","Downfall","Gensokyo","Marked Mod","Minty Spire (QoL Compilation)","Shop Mod","Spicy Shops","StSLib","The Forsaken","The Immortal","The Marked","The Servant 0.9.4","Thieving Mod","noobMod"],"gold_per_floor":[110,15,30,41,316,316,333,353,400,414,442,442,458,489,489,589,589,604,453,472,218,218,250,268,268,321,94,94,110,123,152,152,250,250,269,269,279,2,20,20,38,38,111,125,153,153,168,194,194,194,194,194],"floor_reached":50,"language":"ENG","playtime":2754,"items_purged":["Regret"],"score":787,"play_id":"6869af5a-3f44-49ce-9b3b-046ccbd8d105","local_time":"20210205194405","is_ascension_mode":true,"campfire_choices":[{"floor":6,"key":"REST"},{"floor":12,"key":"REST"},{"data":"MokouMod:SpontaneousHumanCombustion","floor":15,"key":"SMITH"},{"floor":28,"key":"REST"},{"floor":32,"key":"REST"},{"floor":40,"key":"REST"},{"floor":49,"key":"REST"}],"circlet_count":0,"master_deck":["MokouMod:Defend","MokouMod:Defend","MokouMod:Defend","MokouMod:Defend","MokouMod:HeatSpark+1","MokouMod:ThermalPressure","MokouMod:Refresh","MokouMod:Fireball","MokouMod:AdaptivePyromancy","MokouMod:FujiyamaVolcano","MokouMod:SpontaneousHumanCombustion+1","MokouMod:EternalBurstReactor","MokouMod:Fireball","MokouMod:PhoenixFeathers","MokouMod:Combust","MokouMod:RadiantBlade","MokouMod:FlamingFireTalons","MokouMod:EnchantingBambooForest","MokouMod:Cataclysm","MokouMod:RadiantBlade","MokouMod:HeatTransfer","Bite","Bite","Bite","Bite","Bite","MokouMod:Rekindle","MokouMod:Burn","MokouMod:CrimsonArmoury","MokouMod:FujiyamaVolcano","MokouMod:SearingShot+1","MokouMod:SacredFire+1","MokouMod:Stoke","theForsaken:PlagueCurse","MokouMod:ScorchedEarth+1","MokouMod:BlazingComet+1","MokouMod:IgneousBlow+1","MokouMod:FujiyamaVolcano+1","MokouMod:InfernalWave+1","Gensokyo:GreaterSplit+1","Doubt","MokouMod:RoaringFlare+1","MokouMod:Rebirth"],"relics":["MokouMod:PhoenixFeather","ice","theForsaken:Lifeblossom","Bottled Lightning","Bag of Preparation","Fusion Hammer","Calipers","Bag of Marbles","Bronze Scales","Medical Kit","Molten Egg 2","Runic Dome","theForsaken:PlagueMask","Membership Card","HornCleat","Bottled Flame","Strawberry","Gremlin Horn"],"acts_visited":["Exordium","TheCity","Gensokyo:Gensokyoest"],"potions_floor_usage":[11,11],"damage_taken":[{"damage":3,"enemies":"2 Louse","floor":1,"turns":3},{"damage":6,"enemies":"Cultist","floor":3,"turns":3},{"damage":11,"enemies":"Jaw Worm","floor":4,"turns":3},{"damage":8,"enemies":"2 Fungi Beasts","floor":7,"turns":3},{"damage":36,"enemies":"Exordium Thugs","floor":8,"turns":5},{"damage":24,"enemies":"3 Louse","floor":10,"turns":3},{"damage":0,"enemies":"Gremlin Nob","floor":11,"turns":2},{"damage":11,"enemies":"Exordium Wildlife","floor":13,"turns":2},{"damage":34,"enemies":"Lagavulin","floor":14,"turns":6},{"damage":23,"enemies":"Slime Boss","floor":16,"turns":6},{"damage":27,"enemies":"2 Thieves","floor":18,"turns":3},{"damage":3,"enemies":"Spheric Guardian","floor":20,"turns":3},{"damage":37,"enemies":"Gremlin Leader","floor":23,"turns":3},{"damage":32,"enemies":"Centurion and Healer","floor":24,"turns":4},{"damage":0,"enemies":"Snecko","floor":29,"turns":2},{"damage":0,"enemies":"Shelled Parasite and Fungi","floor":30,"turns":2},{"damage":0,"enemies":"Slavers","floor":31,"turns":1},{"damage":8152016,"enemies":"Champ","floor":33,"turns":2},{"damage":0,"enemies":"Gensokyo:3_Boulders","floor":35,"turns":1},{"damage":0,"enemies":"Gensokyo:3_Bats","floor":37,"turns":1},{"damage":0,"enemies":"Gensokyo:Dusk_and_Dawn","floor":39,"turns":1},{"damage":0,"enemies":"Gensokyo:SeedOfUnknown","floor":41,"turns":2},{"damage":18,"enemies":"Gensokyo:4_Bats","floor":44,"turns":2},{"damage":8152004,"enemies":"Gensokyo:Marisa","floor":45,"turns":1},{"damage":0,"enemies":"Gensokyo:3_Boulders","floor":47,"turns":1},{"damage":8152004,"enemies":"Gensokyo:Kasen","floor":48,"turns":1},{"damage":8152004,"enemies":"Gensokyo:Yuyuko","floor":50,"turns":1}],"seed_played":"343398591202441","potions_obtained":[{"floor":4,"key":"SneckoOil"},{"floor":8,"key":"SmokeBomb"},{"floor":10,"key":"Swift Potion"},{"floor":14,"key":"CultistPotion"},{"floor":18,"key":"Dexterity Potion"},{"floor":25,"key":"Regen Potion"},{"floor":30,"key":"hexamod:SoulburnPotion"}],"is_trial":false,"path_per_floor":["M","$","M","M","?","R","M","M","T","M","E","R","M","E","R","B",null,"M","$","M","$","?","E","M","?","T","$","R","M","M","E","R","B",null,"M","?","M","$","M","R","M","COS","T","M","E","?","M","E","R","B"],"character_chosen":"MKU","items_purchased":["MokouMod:Refresh","MokouMod:EnchantingBambooForest","MokouMod:RadiantBlade","MokouMod:HeatTransfer","Bronze Scales","Medical Kit","Membership Card","HornCleat"],"campfire_rested":6,"item_purchase_floors":[2,19,21,21,27,27,38,38],"current_hp_per_floor":[72,72,66,55,55,75,67,31,31,12,15,37,29,75,75,52,78,56,56,58,58,57,22,54,54,54,54,67,67,67,67,67,38,71,71,71,71,71,71,71,71,71,71,61,36,36,73,65,78,0,0,0],"gold":194,"neow_bonus":"UPGRADE_CARD","is_daily":false,"chose_seed":true,"campfire_upgraded":1,"win_rate":0.0,"timestamp":1612572245,"path_taken":["M","$","M","M","?","R","M","M","T","M","E","R","?","E","R","BOSS","M","$","?","$","?","E","M","?","T","$","R","M","M","E","R","BOSS","M","?","M","$","M","R","M","COS","T","M","E","?","M","E","R","BOSS"],"items_purchased_type":["Card","Card","Card","Card","Relic","Relic","Relic","Relic"],"build_version":"2020-12-22","purchased_purges":1,"victory":false,"max_hp_per_floor":[75,75,75,75,75,75,75,75,75,75,75,75,75,75,75,78,78,81,81,82,82,57,64,67,67,67,67,67,67,67,67,67,71,71,71,71,71,71,71,71,71,71,71,71,78,78,78,78,78,78,78,78],"card_choices":[{"not_picked":["MokouMod:AdaptivePyromancy","MokouMod:Scorch"],"picked":"MokouMod:ThermalPressure","floor":1},{"not_picked":["MokouMod:UncontrollableSolarReaction","MokouMod:BlazingComet"],"picked":"MokouMod:Fireball","floor":3},{"not_picked":["MokouMod:FlareStarter","MokouMod:FlickeringFlame"],"picked":"MokouMod:AdaptivePyromancy","floor":4},{"not_picked":["MokouMod:BurningDraft","MokouMod:WarmUp"],"picked":"MokouMod:FujiyamaVolcano","floor":7},{"not_picked":["MokouMod:ResoluteFlare","MokouMod:Stoke"],"picked":"MokouMod:SpontaneousHumanCombustion","floor":8},{"not_picked":["MokouMod:BurningDraft","MokouMod:UncontrollableSolarReaction"],"picked":"MokouMod:EternalBurstReactor","floor":10},{"not_picked":["MokouMod:TemporalFireSeal","MokouMod:Stoke"],"picked":"MokouMod:Fireball","floor":11},{"not_picked":["MokouMod:AdaptivePyromancy","MokouMod:Overheat"],"picked":"MokouMod:PhoenixFeathers","floor":13},{"not_picked":["MokouMod:AdaptivePyromancy","MokouMod:Sear"],"picked":"MokouMod:Combust","floor":14},{"not_picked":["MokouMod:ResonatingAura","MokouMod:ExplosiveFlame"],"picked":"MokouMod:RadiantBlade","floor":16},{"not_picked":["MokouMod:ScorchingColumn+1","MokouMod:Singe+1"],"picked":"MokouMod:FlamingFireTalons","floor":18},{"not_picked":["MokouMod:BurningDraft","MokouMod:CrimsonFlare"],"picked":"MokouMod:Cataclysm","floor":20},{"not_picked":["MokouMod:RoaringFlare","MokouMod:ResoluteFlare"],"picked":"MokouMod:Rekindle","floor":23},{"not_picked":["MokouMod:Stoke","MokouMod:BurningDraft"],"picked":"MokouMod:Burn","floor":24},{"not_picked":["MokouMod:Scorch","MokouMod:Fireball"],"picked":"MokouMod:CrimsonArmoury","floor":29},{"not_picked":["MokouMod:UncontrollableSolarReaction","MokouMod:Combust"],"picked":"MokouMod:FujiyamaVolcano","floor":30},{"not_picked":["MokouMod:TemporalFireSeal+1","MokouMod:ShiftIgnition"],"picked":"MokouMod:SearingShot+1","floor":31},{"not_picked":["MokouMod:Rebirth","MokouMod:SearingBlow+1"],"picked":"MokouMod:SacredFire+1","floor":33},{"not_picked":["MokouMod:Firecracker+1","MokouMod:EternalBurstReactor+1"],"picked":"MokouMod:Stoke","floor":35},{"not_picked":["MokouMod:UncontrollableSolarReaction+1","MokouMod:SearingShot+1"],"picked":"MokouMod:ScorchedEarth+1","floor":37},{"not_picked":["MokouMod:AdaptivePyromancy+1","MokouMod:Overheat+1"],"picked":"MokouMod:BlazingComet+1","floor":39},{"not_picked":["MokouMod:Extinguish","MokouMod:EternalBurstReactor+1"],"picked":"MokouMod:IgneousBlow+1","floor":41},{"not_picked":["MokouMod:EternalBurstReactor+1","MokouMod:AdaptivePyromancy+1"],"picked":"MokouMod:FujiyamaVolcano+1","floor":44},{"not_picked":["MokouMod:BurningDraft","MokouMod:ShiftIgnition"],"picked":"MokouMod:InfernalWave+1","floor":45},{"not_picked":["MokouMod:SubterraneanCore","MokouMod:EternalBurstReactor+1"],"picked":"MokouMod:RoaringFlare+1","floor":47},{"not_picked":["MokouMod:UncontrollableSolarReaction+1","MokouMod:FlickeringFlame+1"],"picked":"MokouMod:Rebirth","floor":48}],"player_experience":19250,"relics_obtained":[{"floor":9,"key":"theForsaken:Lifeblossom"},{"floor":11,"key":"Bottled Lightning"},{"floor":14,"key":"Bag of Preparation"},{"floor":23,"key":"Calipers"},{"floor":26,"key":"Bag of Marbles"},{"floor":31,"key":"Molten Egg 2"},{"floor":43,"key":"Bottled Flame"},{"floor":45,"key":"Strawberry"},{"floor":48,"key":"Gremlin Horn"}],"event_choices":[{"damage_healed":0,"gold_gain":275,"player_choice":"Desecrate","damage_taken":0,"max_hp_gain":0,"max_hp_loss":0,"event_name":"Golden Shrine","floor":5,"gold_loss":0,"cards_obtained":["Regret"]},{"damage_healed":0,"gold_gain":0,"player_choice":"Became a vampire","damage_taken":0,"max_hp_gain":0,"max_hp_loss":25,"event_name":"Vampires","floor":22,"gold_loss":0,"cards_obtained":["Bite","Bite","Bite","Bite","Bite"]},{"damage_healed":0,"gold_gain":0,"player_choice":"Got Potions","damage_taken":0,"max_hp_gain":0,"max_hp_loss":0,"event_name":"Lab","floor":25,"gold_loss":0},{"damage_healed":0,"gold_gain":0,"player_choice":"Obtain Plague Curse","damage_taken":0,"max_hp_gain":0,"max_hp_loss":0,"event_name":"Plague Doctor","floor":36,"gold_loss":0,"cards_obtained":["theForsaken:PlagueCurse"]}],"is_beta":false,"boss_relics":[{"not_picked":["Coffee Dripper","Empty Cage"],"picked":"Fusion Hammer"},{"not_picked":["theForsaken:PaleLantern","SacredBark"],"picked":"Runic Dome"}],"items_purged_floors":[19],"is_endless":false,"potions_floor_spawned":[4,8,10,14,18,24,30,31,41,44,45,48],"killed_by":"Gensokyo:Yuyuko","ascension_level":1}}