{"host":"zwezhz46a5cjkxff","time":1612589990,"event":{"mods":["AchievementEnabler","BaseMod","Colored Map","Colored Powertips","DeckTracker","Minty Spire (QoL Compilation)","Permanent Neow","Quick Restart","Rare Cards Sparkle","Relic Stats","StSLib","SuperFastMode"],"gold_per_floor":[110,110,128,53,65,65,97,97,151,151,184,359,377,43,43,171,171,195,195,70,10,29,29,29],"floor_reached":23,"language":"ENG","playtime":678,"items_purged":["Clumsy","Doubt","Defend_G"],"score":217,"play_id":"deaea1c4-3784-43dc-bf5a-19f66053c587","local_time":"20210205233950","is_ascension_mode":true,"campfire_choices":[{"floor":6,"key":"RECALL"},{"data":"Caltrops","floor":8,"key":"SMITH"},{"floor":15,"key":"REST"}],"circlet_count":0,"master_deck":["Strike_G","Strike_G","Strike_G","Strike_G","Strike_G","Defend_G","Defend_G","Defend_G","Defend_G+1","Survivor","Neutralize+1","Backflip","Dash","Crippling Poison","Caltrops+1","Blur","Venomology","Envenom","Underhanded Strike","Burst"],"relics":["Ring of the Snake","FossilizedHelix","Regal Pillow","Bloody Idol","Ice Cream","Nunchaku","Snecko Eye"],"acts_visited":["Exordium","TheCity"],"potions_floor_usage":[7,11,16,21,22],"damage_taken":[{"damage":0,"enemies":"2 Louse","floor":1,"turns":2},{"damage":0,"enemies":"Jaw Worm","floor":3,"turns":4},{"damage":0,"enemies":"Cultist","floor":5,"turns":4},{"damage":21,"enemies":"3 Sentries","floor":7,"turns":10},{"damage":16,"enemies":"Lagavulin","floor":11,"turns":11},{"damage":9,"enemies":"3 Louse","floor":13,"turns":3},{"damage":24,"enemies":"The Guardian","floor":16,"turns":17},{"damage":28,"enemies":"Spheric Guardian","floor":18,"turns":6},{"damage":11,"enemies":"2 Thieves","floor":21,"turns":4},{"damage":20,"enemies":"Snake Plant","floor":22,"turns":5},{"damage":0,"enemies":"Slavers","floor":23,"turns":1}],"seed_played":"8263481999385991839","potions_obtained":[{"floor":1,"key":"DistilledChaos"},{"floor":7,"key":"PowerPotion"},{"floor":11,"key":"SteroidPotion"},{"floor":22,"key":"Explosive Potion"}],"is_trial":false,"path_per_floor":["M","?","M","$","M","R","E","R","T","?","E","?","M","$","R","B",null,"M","?","$","M","M","E"],"character_chosen":"THE_SILENT","items_purchased":["Nunchaku","Venomology"],"campfire_rested":1,"item_purchase_floors":[14,14],"current_hp_per_floor":[70,56,56,56,56,56,35,35,35,35,19,19,10,10,44,20,65,37,37,37,26,11,11,11],"gold":29,"neow_bonus":"ONE_RARE_RELIC","is_daily":false,"chose_seed":false,"campfire_upgraded":1,"win_rate":0.0,"timestamp":1612589990,"path_taken":["M","?","M","$","M","R","E","R","T","?","E","?","?","$","R","BOSS","M","?","$","M","M","E"],"items_purchased_type":["Relic","Card"],"build_version":"2020-12-22","purchased_purges":3,"victory":false,"max_hp_per_floor":[70,70,70,70,70,70,70,70,70,65,65,65,65,65,65,65,65,65,65,65,65,65,65,65],"relic_stats":{"Regal Pillow":15,"Nunchaku":[5],"counters":[11,67],"Bloody Idol":5,"Snecko Eye":[30,27,38,34],"obtain_stats":[{"Ice Cream":11,"Regal Pillow":7,"Nunchaku":14,"Golden Idol":10,"Bloody Idol":19,"Snecko Eye":17,"FossilizedHelix":0,"Ring of the Snake":0},{"Ice Cream":5,"Regal Pillow":4,"Nunchaku":6,"Golden Idol":4,"Bloody Idol":8,"Snecko Eye":7,"FossilizedHelix":0,"Ring of the Snake":0},{"Ice Cream":31,"Regal Pillow":20,"Nunchaku":34,"Golden Idol":20,"Bloody Idol":57,"Snecko Eye":51,"FossilizedHelix":0,"Ring of the Snake":0}],"Ring of the Snake":[22]},"card_choices":[{"not_picked":["Underhanded Strike","All Out Attack"],"picked":"Backflip","floor":1},{"not_picked":["Deflect","Dodge and Roll"],"picked":"Dash","floor":3},{"not_picked":["Quick Slash","Dagger Throw"],"picked":"Crippling Poison","floor":5},{"not_picked":["Underhanded Strike","Flechettes"],"picked":"Caltrops","floor":7},{"not_picked":["Deadly Poison","Footwork"],"picked":"Blur","floor":11},{"not_picked":["Doppelganger","Flying Knee","Expertise"],"picked":"SKIP","floor":13},{"not_picked":["Tools of the Trade","Phantasmal Killer"],"picked":"Envenom","floor":16},{"not_picked":["Dodge and Roll","Deadly Poison","Escape Plan+1"],"picked":"SKIP","floor":18},{"not_picked":["Endless Agony","Quick Slash"],"picked":"Underhanded Strike","floor":21},{"not_picked":["Backflip+1","Crippling Poison"],"picked":"Burst","floor":22}],"player_experience":73994,"relics_obtained":[{"floor":7,"key":"Regal Pillow"},{"floor":11,"key":"Ice Cream"}],"event_choices":[{"damage_healed":0,"gold_gain":0,"player_choice":"Entered Light","damage_taken":14,"max_hp_gain":0,"max_hp_loss":0,"event_name":"Shining Light","floor":2,"gold_loss":0,"cards_upgraded":["Defend_G","Neutralize"]},{"damage_healed":0,"gold_gain":0,"player_choice":"Lose Max HP","damage_taken":0,"relics_obtained":["Golden Idol"],"max_hp_gain":0,"max_hp_loss":5,"event_name":"Golden Idol","floor":10,"gold_loss":0},{"damage_healed":0,"gold_gain":175,"player_choice":"AGREE","damage_taken":0,"max_hp_gain":0,"max_hp_loss":0,"event_name":"Liars Game","floor":12,"gold_loss":0,"cards_obtained":["Doubt"]},{"damage_healed":0,"gold_gain":0,"player_choice":"Gave Idol","damage_taken":0,"relics_obtained":["Bloody Idol"],"max_hp_gain":0,"max_hp_loss":0,"event_name":"Forgotten Altar","floor":19,"relics_lost":["Golden Idol"],"gold_loss":0}],"is_beta":false,"boss_relics":[{"not_picked":["Ectoplasm","Black Star"],"picked":"Snecko Eye"}],"items_purged_floors":[4,14,20],"is_endless":false,"potions_floor_spawned":[1,7,11,22],"killed_by":"Slavers","ascension_level":2}}