{"host":"ficgsz0si2azpg0p","time":1612647539,"event":{"mods":["BaseMod","Downfall","Minty Spire (QoL Compilation)","StSLib","The Hierophant"],"gold_per_floor":[116,116,22,33,108,108,135,154,154,28,28,46,46,64,64,168,168,188,188,88,104,104,131,131,159,186,200,200,215,215,247,247,343,343,363,375,375,375,385,385,385,398,398,416,427,480,480,490,490,490,490],"floor_reached":50,"language":"ENG","playtime":1857,"items_purged":["Strike_G","Strike_G"],"score":502,"play_id":"f4f54c1c-1e0c-49d5-b742-9ee0aef650fc","local_time":"20210206163859","is_ascension_mode":false,"campfire_choices":[{"data":"Noxious Fumes","floor":6.0,"key":"SMITH"},{"floor":11.0,"key":"REST"},{"data":"PiercingWail","floor":15.0,"key":"SMITH"},{"floor":24.0,"key":"REST"},{"floor":28.0,"key":"REST"},{"floor":30.0,"key":"REST"},{"floor":32.0,"key":"REST"},{"data":"Leg Sweep","floor":40,"key":"SMITH"},{"floor":49,"key":"REST"}],"circlet_count":0,"master_deck":["Defend_G","Defend_G","Defend_G","Defend_G","Defend_G","Survivor","Neutralize","Flying Knee","Noxious Fumes+1","PiercingWail+1","Backstab","Cloak And Dagger","Deadly Poison","Bane","Noxious Fumes+1","Bullet Time","Poisoned Stab","Neutralize","Footwork+1","Deadly Poison+1","Crippling Poison","Poisoned Stab+1","Leg Sweep+1","Dagger Spray+1","Leg Sweep","Bouncing Flask+1","Cloak And Dagger","Prepared","Backflip+1"],"relics":["Ring of the Snake","Frozen Egg 2","Snake Skull","Sozu","Shuriken","Happy Flower","Blood Vial","Bottled Tornado","Empty Cage","Eternal Feather","Toy Ornithopter"],"acts_visited":["Exordium","TheCity","TheBeyond"],"potions_floor_usage":[],"damage_taken":[{"damage":0.0,"enemies":"Jaw Worm","floor":1.0,"turns":6.0},{"damage":2.0,"enemies":"Small Slimes","floor":4.0,"turns":4.0},{"damage":17.0,"enemies":"Lagavulin","floor":7.0,"turns":6.0},{"damage":0.0,"enemies":"Cultist","floor":8.0,"turns":3.0},{"damage":0.0,"enemies":"Gremlin Gang","floor":12.0,"turns":4.0},{"damage":0.0,"enemies":"2 Fungi Beasts","floor":14.0,"turns":4.0},{"damage":4.0,"enemies":"The Guardian","floor":16.0,"turns":8.0},{"damage":7.0,"enemies":"Shell Parasite","floor":18.0,"turns":5.0},{"damage":0.0,"enemies":"3 Byrds","floor":21.0,"turns":4.0},{"damage":24.0,"enemies":"Book of Stabbing","floor":23.0,"turns":6.0},{"damage":21.0,"enemies":"Gremlin Leader","floor":25.0,"turns":8.0},{"damage":15.0,"enemies":"Shelled Parasite and Fungi","floor":27.0,"turns":5.0},{"damage":7.0,"enemies":"Sentry and Sphere","floor":29.0,"turns":5.0},{"damage":20.0,"enemies":"Book of Stabbing","floor":31.0,"turns":5.0},{"damage":53.0,"enemies":"Collector","floor":33.0,"turns":9.0},{"damage":7,"enemies":"3 Darklings","floor":35,"turns":6},{"damage":35,"enemies":"3 Shapes","floor":36,"turns":6},{"damage":1,"enemies":"Sphere and 2 Shapes","floor":39,"turns":5},{"damage":9,"enemies":"Maw","floor":42,"turns":6},{"damage":1,"enemies":"3 Darklings","floor":44,"turns":5},{"damage":38,"enemies":"4 Shapes","floor":45,"turns":8},{"damage":0,"enemies":"Transient","floor":48,"turns":5},{"damage":63,"enemies":"Time Eater","floor":50,"turns":9}],"seed_played":"-4524617083034735793","potions_obtained":[{"floor":4.0,"key":"champ:CounterPotion"},{"floor":12.0,"key":"SkillPotion"},{"floor":14.0,"key":"SneckoOil"}],"is_trial":false,"path_per_floor":["M","?","$","M","?","R","E","M","T","$","R","M","?","M","R","B",null,"M","?","$","M","$","E","R","E","T","M","R","M","R","E","R","B",null,"M","M","$","?","M","R","?","M","T","M","M","T","?","M","R","B"],"character_chosen":"THE_SILENT","items_purchased":["Noxious Fumes","PiercingWail","Bane"],"campfire_rested":6,"item_purchase_floors":[3,3,10],"current_hp_per_floor":[77,77,77,75,64,64,47,47,47,47,70,70,63,63,63,59,77,70,70,70,70,70,46,69,48,48,35,58,53,76,57,77,24,77,70,37,37,67,66,66,66,58,58,59,23,23,23,25,59,0,0],"gold":490,"neow_bonus":"TEN_PERCENT_HP_BONUS","is_daily":false,"chose_seed":false,"campfire_upgraded":3,"win_rate":0.0,"timestamp":1612647539,"path_taken":["M","?","$","M","?","R","E","M","T","$","R","M","?","M","R","BOSS","M","?","$","M","$","E","R","E","T","M","R","?","R","E","R","BOSS","M","?","$","?","M","R","?","M","T","M","M","?","?","M","R","BOSS"],"items_purchased_type":["Card","Card","Card"],"build_version":"2020-12-22","purchased_purges":2,"victory":false,"max_hp_per_floor":[77,77,77,77,77,77,77,77,77,77,77,77,77,77,77,77,77,77,77,77,77,77,77,77,77,77,77,77,77,77,77,77,77,77,77,77,77,67,67,67,67,67,67,67,67,67,64,64,64,64,64],"card_choices":[{"not_picked":["Accuracy","Well Laid Plans"],"picked":"Flying Knee","floor":1.0},{"not_picked":["Sucker Punch","Distraction"],"picked":"Backstab","floor":4.0},{"not_picked":["Riddle With Holes","Choke"],"picked":"Cloak And Dagger","floor":7.0},{"not_picked":["Sucker Punch","Expertise"],"picked":"Deadly Poison","floor":8.0},{"not_picked":["Sucker Punch","Choke","Quick Slash"],"picked":"SKIP","floor":12.0},{"not_picked":["Underhanded Strike","Acrobatics"],"picked":"Noxious Fumes+1","floor":14.0},{"not_picked":["Malaise","Burst"],"picked":"Bullet Time","floor":16.0},{"not_picked":["Escape Plan","Riddle With Holes"],"picked":"Poisoned Stab","floor":18.0},{"not_picked":["Quick Slash","Setup+1","Sucker Punch"],"picked":"SKIP","floor":21.0},{"not_picked":["Eviscerate","Underhanded Strike"],"picked":"Deadly Poison+1","floor":23.0},{"not_picked":["Flying Knee","Blade Dance"],"picked":"Crippling Poison","floor":25.0},{"not_picked":["Underhanded Strike","Heel Hook"],"picked":"Poisoned Stab+1","floor":27.0},{"not_picked":["Eviscerate","Dodge and Roll","Crippling Poison"],"picked":"SKIP","floor":29.0},{"not_picked":["Sucker Punch","Burst"],"picked":"Leg Sweep","floor":31.0},{"not_picked":["Skewer","Quick Slash"],"picked":"Dagger Spray+1","floor":35},{"not_picked":["Calculated Gamble+1","Finisher+1"],"picked":"Leg Sweep","floor":36},{"not_picked":["Distraction+1","Infinite Blades+1"],"picked":"Bouncing Flask+1","floor":39},{"not_picked":["Expertise+1","Riddle With Holes","Dagger Spray+1"],"picked":"SKIP","floor":42},{"not_picked":["Infinite Blades+1","Dodge and Roll+1"],"picked":"Cloak And Dagger","floor":44},{"not_picked":["Acrobatics","PiercingWail"],"picked":"Prepared","floor":45},{"not_picked":["Outmaneuver","Riddle With Holes+1"],"picked":"Backflip+1","floor":48}],"player_experience":11986599,"relics_obtained":[{"floor":7.0,"key":"Frozen Egg 2"},{"floor":9.0,"key":"Snake Skull"},{"floor":23.0,"key":"Shuriken"},{"floor":25.0,"key":"Happy Flower"},{"floor":26.0,"key":"Blood Vial"},{"floor":31.0,"key":"Bottled Tornado"},{"floor":43,"key":"Eternal Feather"},{"floor":46,"key":"Toy Ornithopter"}],"event_choices":[{"damage_healed":0.0,"max_hp_gain":0.0,"max_hp_loss":0.0,"gold_gain":0.0,"event_name":"Liars Game","player_choice":"Ignored","floor":2.0,"gold_loss":0.0,"damage_taken":0.0},{"damage_healed":0.0,"max_hp_gain":0.0,"max_hp_loss":0.0,"gold_gain":75.0,"event_name":"World of Goop","player_choice":"Gather Gold","floor":5.0,"gold_loss":0.0,"damage_taken":11.0},{"cards_removed":["Strike_G"],"damage_healed":0.0,"max_hp_gain":0.0,"max_hp_loss":0.0,"gold_gain":0.0,"event_name":"Golden Wing","player_choice":"Card Removal","floor":13.0,"gold_loss":0.0,"damage_taken":7.0},{"damage_healed":0.0,"max_hp_gain":0.0,"max_hp_loss":0.0,"gold_gain":0.0,"event_name":"Match and Keep!","player_choice":"2 cards matched","floor":19.0,"gold_loss":0.0,"damage_taken":0.0,"cards_obtained":["Neutralize","Footwork"]},{"damage_healed":67,"gold_gain":0,"player_choice":"Heal","damage_taken":0,"max_hp_gain":0,"max_hp_loss":10,"event_name":"The Moai Head","floor":38,"gold_loss":0},{"damage_healed":0,"gold_gain":0,"player_choice":"Ignored","damage_taken":0,"max_hp_gain":0,"max_hp_loss":0,"event_name":"Mysterious Sphere","floor":41,"gold_loss":0},{"damage_healed":0,"gold_gain":0,"player_choice":"Max HP","damage_taken":0,"max_hp_gain":0,"max_hp_loss":3,"event_name":"Winding Halls","floor":47,"gold_loss":0}],"is_beta":false,"boss_relics":[{"not_picked":["Coffee Dripper","HoveringKite"],"picked":"Sozu"},{"not_picked":["Ring of the Serpent","Black Star"],"picked":"Empty Cage"}],"items_purged_floors":[10,20],"is_endless":false,"potions_floor_spawned":[4,12,14,25,27,29,31,36,39],"killed_by":"Time Eater","ascension_level":0}}