{"host":"0mk07bycsqo1qk03","time":1612611324,"event":{"mods":["BaseMod","Downfall","Hermit","Hubris","Minty Spire (QoL Compilation)","Reliquary","Replay The Spire","StSLib","The Cursed"],"gold_per_floor":[118,118,118,138,138,138,171,201,213,251,263,275,287,331,343,429,441,472,484,421,413,438,485,497,529,564,47,47,74,74,74,74,74,74],"floor_reached":33,"language":"ENG","playtime":1079,"items_purged":[],"score":694,"play_id":"8dbd4665-857b-4dec-a329-322e28035137","local_time":"20210206123524","is_ascension_mode":true,"campfire_choices":[{"data":"Flame Barrier","floor":6,"key":"SMITH"},{"data":"ReplayReversal","floor":11,"key":"SMITH"},{"data":"Shrug It Off","floor":13,"key":"SMITH"},{"data":"Shrug It Off","floor":15,"key":"SMITH"},{"data":"Battle Trance","floor":28,"key":"SMITH"},{"data":"Ghostly Armor","floor":30,"key":"SMITH"},{"data":"Cloak And Dagger","floor":32,"key":"SMITH"}],"circlet_count":0,"master_deck":["AscendersBane","Strike_R","Strike_R","Strike_R","Strike_R","Strike_R","Defend_R","Defend_R","Defend_R","Defend_R","Bash","ReplayReversal+1","Flame Barrier+1","Shrug It Off+1","Cloak And Dagger","Cloak And Dagger+1","Shrug It Off+1","Battle Trance+1","Die Die Die","Body Slam+1","Flying Knee","Ghostly Armor+1"],"relics":["Burning Blood","NeowsBlessing","hubris:DisguiseKit","MawBank","Mercury Hourglass","reliquary:Knoch","Strawberry","hubris:RunicObelisk","sneckomod:BabySnecko","Replay:Mystery Machine","reliquary:PorcupineQuills","Question Card","ReplayTheSpireMod:TigerMarble","Strawberry"],"acts_visited":["Exordium","TheCity"],"potions_floor_usage":[10,16,16,23,23,33],"damage_taken":[{"damage":0,"enemies":"Jaw Worm","floor":1,"turns":1},{"damage":0,"enemies":"Cultist","floor":4,"turns":1},{"damage":0,"enemies":"Gremlin Nob","floor":7,"turns":1},{"damage":7,"enemies":"Small Slimes","floor":8,"turns":6},{"damage":16,"enemies":"3 Sentries","floor":10,"turns":6},{"damage":0,"enemies":"Lagavulin","floor":14,"turns":8},{"damage":1,"enemies":"Hexaghost","floor":16,"turns":13},{"damage":22,"enemies":"Spheric Guardian","floor":18,"turns":5},{"damage":12,"enemies":"Shell Parasite","floor":22,"turns":7},{"damage":18,"enemies":"Slavers","floor":23,"turns":3},{"damage":0,"enemies":"3 Cultists","floor":25,"turns":3},{"damage":23,"enemies":"Book of Stabbing","floor":29,"turns":4},{"damage":45,"enemies":"Pondfish","floor":33,"turns":9}],"seed_played":"6335688626416017599","potions_obtained":[{"floor":1,"key":"Reflective Coating"},{"floor":2,"key":"Death Potion"},{"floor":4,"key":"LiquidMemories"},{"floor":14,"key":"ElixirPotion"},{"floor":18,"key":"LiquidMemories"},{"floor":21,"key":"DuplicationPotion"},{"floor":29,"key":"Explosive Potion"}],"is_trial":false,"path_per_floor":["M","?","$","M","T","R","E","M","T","E","R","?","R","E","R","B",null,"M","?","?","?","M","E","$","M","T","$","R","E","R","$","R","B"],"character_chosen":"IRONCLAD","items_purchased":["Question Card","ReplayTheSpireMod:TigerMarble","LifebloodPotion"],"campfire_rested":0,"item_purchase_floors":[27,27,27],"current_hp_per_floor":[74,74,74,75,75,75,75,74,74,64,64,64,64,77,77,82,82,66,66,66,66,60,48,48,54,54,54,54,44,44,44,44,0,0],"gold":74,"neow_bonus":"THREE_ENEMY_KILL","is_daily":false,"chose_seed":false,"campfire_upgraded":7,"win_rate":0.0,"timestamp":1612611324,"path_taken":["M","?","$","?","?","R","E","?","T","E","R","?","R","E","R","BOSS","M","?","?","?","?","E","$","M","T","$","R","E","R","?","R","BOSS"],"items_purchased_type":["Relic","Relic","Potion"],"build_version":"2020-12-22","purchased_purges":0,"victory":false,"max_hp_per_floor":[75,75,75,75,75,75,75,75,75,75,75,75,75,82,82,82,82,82,82,82,82,82,82,82,82,82,82,82,89,89,89,89,89,89],"card_choices":[{"not_picked":["Sentinel","ReplayTheSpireMod:Corrosion Curse"],"picked":"ReplayReversal","floor":1},{"not_picked":["Evolve","Headbutt"],"picked":"Flame Barrier","floor":4},{"not_picked":["Run Through","Flex","Crippling Poison"],"picked":"Shrug It Off","floor":7},{"not_picked":["Thunderclap","Power Through","Heavy Blade"],"picked":"Cloak And Dagger","floor":8},{"not_picked":["Run Through","Heavy Blade","ReplayTheSpireMod:Strike From Hell"],"picked":"Cloak And Dagger","floor":10},{"not_picked":["Pommel Strike","Armaments","Tools of the Trade"],"picked":"Battle Trance","floor":14},{"not_picked":["Corruption","Reaper","Exhume"],"picked":"Die Die Die","floor":16},{"not_picked":["Pommel Strike","Evolve","hubris:SharpeningStone","Poisoned Stab"],"picked":"SKIP","floor":18},{"not_picked":["Headbutt","ReplayTheSpireMod:Muscle Training","Draining Mist"],"picked":"Body Slam+1","floor":22},{"not_picked":["Wild Strike","True Grit","Carnage"],"picked":"Flying Knee","floor":23},{"not_picked":["Iron Wave","Blood for Blood","Replay:Undeath\u0027s Touch+1","hubris:Sniper"],"picked":"SKIP","floor":25},{"not_picked":["Fire Breathing","Metallicize","Massacre","Poisoned Stab"],"picked":"Ghostly Armor","floor":29}],"player_experience":1008361,"relics_obtained":[{"floor":5,"key":"hubris:DisguiseKit"},{"floor":7,"key":"MawBank"},{"floor":9,"key":"Mercury Hourglass"},{"floor":10,"key":"reliquary:Knoch"},{"floor":14,"key":"Strawberry"},{"floor":23,"key":"Replay:Mystery Machine"},{"floor":26,"key":"reliquary:PorcupineQuills"},{"floor":29,"key":"reliquary:SculptingSteel"}],"event_choices":[{"damage_healed":0,"gold_gain":0,"player_choice":"Got Potions","damage_taken":0,"max_hp_gain":0,"max_hp_loss":0,"event_name":"Lab","floor":2,"gold_loss":0},{"cards_removed":["downfall:Bewildered"],"damage_healed":0,"gold_gain":0,"player_choice":"Gave Gold","damage_taken":0,"max_hp_gain":0,"max_hp_loss":0,"event_name":"Beggar","floor":20,"gold_loss":75},{"damage_healed":0,"gold_gain":0,"player_choice":"Bought 1 Potion","damage_taken":0,"max_hp_gain":0,"max_hp_loss":0,"event_name":"The Woman in Blue","floor":21,"gold_loss":0}],"is_beta":false,"boss_relics":[{"not_picked":["Coffee Dripper","reliquary:WritOfMandamus"],"picked":"hubris:RunicObelisk"}],"items_purged_floors":[],"is_endless":false,"potions_floor_spawned":[1,4,8,14,18,29],"killed_by":"Pondfish","ascension_level":20}}