{"host":"edan538w829056nc","time":1612653562,"event":{"mods":["AchievementEnabler","BaseMod","Custom Start","Highlight Path","Infinite Spire","Minty Spire (QoL Compilation)","Remilia??????","StSLib"],"gold_per_floor":[111,111,61,71,71,71,146,178,178,188,207,207,223,237,237,338,338,350,363,381,381,381],"floor_reached":21,"language":"ENG","playtime":751,"items_purged":[],"score":210,"play_id":"0cdfd11a-1a16-4e98-b8e4-9b939d61c3ed","local_time":"20210207001922","is_ascension_mode":true,"campfire_choices":[{"data":"Streamline","floor":6,"key":"SMITH"},{"floor":15,"key":"REST"}],"circlet_count":0,"master_deck":["Strike_B","Strike_B","Strike_B","Defend_B","Defend_B","Defend_B","Defend_B","Zap","Dualcast","Streamline+1","Melter","Electrodynamics","Creative AI","Doom and Gloom"],"relics":["Snecko Eye","infinitespire:Lucky Rock","Letter Opener","infinitespire:Cupcake"],"acts_visited":["Exordium","TheCity"],"potions_floor_usage":[16,16],"damage_taken":[{"damage":10,"enemies":"Cultist","floor":1,"turns":5},{"damage":2,"enemies":"Jaw Worm","floor":4,"turns":3},{"damage":16,"enemies":"Gremlin Nob","floor":8,"turns":3},{"damage":2,"enemies":"Small Slimes","floor":10,"turns":3},{"damage":1,"enemies":"Exordium Wildlife","floor":11,"turns":2},{"damage":16,"enemies":"2 Fungi Beasts","floor":13,"turns":3},{"damage":0,"enemies":"Gremlin Gang","floor":14,"turns":3},{"damage":26,"enemies":"The Guardian","floor":16,"turns":9},{"damage":13,"enemies":"Shell Parasite","floor":18,"turns":4},{"damage":7,"enemies":"Chosen","floor":19,"turns":3},{"damage":29,"enemies":"Centurion and Healer","floor":20,"turns":4},{"damage":27,"enemies":"Snake Plant","floor":21,"turns":3}],"seed_played":"-6760164987808089645","potions_obtained":[{"floor":4,"key":"Fruit Juice"},{"floor":10,"key":"PowerPotion"},{"floor":11,"key":"Regen Potion"},{"floor":18,"key":"LiquidBronze"},{"floor":19,"key":"Strength Potion"}],"is_trial":false,"path_per_floor":["M","?","?","M","$","R","?","E","T","M","M","?","M","M","R","B",null,"M","M","M","M"],"character_chosen":"DEFECT","items_purchased":[],"campfire_rested":1,"item_purchase_floors":[],"current_hp_per_floor":[65,65,65,63,63,63,52,36,36,34,33,33,17,17,39,28,75,62,55,26,0,0],"gold":381,"neow_bonus":"BOSS_RELIC","is_daily":false,"chose_seed":false,"campfire_upgraded":1,"win_rate":0.0,"timestamp":1612653562,"path_taken":["M","?","?","M","?","R","?","E","T","M","?","?","M","M","R","BOSS","M","M","?","M"],"items_purchased_type":[],"build_version":"2020-12-22","purchased_purges":0,"victory":false,"max_hp_per_floor":[75,75,75,75,75,75,75,75,75,75,75,75,75,75,75,75,75,75,75,75,75,75],"card_choices":[{"not_picked":["Rebound","Compile Driver"],"picked":"Streamline","floor":1},{"not_picked":["Storm","Beam Cell","Ball Lightning"],"picked":"SKIP","floor":4},{"not_picked":["Coolheaded","Blizzard"],"picked":"Melter","floor":8},{"not_picked":["Stack","Storm"],"picked":"Electrodynamics","floor":10},{"not_picked":["Coolheaded","Rip and Tear","Tempest"],"picked":"SKIP","floor":11},{"not_picked":["Steam Power","Steam","Self Repair"],"picked":"SKIP","floor":13},{"not_picked":["Redo","Tempest","Stack"],"picked":"SKIP","floor":14},{"not_picked":["Amplify","Core Surge"],"picked":"Creative AI","floor":16},{"not_picked":["Hello World","Cold Snap"],"picked":"Doom and Gloom","floor":18},{"not_picked":["Redo","Ball Lightning","Coolheaded"],"picked":"SKIP","floor":19},{"not_picked":["Coolheaded","FTL","Rip and Tear"],"picked":"SKIP","floor":20}],"player_experience":476338,"relics_obtained":[{"floor":8,"key":"infinitespire:Lucky Rock"},{"floor":9,"key":"Letter Opener"}],"event_choices":[{"cards_removed":["Strike_B"],"damage_healed":0,"gold_gain":0,"player_choice":"Card Removal","damage_taken":0,"max_hp_gain":0,"max_hp_loss":0,"event_name":"The Cleric","floor":3,"gold_loss":50},{"damage_healed":0,"gold_gain":75,"player_choice":"Gather Gold","damage_taken":11,"max_hp_gain":0,"max_hp_loss":0,"event_name":"World of Goop","floor":7,"gold_loss":0},{"damage_healed":0,"gold_gain":0,"player_choice":"Bought 0 Potions","damage_taken":0,"max_hp_gain":0,"max_hp_loss":0,"event_name":"The Woman in Blue","floor":12,"gold_loss":0}],"is_beta":false,"boss_relics":[{"not_picked":["Busted Crown","Ectoplasm"],"picked":"infinitespire:Cupcake"}],"items_purged_floors":[],"is_endless":false,"potions_floor_spawned":[4,10,11,13,18,19],"killed_by":"Snake Plant","ascension_level":3}}