{"host":"lw59ann91yhh6pk4","time":1612630694,"event":{"mods":["Act Like it!","BaseMod","BetterRewards","Colored Map","Colored Powertips","Downfall","Duelist Mod","GifTheSpireLib","Hermit","Hubris","Infinite Spire","MarisaÅiñ∂âJÅ@ñÇóùçπÅj","Minty Spire (QoL Compilation)","Replay The Spire","StSLib","Stuff the Spire","The Animator","The Bug Knight","The Construct","The Cursed","The Disciple","The Hierophant","The Jungle","The Necromancer","The Runesmith","The Servant 0.9.4","slay the spire mod where everything is the same but ironclad has a cowboy hat"],"gold_per_floor":[114,179,190,190,190,190,217,217,240,268,65,76,107,119,119,218,218,233,252,252,94,108,108,125,125,152,2,2,2,20,20,20,124,124,140,140,160,40,0,0,0,18,18,18,29,29,29,42,42,42,42,42,42,67,67,67],"floor_reached":55,"language":"ENG","playtime":3984,"items_purged":["Strike_W","Defend_W","Slay_Living","Strike_W","Scare"],"score":683,"play_id":"3de6e1e3-19b4-4dc4-9e1b-3e47f1c59ca3","local_time":"20210206175814","is_ascension_mode":false,"campfire_choices":[{"floor":6,"key":"REST"},{"data":"Pandemic","floor":8,"key":"SMITH"},{"floor":15,"key":"REST"},{"data":"Blood_Is_Power","floor":23,"key":"SMITH"},{"floor":29,"key":"DIG"},{"floor":32,"key":"DIG"},{"data":"Thinking Ahead","floor":40,"key":"SMITH"},{"floor":47,"key":"RECALL"},{"floor":49,"key":"DIG"},{"data":"Reap_The_Weak","floor":52,"key":"SMITH"}],"circlet_count":0,"master_deck":["Strike_W","Strike_W","Defend_W+1","Defend_W+1","Negative_Energy_Arrows","Bone_Wall","ReplayTheSpireMod:Brewmster+1","Summon_Undead_Army+1","Pandemic+1","Negative_Energy_Burst","Spectral_Armor","Summon_Undead_Army+1","Purity","Vampiric_Strike","Siphon_Strength","Summon_Death_Knight+1","Blood_Is_Power+1","Bone_Bullets+1","Blood_Is_Power+1","Blood_Curse+1","infinitespire:FinalStrike","Bone_Prison+1","Negative_Energy_Burst+1","Sadistic Nature+1","Thinking Ahead+1","ReplayTheSpireMod:Brewmster+1","Negative_Energy_Javelin+1","Siphon_Strength","Exploit+1","Reap_The_Weak+1","Stop_Heart+1"],"relics":["StuffTheSpire:OccultApparatus","StuffTheSpire:Nightcore","Frozen Egg 2","Ornamental Fan","hubris:Icosahedron","StuffTheSpire:Rhapsscallions","Pet Ghost","War Paint","BargainBundle","Pondfish Scales","Velvet Choker","Bottled Flame","Shovel","StuffTheSpire:Tea","White Beast Statue","Replay:Bronze Core","ReplayTheSpireMod:ShopPack","Red Mask","Garlic","Replay:Kaleidoscope","StuffTheSpire:PointBlank","Lantern"],"acts_visited":["Exordium","Exordium","TheBeyond","TheEnding"],"potions_floor_usage":[7,7,7,7,12,14,16,16,16,16,16,16,19,19,22,22,24,24,24,30,33,33,35,37,37,45,48,50,50,50,50,54,54,54,54,54,54,55,55,55,55],"damage_taken":[{"damage":0,"enemies":"2 Louse","floor":1,"turns":2},{"damage":5,"enemies":"Jaw Worm","floor":3,"turns":5},{"damage":7,"enemies":"3 Sentries","floor":7,"turns":6},{"damage":14,"enemies":"Gremlin Nob","floor":10,"turns":4},{"damage":3,"enemies":"Small Slimes","floor":12,"turns":2},{"damage":4,"enemies":"3 Sentries","floor":13,"turns":4},{"damage":2,"enemies":"Looter","floor":14,"turns":2},{"damage":8,"enemies":"Fading Forest","floor":16,"turns":11},{"damage":10,"enemies":"theJungle:MUSHROOMGANG","floor":18,"turns":4},{"damage":0,"enemies":"Shell Parasite","floor":19,"turns":3},{"damage":2,"enemies":"theJungle:2_Flameangoes","floor":22,"turns":4},{"damage":7,"enemies":"theJungle:JungleHuntersEncounter","floor":24,"turns":4},{"damage":0,"enemies":"theJungle:2_Snecko_Cultists","floor":30,"turns":2},{"damage":6,"enemies":"theJungle:FunGuy","floor":33,"turns":8},{"damage":5,"enemies":"3 Darklings","floor":35,"turns":3},{"damage":19,"enemies":"3 Shapes","floor":37,"turns":3},{"damage":10,"enemies":"Spire Growth","floor":42,"turns":3},{"damage":2,"enemies":"3 Darklings","floor":45,"turns":4},{"damage":15,"enemies":"Transient","floor":48,"turns":5},{"damage":49,"enemies":"Donu and Deca","floor":50,"turns":7},{"damage":23,"enemies":"Shield and Spear","floor":54,"turns":5},{"damage":62,"enemies":"The Heart","floor":55,"turns":6}],"seed_played":"-5966590949502500949","potions_obtained":[{"floor":2,"key":"Weak Potion"},{"floor":3,"key":"Weak Potion"},{"floor":7,"key":"Reflective Coating"},{"floor":10,"key":"SkillPotion"},{"floor":13,"key":"AttackPotion"},{"floor":16,"key":"DistilledChaos"},{"floor":18,"key":"Energy Potion"},{"floor":19,"key":"LifebloodPotion"},{"floor":22,"key":"Reflective Coating"},{"floor":33,"key":"Weak Potion"},{"floor":35,"key":"hexamod:SoulburnPotion"},{"floor":37,"key":"Milkshake"},{"floor":42,"key":"hexamod:SoulburnPotion"},{"floor":45,"key":"Dexterity Potion"},{"floor":48,"key":"Energy Potion"},{"floor":54,"key":"Ancient Potion"}],"is_trial":false,"path_per_floor":["M","?","M","?","?","R","E","R","T","E","$","M","E","M","R","B",null,"M","M","?","$","M","R","M","AVR","T","$","?","R","M","?","R","B",null,"M","?","M","$","?","R","?","M","T","?","M","AVR","R","M","R_BF","B",null,"R","$","E","B"],"character_chosen":"NECROMANCER","items_purchased":["Frozen Egg 2","ReplayTheSpireMod:Brewmster+1","Summon_Undead_Army+1","Pandemic","BargainBundle","Summon_Undead_Army+1","Purity","PowerPotion","Bone_Bullets+1","ReplayTheSpireMod:ShopPack"],"campfire_rested":2,"item_purchase_floors":[0,0,0,0,11,11,11,11,21,38],"current_hp_per_floor":[44,14,11,11,11,33,30,30,30,16,16,13,9,7,30,53,79,72,72,72,72,70,70,66,66,66,66,42,42,42,53,53,51,79,74,74,56,56,56,56,56,49,49,49,47,47,47,35,35,21,79,79,79,62,0,0],"gold":67,"neow_bonus":"","is_daily":false,"chose_seed":false,"campfire_upgraded":4,"win_rate":0.0,"timestamp":1612630694,"path_taken":["M","?","M","?","?","R","E","R","T","E","$","M","E","M","R","BOSS","M","M","?","$","M","R","?","AVR","T","$","?","R","M","?","R","BOSS","M","?","M","$","?","R","?","?","T","?","M","AVR","R","M","R_BF","BOSS","R","$","E","BOSS"],"items_purchased_type":["Relic","Card","Card","Card","Relic","Card","Card","Potion","Card","Relic"],"build_version":"2020-12-22","purchased_purges":5,"victory":false,"max_hp_per_floor":[75,75,75,75,75,75,79,79,79,79,79,79,79,79,79,79,79,79,79,79,79,79,79,79,79,79,79,79,79,79,79,79,79,79,79,79,79,79,79,79,79,79,79,79,79,79,79,79,79,79,79,79,79,79,79,79],"card_choices":[{"not_picked":["Bone_Armor","Blood_for_Blood+1"],"picked":"Scare","floor":1},{"not_picked":["Necrotic_Claws","Chill_Blood"],"picked":"Negative_Energy_Burst","floor":3},{"not_picked":["Negative_Energy_Shield","Uncharnel"],"picked":"Spectral_Armor","floor":7},{"not_picked":["Death_March_Dance","Blood_Magic+1","Deaths_Shadow"],"picked":"SKIP","floor":10},{"not_picked":["Blood_Curse","Consume_Illness"],"picked":"Vampiric_Strike","floor":12},{"not_picked":["Bone_Spikes","Blood_Whip"],"picked":"Slay_Living","floor":13},{"not_picked":["Stop_Heart","Blood_Shield"],"picked":"Siphon_Strength","floor":14},{"not_picked":["Negative_Energy_Bomb","Blood_Magic+1"],"picked":"Summon_Death_Knight+1","floor":16},{"not_picked":["Scare","Bones_to_Steel","Life_Drain"],"picked":"SKIP","floor":18},{"not_picked":["Bone_Shift","Spectral_Armor"],"picked":"Blood_Is_Power","floor":19},{"not_picked":["Consume_Illness","Finger_Of_Death"],"picked":"Blood_Is_Power","floor":22},{"not_picked":["Bone_Bullets","Negative_Energy_Shield"],"picked":"Blood_Curse+1","floor":24},{"not_picked":["Scare","Toxic_Smoke_Screen+1","Deaths_Shadow"],"picked":"SKIP","floor":30},{"not_picked":["Hellfire","Reap_The_Weak"],"picked":"Cloudkill","floor":33},{"not_picked":["Death_March_Dance","Bone_Bullets+1"],"picked":"Bone_Prison+1","floor":35},{"not_picked":["Negative_Energy_Javelin","Vampiric_Strike"],"picked":"Negative_Energy_Burst+1","floor":37},{"not_picked":["Poisoned Strike","The Bomb"],"picked":"Sadistic Nature","floor":38},{"not_picked":["ReplayTheSpireMod:Uncanny Aura","Bandage Up"],"picked":"Thinking Ahead","floor":38},{"not_picked":["PanicButton","Deep Breath"],"picked":"ReplayTheSpireMod:Brewmster","floor":38},{"not_picked":["Toxic_Smoke_Screen","Summon_Undead"],"picked":"Negative_Energy_Javelin+1","floor":42},{"not_picked":["Violent_Necrosis","Negative_Energy_Sphere+1"],"picked":"Exploit+1","floor":45},{"not_picked":["Bone_Shift","Finger_Of_Death+1"],"picked":"Reap_The_Weak","floor":48},{"not_picked":["Bone_Armor","Bone_Bullets+1"],"picked":"Stop_Heart+1","floor":54}],"player_experience":116407,"relics_obtained":[{"floor":2,"key":"Ornamental Fan"},{"floor":7,"key":"StuffTheSpire:Rhapsscallions"},{"floor":9,"key":"Pet Ghost"},{"floor":10,"key":"War Paint"},{"floor":13,"key":"Pondfish Scales"},{"floor":29,"key":"StuffTheSpire:Tea"},{"floor":32,"key":"White Beast Statue"},{"floor":43,"key":"Garlic"},{"floor":49,"key":"StuffTheSpire:PointBlank"},{"floor":54,"key":"Lantern"}],"event_choices":[{"damage_healed":0,"gold_gain":0,"player_choice":"Bought 0 Potions","damage_taken":0,"max_hp_gain":0,"max_hp_loss":0,"event_name":"The Woman in Blue","floor":20,"gold_loss":0},{"damage_healed":0,"gold_gain":0,"player_choice":"Paid","damage_taken":0,"relics_obtained":["Red Mask"],"max_hp_gain":0,"max_hp_loss":0,"event_name":"Tomb of Lord Red Mask","floor":39,"gold_loss":40},{"damage_healed":0,"gold_gain":0,"cards_transformed":["Cloudkill"],"player_choice":"Transformed","damage_taken":0,"max_hp_gain":0,"max_hp_loss":0,"event_name":"Transmorgrifier","floor":44,"gold_loss":0,"cards_obtained":["Siphon_Strength"]}],"is_beta":false,"boss_relics":[{"not_picked":["Runic Pyramid","hubris:BlackHole"],"picked":"Velvet Choker"},{"not_picked":["Kintsugi","Honey Jar"],"picked":"Replay:Bronze Core"}],"items_purged_floors":[0,11,21,25,27],"is_endless":false,"potions_floor_spawned":[3,7,10,13,16,18,19,22,33,35,37,42,45,48,54],"killed_by":"The Heart","ascension_level":0}}