{"host":"yml0ux6c8lqydjlc","time":1612583312,"event":{"mods":["BaseMod","Conspire","Downfall","Duelist Mod","GungeonMod","Hermit","Jedi Mod","Minty Spire (QoL Compilation)","StSLib"],"gold_per_floor":[116,116,126,139,19,49,49,60,85,85,97,97,127,178,178,274,274,284,284,297,315,76,103,103,103],"floor_reached":24,"language":"ENG","playtime":2460,"items_purged":[],"score":251,"play_id":"5385b3e8-7b71-4ee9-8157-52024d9b8a4b","local_time":"20210205224832","is_ascension_mode":false,"campfire_choices":[{"data":"jedi:pocketpoison","floor":7.0,"key":"SMITH"},{"data":"Flying Knee","floor":12.0,"key":"SMITH"},{"floor":15,"key":"REST"}],"circlet_count":0,"master_deck":["Strike_G","Strike_G","Strike_G","Strike_G","Strike_G","Defend_G","Defend_G","Defend_G","Defend_G","Defend_G","Survivor","Neutralize","jedi:pocketpoison+1","Underhanded Strike","Flying Knee+1","Unload","Flying Knee","Outmaneuver","Blade Dance","Backflip","jedi:studypoison","Deadly Poison","Poisoned Stab","Poisoned Stab","Slice","Choke","Slice+1"],"relics":["Ring of the Snake","Thread and Needle","Potion Belt","Frozen Egg 2","HoveringKite","DemoMod:MonsterBlood","jedi:rubbersling"],"acts_visited":["Exordium","TheCity"],"potions_floor_usage":[21,23,24],"damage_taken":[{"damage":0.0,"enemies":"Jaw Worm","floor":1.0,"turns":4.0},{"damage":0.0,"enemies":"Cultist","floor":3.0,"turns":5.0},{"damage":0.0,"enemies":"2 Louse","floor":4.0,"turns":3.0},{"damage":12.0,"enemies":"Lagavulin","floor":6.0,"turns":7.0},{"damage":0.0,"enemies":"Large Slime","floor":8.0,"turns":7.0},{"damage":4.0,"enemies":"Exordium Thugs","floor":11.0,"turns":6.0},{"damage":15,"enemies":"Gremlin Nob","floor":13,"turns":4},{"damage":71,"enemies":"The Guardian","floor":16,"turns":14},{"damage":1,"enemies":"Chosen","floor":18,"turns":6},{"damage":9,"enemies":"Spheric Guardian","floor":20,"turns":4},{"damage":35,"enemies":"3 Cultists","floor":21,"turns":7},{"damage":21,"enemies":"theDuelist:KaibaA2","floor":23,"turns":5},{"damage":6,"enemies":"Shelled Parasite and Fungi","floor":24,"turns":1}],"seed_played":"-7418267777187451918","potions_obtained":[{"floor":2.0,"key":"DemoMod:BlankPotion"},{"floor":2.0,"key":"SkillPotion"},{"floor":2.0,"key":"SpeedPotion"},{"floor":8.0,"key":"Explosive Potion"},{"floor":13,"key":"FairyPotion"},{"floor":18,"key":"DemoMod:BlankPotion"},{"floor":20,"key":"SpeedPotion"}],"is_trial":false,"path_per_floor":["M","?","M","M","$","E","R","M","T","$","M","R","E","?","R","B",null,"M","?","M","M","$","E","M"],"character_chosen":"THE_SILENT","items_purchased":["Unload","Flying Knee","DemoMod:MonsterBlood","Slice","Choke"],"campfire_rested":1,"item_purchase_floors":[5,5,22,22,22],"current_hp_per_floor":[77,77,77,77,77,65,65,65,65,65,61,61,46,46,69,23,77,76,62,53,18,25,4,0,0],"gold":103,"neow_bonus":"TEN_PERCENT_HP_BONUS","is_daily":false,"chose_seed":false,"campfire_upgraded":2,"win_rate":0.0,"timestamp":1612583312,"path_taken":["M","?","M","?","?","E","R","M","T","$","M","R","E","?","R","BOSS","M","?","M","M","$","E","M"],"items_purchased_type":["Card","Card","Relic","Card","Card"],"build_version":"2020-12-22","purchased_purges":0,"victory":false,"max_hp_per_floor":[77,77,77,77,77,77,77,77,77,77,77,77,77,77,77,77,77,77,82,82,82,89,89,89,89],"card_choices":[{"not_picked":["Deadly Poison","Eviscerate"],"picked":"jedi:pocketpoison","floor":1.0},{"not_picked":["Footwork","Finisher"],"picked":"Underhanded Strike","floor":3.0},{"not_picked":["Terror","Quick Slash"],"picked":"Flying Knee","floor":4.0},{"not_picked":["PiercingWail","Dagger Throw"],"picked":"Outmaneuver","floor":6.0},{"not_picked":["Acrobatics","Underhanded Strike"],"picked":"Blade Dance","floor":8.0},{"not_picked":["Tactician","Distraction","jedi:poisonivy"],"picked":"SKIP","floor":11.0},{"not_picked":["Acrobatics","Flechettes"],"picked":"Backflip","floor":13},{"not_picked":["Malaise","Tools of the Trade+1"],"picked":"jedi:studypoison","floor":16},{"not_picked":["Dagger Spray","jedi:pocketpoison+1"],"picked":"Deadly Poison","floor":18},{"not_picked":["Dash","Dodge and Roll"],"picked":"Poisoned Stab","floor":20},{"not_picked":["jedi:pocketpoison+1","jedi:brewingpoison"],"picked":"Poisoned Stab","floor":21},{"not_picked":["Choke","jedi:poisonivy+1"],"picked":"Slice+1","floor":23}],"player_experience":8849,"relics_obtained":[{"floor":6.0,"key":"Thread and Needle"},{"floor":9.0,"key":"Potion Belt"},{"floor":13,"key":"Frozen Egg 2"},{"floor":23,"key":"jedi:rubbersling"}],"event_choices":[{"damage_healed":0.0,"max_hp_gain":0.0,"max_hp_loss":0.0,"gold_gain":0.0,"event_name":"Lab","player_choice":"Got Potions","floor":2.0,"gold_loss":0.0,"damage_taken":0.0},{"damage_healed":0,"gold_gain":51,"player_choice":"Gained Gold","damage_taken":0,"max_hp_gain":0,"max_hp_loss":0,"event_name":"Golden Wing","floor":14,"gold_loss":0},{"damage_healed":0,"gold_gain":0,"player_choice":"Shed Blood","damage_taken":19,"max_hp_gain":5,"max_hp_loss":0,"event_name":"Forgotten Altar","floor":19,"gold_loss":0}],"is_beta":false,"boss_relics":[{"not_picked":["Runic Dome","Runic Pyramid"],"picked":"HoveringKite"}],"items_purged_floors":[],"is_endless":false,"potions_floor_spawned":[8,13,18,20],"killed_by":"Shelled Parasite and Fungi","ascension_level":0}}