{"host":"knspyp6dy614fx6e","time":1612624480,"event":{"mods":["ATMod(°¢èªMod)","Aspiration","BaseMod","Bestiary","Better Altar","Better Skull","Better Third Choice","Block Reminder","Card Filter","Conspire","DeckTracker","Dota2Spire","Energized Spire","Jedi Mod","Minty Spire (QoL Compilation)","Monster B Gone","Quick Restart","Relic Filter Mod","Relic Stats","Reliquary","Replay The Spire","Shop Mod","Spicy Shops","StSLib","TestMod","Waifu the Spire","Weighted Paths","¡¾ÒÅÎï¿¨ÅÆ¡¿REMEMod"],"gold_per_floor":[118,134,534,605,69,95,112,137,137,137,163,175,187,199,211,301,313,339,367,379,379],"floor_reached":20,"language":"ZHS","playtime":797,"items_purged":["Strike_R","Strike_R"],"score":430,"play_id":"1ea7e5ec-1496-4c8b-9103-eb8c7e9d965e","local_time":"20210206231440","is_ascension_mode":true,"campfire_choices":[{"data":"conspire:Charge","floor":10.0,"key":"SMITH"},{"floor":12.0,"key":"DIG"},{"floor":15.0,"key":"DIG"}],"circlet_count":0,"master_deck":["AscendersBane","Strike_R","Strike_R","Strike_R","Defend_R","Defend_R","Defend_R","Defend_R","Bash+1","conspire:Charge+1","Clash","Rage","Combust","Rupture","Immolate","CutThroughFate+1","Crescendo","Battle Trance+1","Armaments"],"relics":["Burning Blood","AT_ATBox","testmod-TestBox","REME_ComplimentaryCards","testmod-HeartOfDaVinci","jedi:cryingmask","Shovel","Divine Protection","aspiration:HatOfInfinitePower","Prayer Wheel","MawBank","Question Card","Replay:Wax Seal","aspiration:WatcherSkillbook"],"acts_visited":["Exordium","TheCity"],"potions_floor_usage":[],"damage_taken":[{"damage":0.0,"enemies":"Small Slimes","floor":1.0,"turns":1.0},{"damage":0.0,"enemies":"Jaw Worm","floor":2.0,"turns":1.0},{"damage":30.0,"enemies":"Lagavulin","floor":6.0,"turns":8.0},{"damage":0.0,"enemies":"2 Louse","floor":7.0,"turns":2.0},{"damage":26.0,"enemies":"3 Sentries","floor":8.0,"turns":9.0},{"damage":1.0,"enemies":"Gremlin Nob","floor":11.0,"turns":3.0},{"damage":23.0,"enemies":"Slime Boss","floor":16.0,"turns":8.0},{"damage":35,"enemies":"Chosen","floor":18,"turns":6},{"damage":21,"enemies":"3 Byrds","floor":19,"turns":4},{"damage":12,"enemies":"Snake Plant","floor":20,"turns":2}],"seed_played":"6202380159643939150","potions_obtained":[{"floor":6.0,"key":"LifebloodPotion"},{"floor":8.0,"key":"Flashbang"},{"floor":16.0,"key":"Swift Potion"}],"is_trial":false,"path_per_floor":["M","M","?","T","$","E","M","E","T","R","E","R","$","?","R","B",null,"M","M","M"],"character_chosen":"IRONCLAD","items_purchased":["jedi:cryingmask","Shovel","Rage"],"campfire_rested":0,"item_purchase_floors":[5,5,5],"current_hp_per_floor":[74,75,75,75,75,51,57,37,37,37,42,42,42,42,42,25,63,34,19,7,7],"gold":379,"neow_bonus":"THREE_ENEMY_KILL","is_daily":false,"chose_seed":false,"campfire_upgraded":1,"win_rate":0.0,"timestamp":1612624480,"path_taken":["M","M","?","?","$","E","M","E","T","R","E","R","$","?","R","BOSS","M","M","M"],"items_purchased_type":["Relic","Relic","Card"],"build_version":"2020-12-22","purchased_purges":2,"victory":false,"max_hp_per_floor":[75,75,75,75,75,75,75,75,75,75,75,75,75,75,75,75,75,75,75,75,75],"relic_stats":{"Shovel":2,"counters":[10,44],"Prayer Wheel":2,"MawBank":108,"Question Card":5,"obtain_stats":[{"Divine Protection":6,"AT_ATBox":0,"testmod-TestBox":0,"NeowsBlessing":0,"MawBank":11,"Question Card":12,"Burning Blood":0,"Shovel":5,"aspiration:WatcherSkillbook":17,"jedi:cryingmask":5,"Prayer Wheel":9,"Replay:Wax Seal":15,"aspiration:HatOfInfinitePower":8,"REME_ComplimentaryCards":0,"testmod-HeartOfDaVinci":4},{"Divine Protection":3,"AT_ATBox":0,"testmod-TestBox":0,"NeowsBlessing":0,"MawBank":6,"Question Card":6,"Burning Blood":0,"Shovel":2,"aspiration:WatcherSkillbook":7,"jedi:cryingmask":2,"Prayer Wheel":5,"Replay:Wax Seal":6,"aspiration:HatOfInfinitePower":5,"REME_ComplimentaryCards":0,"testmod-HeartOfDaVinci":2},{"Divine Protection":10,"AT_ATBox":0,"testmod-TestBox":0,"NeowsBlessing":0,"MawBank":24,"Question Card":24,"Burning Blood":0,"Shovel":2,"aspiration:WatcherSkillbook":32,"jedi:cryingmask":2,"Prayer Wheel":21,"Replay:Wax Seal":24,"aspiration:HatOfInfinitePower":21,"REME_ComplimentaryCards":0,"testmod-HeartOfDaVinci":2}],"Burning Blood":49},"card_choices":[{"not_picked":["Headbutt","Warcry"],"picked":"conspire:Charge","floor":1.0},{"not_picked":["Cleave","Dropkick"],"picked":"Clash","floor":2.0},{"not_picked":["Warcry","Havoc","Clash"],"picked":"SKIP","floor":6.0},{"not_picked":["Wild Strike","True Grit","Thunderclap"],"picked":"SKIP","floor":7.0},{"not_picked":["Cleave","Havoc"],"picked":"Combust","floor":8.0},{"not_picked":["REME_Cut","Corruption"],"picked":"Rupture","floor":11.0},{"not_picked":["Exhume","Offering","REME_TheLastStrike"],"picked":"Immolate","floor":16.0},{"not_picked":["Headbutt","REME_Cut","Study","Armaments"],"picked":"CutThroughFate+1","floor":18},{"not_picked":["Protect","WreathOfFlame","EmptyMind","Crescendo","Wild Strike"],"picked":"SKIP","floor":18},{"not_picked":["Protect","WreathOfFlame","EmptyMind","Wild Strike"],"picked":"Crescendo","floor":18},{"not_picked":["Consecrate","Flex","REME_FearOfPain","Protect"],"picked":"Battle Trance+1","floor":19},{"not_picked":["Cleave","BattleHymn","FlurryOfBlows","Protect"],"picked":"Armaments","floor":19}],"player_experience":333063,"relics_obtained":[{"floor":4.0,"key":"testmod-HeartOfDaVinci"},{"floor":6.0,"key":"Divine Protection"},{"floor":8.0,"key":"aspiration:HatOfInfinitePower"},{"floor":9.0,"key":"Prayer Wheel"},{"floor":11.0,"key":"MawBank"},{"floor":12.0,"key":"Question Card"},{"floor":15.0,"key":"Replay:Wax Seal"}],"event_choices":[{"damage_healed":0.0,"max_hp_gain":0.0,"max_hp_loss":0.0,"gold_gain":400.0,"event_name":"¶÷ÂåË¹µÄÅÌ×Ó","player_choice":"Sell","floor":3.0,"relics_lost":["NeowsBlessing"],"gold_loss":0.0,"damage_taken":0.0}],"is_beta":false,"boss_relics":[{"not_picked":["conspire:SeveredTorchhead","testmod-SaigiyounoYou"],"picked":"aspiration:WatcherSkillbook"}],"items_purged_floors":[5,5],"is_endless":false,"potions_floor_spawned":[6,8,16],"killed_by":"Snake Plant","ascension_level":20}}