{"host":"knghpd923z1q8993","time":1612595581,"event":{"mods":["BaseMod","Colored Map","Colored Powertips","Minty Spire (QoL Compilation)","StSLib"],"gold_per_floor":[118,128,138,138,157,157,183,203,227,73,83,99,127,127,127,227,227,239,256,269,302,302,302,336,336,363,363,376,408,425,425,425,527,527,544,554,574,594,613,641,266,266,266,266,266],"floor_reached":44,"language":"ENG","playtime":5613,"items_purged":["Defend_B","Strike_B"],"score":544,"play_id":"26209273-a7f1-4651-b271-dcf91e95e243","local_time":"20210206081301","is_ascension_mode":false,"campfire_choices":[{"data":"Fusion","floor":6.0,"key":"SMITH"},{"data":"Buffer","floor":15.0,"key":"SMITH"},{"data":"Defragment","floor":23.0,"key":"SMITH"},{"data":"Multi-Cast","floor":27.0,"key":"SMITH"},{"floor":32.0,"key":"REST"},{"data":"Rainbow","floor":42,"key":"SMITH"}],"circlet_count":0,"master_deck":["Strike_B","Strike_B+1","Defend_B","Defend_B","Zap","Dualcast","Buffer+1","Fusion+1","Glacier","Redo","Cold Snap","Heatsinks","Defragment+1","Capacitor","Lockon+1","BootSequence","Electrodynamics","Steam+1","Redo+1","Coolheaded","Loop","Multi-Cast+1","Redo+1","Beam Cell+1","Compile Driver","Rainbow+1","Force Field+1","Undo+1","Compile Driver+1","Tempest+1","Ball Lightning+1","Echo Form","Heatsinks","Thinking Ahead"],"relics":["Cracked Core","Bag of Preparation","MealTicket","Vajra","Velvet Choker","Red Mask","Toy Ornithopter","Nilry\u0027s Codex","PreservedInsect","Art of War","Coffee Dripper","Bronze Scales","Molten Egg 2"],"acts_visited":["Exordium","TheCity","TheBeyond"],"potions_floor_usage":[37],"damage_taken":[{"damage":0.0,"enemies":"Cultist","floor":1.0,"turns":4.0},{"damage":0.0,"enemies":"Jaw Worm","floor":2.0,"turns":5.0},{"damage":0.0,"enemies":"Small Slimes","floor":3.0,"turns":3.0},{"damage":0.0,"enemies":"Blue Slaver","floor":5.0,"turns":4.0},{"damage":0.0,"enemies":"Gremlin Nob","floor":7.0,"turns":5.0},{"damage":1.0,"enemies":"2 Fungi Beasts","floor":8.0,"turns":4.0},{"damage":1.0,"enemies":"Exordium Thugs","floor":11.0,"turns":5.0},{"damage":7.0,"enemies":"Exordium Wildlife","floor":12.0,"turns":5.0},{"damage":13.0,"enemies":"3 Sentries","floor":13.0,"turns":9.0},{"damage":7.0,"enemies":"Hexaghost","floor":16.0,"turns":12.0},{"damage":10.0,"enemies":"2 Thieves","floor":18.0,"turns":3.0},{"damage":0.0,"enemies":"Chosen","floor":19.0,"turns":4.0},{"damage":2.0,"enemies":"Centurion and Healer","floor":20.0,"turns":5.0},{"damage":0.0,"enemies":"Masked Bandits","floor":21.0,"turns":3.0},{"damage":0.0,"enemies":"Gremlin Leader","floor":24.0,"turns":8.0},{"damage":21.0,"enemies":"Snake Plant","floor":28.0,"turns":3.0},{"damage":14.0,"enemies":"Slavers","floor":29.0,"turns":6.0},{"damage":0.0,"enemies":"3 Cultists","floor":30.0,"turns":5.0},{"damage":28.0,"enemies":"Automaton","floor":33.0,"turns":9.0},{"damage":0.0,"enemies":"3 Shapes","floor":35.0,"turns":5.0},{"damage":0.0,"enemies":"Orb Walker","floor":36.0,"turns":3.0},{"damage":0,"enemies":"Maw","floor":37,"turns":7},{"damage":26,"enemies":"Writhing Mass","floor":38,"turns":6},{"damage":0,"enemies":"Transient","floor":39,"turns":5},{"damage":38,"enemies":"Reptomancer","floor":40,"turns":6},{"damage":31,"enemies":"3 Darklings","floor":44,"turns":4}],"seed_played":"2504443069779906237","potions_obtained":[{"floor":2.0,"key":"Swift Potion"},{"floor":3.0,"key":"FocusPotion"},{"floor":4.0,"key":"Block Potion"},{"floor":7.0,"key":"Energy Potion"},{"floor":8.0,"key":"BlessingOfTheForge"},{"floor":13.0,"key":"EssenceOfSteel"},{"floor":18.0,"key":"ColorlessPotion"},{"floor":20.0,"key":"Explosive Potion"},{"floor":37,"key":"Fruit Juice"},{"floor":40,"key":"PowerPotion"}],"is_trial":false,"path_per_floor":["M","M","M","?","M","R","E","M","T","$","M","M","E","?","R","B",null,"M","M","M","?","?","R","E","?","T","R","M","E","M","?","R","B",null,"M","M","M","M","M","E","$","R","T","M"],"character_chosen":"DEFECT","items_purchased":["Capacitor","Heatsinks","Block Potion","Thinking Ahead"],"campfire_rested":1,"item_purchase_floors":[10,41,41,41],"current_hp_per_floor":[75,75,75,75,75,75,75,74,74,75,74,67,54,39,39,32,75,65,65,63,63,63,63,63,47,47,47,26,17,17,17,39,11,75,75,75,80,54,54,16,31,31,31,0,0],"gold":266,"neow_bonus":"ONE_RANDOM_RARE_CARD","is_daily":false,"chose_seed":false,"campfire_upgraded":5,"win_rate":0.0,"timestamp":1612595581,"path_taken":["M","M","?","?","?","R","E","M","T","$","M","M","E","?","R","BOSS","M","M","M","?","?","R","E","?","T","R","?","E","M","?","R","BOSS","M","?","M","?","M","E","$","R","T","M"],"items_purchased_type":["Card","Card","Potion","Card"],"build_version":"2020-12-22","purchased_purges":2,"victory":false,"max_hp_per_floor":[75,75,75,75,75,75,75,75,75,75,75,75,75,75,75,75,75,75,75,75,75,75,75,75,75,75,75,75,75,75,75,75,75,75,75,75,80,80,80,80,80,80,80,80,80],"card_choices":[{"not_picked":["Cold Snap","Doom and Gloom"],"picked":"Fusion","floor":1.0},{"not_picked":["Stack","Hello World"],"picked":"Glacier","floor":2.0},{"not_picked":["White Noise","Chill"],"picked":"Redo","floor":3.0},{"not_picked":["Conserve Battery","Streamline"],"picked":"Cold Snap","floor":5.0},{"not_picked":["Rebound","Coolheaded"],"picked":"Heatsinks","floor":7.0},{"not_picked":["Conserve Battery","Machine Learning"],"picked":"Defragment","floor":8.0},{"not_picked":["Skim","Double Energy"],"picked":"Lockon","floor":11.0},{"not_picked":["Barrage","Steam","Sweeping Beam"],"picked":"SKIP","floor":12.0},{"not_picked":["Aggregate","Ball Lightning"],"picked":"BootSequence","floor":13.0},{"not_picked":["Buffer","Reboot"],"picked":"Electrodynamics","floor":16.0},{"not_picked":["Cold Snap+1","Ball Lightning"],"picked":"Steam+1","floor":18.0},{"not_picked":["Hologram","Skim"],"picked":"Redo+1","floor":19.0},{"not_picked":["Streamline+1","Leap"],"picked":"Coolheaded","floor":20.0},{"not_picked":["Fusion","Skim"],"picked":"Loop","floor":21.0},{"not_picked":["Double Energy+1","Conserve Battery+1"],"picked":"Multi-Cast","floor":24.0},{"not_picked":["Sweeping Beam","Stack"],"picked":"Redo+1","floor":28.0},{"not_picked":["Rip and Tear+1","Rebound"],"picked":"Beam Cell+1","floor":29.0},{"not_picked":["Steam","Barrage"],"picked":"Compile Driver","floor":30.0},{"not_picked":["Fission","Biased Cognition"],"picked":"Rainbow","floor":33.0},{"not_picked":["Cold Snap+1","Reprogram"],"picked":"Force Field+1","floor":35.0},{"not_picked":["Cold Snap","Doom and Gloom+1"],"picked":"Undo+1","floor":36},{"not_picked":["Conserve Battery","Sweeping Beam"],"picked":"Compile Driver+1","floor":37},{"not_picked":["Leap","Glacier+1"],"picked":"Tempest+1","floor":38},{"not_picked":["Conserve Battery","Sweeping Beam"],"picked":"Ball Lightning+1","floor":39},{"not_picked":["Compile Driver+1","Rebound"],"picked":"Echo Form","floor":40}],"player_experience":83962,"relics_obtained":[{"floor":7.0,"key":"Bag of Preparation"},{"floor":9.0,"key":"MealTicket"},{"floor":13.0,"key":"Vajra"},{"floor":21.0,"key":"Red Mask"},{"floor":24.0,"key":"Toy Ornithopter"},{"floor":25.0,"key":"Nilry\u0027s Codex"},{"floor":26.0,"key":"PreservedInsect"},{"floor":29.0,"key":"Art of War"},{"floor":40,"key":"Bronze Scales"},{"floor":43,"key":"Molten Egg 2"}],"event_choices":[{"damage_healed":0.0,"max_hp_gain":0.0,"max_hp_loss":0.0,"gold_gain":0.0,"event_name":"Lab","player_choice":"Got Potions","floor":4.0,"gold_loss":0.0,"damage_taken":0.0},{"damage_healed":0.0,"max_hp_gain":0.0,"max_hp_loss":0.0,"gold_gain":0.0,"event_name":"Shining Light","player_choice":"Entered Light","floor":14.0,"gold_loss":0.0,"damage_taken":15.0,"cards_upgraded":["Strike_B","Lockon"]},{"damage_healed":0.0,"max_hp_gain":0.0,"max_hp_loss":0.0,"gold_gain":0.0,"event_name":"Masked Bandits","player_choice":"Fought Bandits","floor":21.0,"gold_loss":0.0,"damage_taken":0.0},{"cards_removed":["Defend_B"],"damage_healed":0.0,"max_hp_gain":0.0,"max_hp_loss":0.0,"gold_gain":0.0,"event_name":"Back to Basics","player_choice":"Elegance","floor":22.0,"gold_loss":0.0,"damage_taken":0.0},{"damage_healed":0.0,"max_hp_gain":0.0,"max_hp_loss":0.0,"gold_gain":0.0,"event_name":"Cursed Tome","player_choice":"Obtained Book","floor":25.0,"gold_loss":0.0,"damage_taken":16.0},{"cards_removed":["Strike_B"],"damage_healed":0.0,"max_hp_gain":0.0,"max_hp_loss":0.0,"gold_gain":0.0,"event_name":"Purifier","player_choice":"Purged","floor":31.0,"gold_loss":0.0,"damage_taken":0.0}],"is_beta":false,"boss_relics":[{"not_picked":["Runic Dome","Calling Bell"],"picked":"Velvet Choker"},{"not_picked":["Tiny House","Pandora\u0027s Box"],"picked":"Coffee Dripper"}],"items_purged_floors":[10,41],"is_endless":false,"potions_floor_spawned":[2,3,7,8,13,18,20,37,40],"killed_by":"3 Darklings","ascension_level":0}}