{"host":"y3h3n3f7seyagppx","time":1612652691,"event":{"mods":["AlwaysNeverKeys","BaseMod","Better Vampires","Colored Powertips","DeckTracker","Emptier Cage","Minty Spire (QoL Compilation)","Permanent Neow","Quick Restart","Rare Cards Sparkle","Relic Sorter","Relic Stats","StSLib","Transform Curses"],"gold_per_floor":[410,486,10,27,27,27,52,52,126,161,181,207,221,221,221,295,295,310,325,57,76,96,96,131,131,179,207,217,248,38,38,38,111,111,130,143,158,171,181,211,211,243,269,313,341,25,50,75,75,75,75,75,75,75,113,113],"floor_reached":57,"language":"ENG","playtime":7336,"items_purged":["Strike_G","Defend_G","Normality","Writhe"],"score":3481,"play_id":"d1c50824-1be7-4067-b35c-f629f3f5357d","local_time":"20210206180451","is_ascension_mode":true,"campfire_choices":[{"data":"Dash","floor":6,"key":"SMITH"},{"data":"Neutralize","floor":8,"key":"SMITH"},{"data":"Bouncing Flask","floor":15,"key":"SMITH"},{"data":"Wraith Form v2","floor":23,"key":"SMITH"},{"data":"Wraith Form v2","floor":25,"key":"SMITH"},{"data":"Bouncing Flask","floor":32,"key":"SMITH"},{"data":"Well Laid Plans","floor":49,"key":"SMITH"},{"data":"Malaise","floor":53,"key":"SMITH"}],"circlet_count":0,"master_deck":["AscendersBane","Strike_G","Strike_G","Strike_G","Strike_G","Defend_G","Defend_G","Defend_G","Survivor+1","Neutralize+1","Dash+1","Adrenaline+1","Flying Knee","Doppelganger+1","Blade Dance","Escape Plan","Bouncing Flask+1","Wraith Form v2+1","Footwork","Poisoned Stab+1","Wraith Form v2+1","Prepared+1","Dagger Spray+1","Adrenaline","Bouncing Flask+1","Die Die Die","Well Laid Plans+1","Deadly Poison+1","Catalyst+1","Backflip","Malaise+1","Backflip","Calculated Gamble"],"relics":["Ring of the Snake","Old Coin","Paper Crane","Bronze Scales","Oddly Smooth Stone","Bottled Flame","TungstenRod","Bag of Preparation","Cursed Key","DollysMirror","Tough Bandages","PreservedInsect","Akabeko","Potion Belt","Happy Flower","SlaversCollar","WingedGreaves","Omamori","Blood Vial","CeramicFish","Bag of Marbles","Snake Skull","Ornamental Fan","Incense Burner","War Paint"],"acts_visited":["Exordium","TheCity","TheBeyond","TheEnding"],"potions_floor_usage":[7,12,24,27,40,56],"damage_taken":[{"damage":1,"enemies":"Cultist","floor":1,"turns":4},{"damage":0,"enemies":"Small Slimes","floor":4,"turns":3},{"damage":17,"enemies":"3 Sentries","floor":7,"turns":8},{"damage":7,"enemies":"Lagavulin","floor":10,"turns":7},{"damage":0,"enemies":"2 Louse","floor":11,"turns":2},{"damage":9,"enemies":"3 Sentries","floor":12,"turns":5},{"damage":0,"enemies":"Gremlin Gang","floor":13,"turns":4},{"damage":4,"enemies":"The Guardian","floor":16,"turns":9},{"damage":0,"enemies":"Chosen","floor":18,"turns":4},{"damage":0,"enemies":"3 Byrds","floor":19,"turns":3},{"damage":0,"enemies":"Snecko","floor":21,"turns":4},{"damage":0,"enemies":"Snake Plant","floor":22,"turns":3},{"damage":0,"enemies":"Slavers","floor":24,"turns":5},{"damage":0,"enemies":"Gremlin Leader","floor":27,"turns":6},{"damage":0,"enemies":"Sentry and Sphere","floor":28,"turns":5},{"damage":0,"enemies":"Slavers","floor":29,"turns":4},{"damage":0,"enemies":"Champ","floor":33,"turns":14},{"damage":0,"enemies":"3 Shapes","floor":35,"turns":3},{"damage":0,"enemies":"Orb Walker","floor":36,"turns":3},{"damage":0,"enemies":"Maw","floor":37,"turns":7},{"damage":0,"enemies":"4 Shapes","floor":38,"turns":3},{"damage":0,"enemies":"Writhing Mass","floor":39,"turns":5},{"damage":0,"enemies":"Giant Head","floor":40,"turns":7},{"damage":0,"enemies":"Reptomancer","floor":42,"turns":3},{"damage":4,"enemies":"Giant Head","floor":44,"turns":5},{"damage":0,"enemies":"Nemesis","floor":45,"turns":3},{"damage":0,"enemies":"Giant Head","floor":47,"turns":6},{"damage":0,"enemies":"Mind Bloom Boss Battle","floor":48,"turns":2},{"damage":20,"enemies":"Time Eater","floor":50,"turns":7},{"damage":15,"enemies":"Awakened One","floor":51,"turns":15},{"damage":0,"enemies":"Shield and Spear","floor":55,"turns":6},{"damage":3,"enemies":"The Heart","floor":56,"turns":4}],"seed_played":"7488792799035840938","potions_obtained":[{"floor":7,"key":"AttackPotion"},{"floor":11,"key":"SpeedPotion"},{"floor":19,"key":"GamblersBrew"},{"floor":22,"key":"AttackPotion"},{"floor":28,"key":"Fire Potion"},{"floor":29,"key":"Ancient Potion"},{"floor":33,"key":"EssenceOfSteel"},{"floor":38,"key":"Block Potion"},{"floor":40,"key":"GamblersBrew"},{"floor":48,"key":"PowerPotion"}],"is_trial":false,"path_per_floor":["M","T","$","M","?","R","E","R","T","E","M","E","M","?","R","B",null,"M","M","$","M","M","R","E","R","T","E","M","E","$","?","R","B",null,"M","M","M","M","M","E","?","E","T","E","E","$","E","?","R","B","B",null,"R","$","E","B",null],"character_chosen":"THE_SILENT","items_purchased":["Bronze Scales","Adrenaline","Fire Potion","DollysMirror","DuplicationPotion","Snake Skull"],"campfire_rested":0,"item_purchase_floors":[3,3,3,20,30,46],"current_hp_per_floor":[58,58,58,58,51,51,34,34,34,27,27,18,18,18,18,14,49,49,49,49,49,49,49,49,49,49,49,49,49,49,49,49,49,57,57,57,57,57,57,57,57,57,57,55,57,57,59,60,60,40,27,52,52,52,54,53],"gold":113,"neow_bonus":"ONE_RARE_RELIC","is_daily":false,"chose_seed":false,"campfire_upgraded":8,"win_rate":0.0,"timestamp":1612652691,"path_taken":["M","?","$","?","?","R","E","R","T","E","M","E","M","?","R","BOSS","M","?","$","M","?","R","E","R","T","E","M","E","$","?","R","BOSS","M","M","M","M","M","E","?","E","T","E","E","$","E","?","R","BOSS","BOSS","R","$","E","BOSS"],"items_purchased_type":["Relic","Card","Potion","Relic","Potion","Relic"],"build_version":"2020-12-22","purchased_purges":4,"victory":true,"max_hp_per_floor":[60,60,60,60,60,60,60,60,60,60,60,60,60,60,60,60,60,60,60,60,60,60,60,60,60,60,60,60,60,60,60,60,60,60,60,60,60,60,60,60,60,60,60,60,60,60,60,60,60,60,60,60,60,60,60,60],"relic_stats":{"Happy Flower":[31],"counters":[32,169],"CeramicFish":18,"PreservedInsect":667,"Snake Skull":[88],"Bag of Preparation":[52],"War Paint":["Survivor","Adrenaline"],"Cursed Key":2,"Blood Vial":13,"Tough Bandages":[165],"Ornamental Fan":[36],"Bronze Scales":[530],"obtain_stats":[{"CeramicFish":44,"Snake Skull":46,"Bag of Preparation":12,"Incense Burner":48,"Cursed Key":17,"Old Coin":0,"Blood Vial":43,"Tough Bandages":24,"DollysMirror":20,"WingedGreaves":40,"Ring of the Snake":0,"Potion Belt":29,"Happy Flower":31,"Oddly Smooth Stone":7,"PreservedInsect":26,"Omamori":42,"Paper Crane":2,"War Paint":55,"Akabeko":27,"SlaversCollar":34,"Bottled Flame":9,"Ornamental Fan":47,"Bronze Scales":3,"Bag of Marbles":45,"TungstenRod":10},{"CeramicFish":25,"Snake Skull":26,"Bag of Preparation":6,"Incense Burner":28,"Cursed Key":8,"Old Coin":0,"Blood Vial":24,"Tough Bandages":13,"DollysMirror":10,"WingedGreaves":23,"Ring of the Snake":0,"Potion Belt":16,"Happy Flower":16,"Oddly Smooth Stone":3,"PreservedInsect":13,"Omamori":24,"Paper Crane":1,"War Paint":31,"Akabeko":14,"SlaversCollar":17,"Bottled Flame":3,"Ornamental Fan":27,"Bronze Scales":1,"Bag of Marbles":26,"TungstenRod":4},{"CeramicFish":126,"Snake Skull":129,"Bag of Preparation":29,"Incense Burner":137,"Cursed Key":42,"Old Coin":0,"Blood Vial":121,"Tough Bandages":61,"DollysMirror":49,"WingedGreaves":118,"Ring of the Snake":0,"Potion Belt":76,"Happy Flower":76,"Oddly Smooth Stone":15,"PreservedInsect":61,"Omamori":121,"Paper Crane":4,"War Paint":165,"Akabeko":67,"SlaversCollar":90,"Bottled Flame":15,"Ornamental Fan":135,"Bronze Scales":4,"Bag of Marbles":129,"TungstenRod":22}],"TungstenRod":57,"Ring of the Snake":[64]},"card_choices":[{"not_picked":["Quick Slash","Cloak And Dagger"],"picked":"Dash","floor":1},{"not_picked":["Deadly Poison","Underhanded Strike"],"picked":"Flying Knee","floor":4},{"not_picked":["Flechettes","Underhanded Strike"],"picked":"Doppelganger","floor":7},{"not_picked":["All Out Attack","Poisoned Stab"],"picked":"Blade Dance","floor":10},{"not_picked":["Bane","Dagger Throw","Blur"],"picked":"SKIP","floor":11},{"not_picked":["Bane","Dagger Throw","Blur"],"picked":"SKIP","floor":11},{"not_picked":["Flying Knee","Heel Hook"],"picked":"Escape Plan","floor":12},{"not_picked":["Quick Slash","Dodge and Roll"],"picked":"Bouncing Flask","floor":13},{"not_picked":["After Image","Unload"],"picked":"Wraith Form v2","floor":16},{"not_picked":["Acrobatics","Prepared"],"picked":"Footwork","floor":18},{"not_picked":["Slice","Outmaneuver"],"picked":"Poisoned Stab+1","floor":19},{"not_picked":["Cloak And Dagger","Quick Slash"],"picked":"Prepared+1","floor":21},{"not_picked":["Flying Knee","Prepared"],"picked":"Dagger Spray+1","floor":22},{"not_picked":["Noxious Fumes","Blade Dance"],"picked":"Adrenaline","floor":24},{"not_picked":["Flying Knee","Underhanded Strike","Glass Knife"],"picked":"SKIP","floor":27},{"not_picked":["Skewer","Acrobatics"],"picked":"Bouncing Flask","floor":28},{"not_picked":["Infinite Blades","PiercingWail","Dagger Spray"],"picked":"SKIP","floor":29},{"not_picked":["Infinite Blades","PiercingWail","Dagger Spray"],"picked":"SKIP","floor":29},{"not_picked":["Doppelganger","Envenom"],"picked":"Die Die Die","floor":33},{"not_picked":["Prepared","Poisoned Stab"],"picked":"Well Laid Plans","floor":35},{"not_picked":["Skewer","Deadly Poison","Bane"],"picked":"SKIP","floor":36},{"not_picked":["Expertise","Dodge and Roll","Deadly Poison"],"picked":"SKIP","floor":37},{"not_picked":["Grand Finale","Cloak And Dagger+1"],"picked":"Deadly Poison+1","floor":38},{"not_picked":["Cloak And Dagger","Backflip"],"picked":"Catalyst+1","floor":39},{"not_picked":["Blade Dance+1","Dodge and Roll+1"],"picked":"Backflip","floor":40},{"not_picked":["Outmaneuver","Envenom"],"picked":"Malaise","floor":42},{"not_picked":["Slice","Distraction"],"picked":"Backflip","floor":44},{"not_picked":["Finisher","Sucker Punch","Slice"],"picked":"SKIP","floor":45},{"not_picked":["Finisher","Sucker Punch","Slice"],"picked":"SKIP","floor":45},{"not_picked":["Riddle With Holes+1","Deadly Poison+1","Sucker Punch"],"picked":"SKIP","floor":47},{"not_picked":["Well Laid Plans","Setup+1"],"picked":"Calculated Gamble","floor":55}],"player_experience":21922062,"relics_obtained":[{"floor":2,"key":"Paper Crane"},{"floor":7,"key":"Oddly Smooth Stone"},{"floor":9,"key":"Bottled Flame"},{"floor":10,"key":"TungstenRod"},{"floor":12,"key":"Bag of Preparation"},{"floor":24,"key":"Tough Bandages"},{"floor":26,"key":"PreservedInsect"},{"floor":27,"key":"Akabeko"},{"floor":29,"key":"Potion Belt"},{"floor":40,"key":"WingedGreaves"},{"floor":42,"key":"Omamori"},{"floor":43,"key":"Blood Vial"},{"floor":44,"key":"CeramicFish"},{"floor":45,"key":"Bag of Marbles"},{"floor":47,"key":"Ornamental Fan"},{"floor":48,"key":"Incense Burner"},{"floor":55,"key":"War Paint"}],"event_choices":[{"cards_removed":["Defend_G"],"damage_healed":0,"gold_gain":0,"player_choice":"Card Removal","damage_taken":7,"max_hp_gain":0,"max_hp_loss":0,"event_name":"Golden Wing","floor":5,"gold_loss":0},{"damage_healed":0,"gold_gain":0,"player_choice":"Upgraded","damage_taken":0,"max_hp_gain":0,"max_hp_loss":0,"event_name":"Upgrade Shrine","floor":14,"gold_loss":0,"cards_upgraded":["Doppelganger"]},{"damage_healed":0,"gold_gain":0,"player_choice":"Opened","damage_taken":0,"relics_obtained":["Happy Flower"],"max_hp_gain":0,"max_hp_loss":0,"event_name":"The Mausoleum","floor":31,"gold_loss":0,"cards_obtained":["Writhe"]},{"damage_healed":0,"gold_gain":0,"player_choice":"Ignored","damage_taken":0,"max_hp_gain":0,"max_hp_loss":0,"event_name":"Tomb of Lord Red Mask","floor":41,"gold_loss":0},{"damage_healed":0,"gold_gain":0,"player_choice":"Fight","damage_taken":0,"max_hp_gain":0,"max_hp_loss":0,"event_name":"MindBloom","floor":48,"gold_loss":0}],"is_beta":false,"boss_relics":[{"not_picked":["Sozu","Snecko Eye"],"picked":"Cursed Key"},{"not_picked":["Pandora\u0027s Box","Busted Crown"],"picked":"SlaversCollar"}],"items_purged_floors":[3,20,30,46],"is_endless":false,"potions_floor_spawned":[7,11,19,22,28,29,33,35,38,40,45,48,55],"ascension_level":20}}