{"host":"04hh9gplt9wkfmr1","time":1612639620,"event":{"mods":["AchievementEnabler","BaseMod","Colored Map","KOR Keyword Fix","Minty Spire (QoL Compilation)","Rare Cards Sparkle","SuperFastMode"],"gold_per_floor":[117,137,149,160,173,205,205,237,237,237,247,264,281,281,281],"floor_reached":14,"language":"KOR","playtime":664,"items_purged":[],"score":143,"play_id":"4a26e05d-b14c-43fb-b38f-5531afd05c25","local_time":"20210207042700","is_ascension_mode":true,"campfire_choices":[{"data":"Shockwave","floor":7.0,"key":"SMITH"},{"floor":10.0,"key":"REST"}],"circlet_count":0,"master_deck":["Strike_R","Strike_R","Strike_R","Strike_R","Strike_R","Defend_R","Defend_R","Defend_R","Defend_R","Bash","Dark Embrace","Shockwave+1","Sentinel","Metallicize","Impervious","Double Tap","Havoc","Rage","Warcry"],"relics":["Burning Blood","Nunchaku","Blue Candle","Gremlin Horn"],"acts_visited":["Exordium"],"potions_floor_usage":[13],"damage_taken":[{"damage":4.0,"enemies":"Jaw Worm","floor":1.0,"turns":4.0},{"damage":3.0,"enemies":"2 Louse","floor":2.0,"turns":3.0},{"damage":5.0,"enemies":"Cultist","floor":3.0,"turns":5.0},{"damage":28.0,"enemies":"Exordium Thugs","floor":4.0,"turns":6.0},{"damage":8.0,"enemies":"Looter","floor":5.0,"turns":5.0},{"damage":27.0,"enemies":"Gremlin Nob","floor":6.0,"turns":5.0},{"damage":27.0,"enemies":"Lagavulin","floor":8.0,"turns":10.0},{"damage":1.0,"enemies":"Red Slaver","floor":11.0,"turns":5.0},{"damage":28,"enemies":"Large Slime","floor":12,"turns":11},{"damage":0,"enemies":"Lots of Slimes","floor":13,"turns":5},{"damage":55,"enemies":"Gremlin Nob","floor":14,"turns":6}],"seed_played":"-8673958204541776860","potions_obtained":[{"floor":3.0,"key":"BlessingOfTheForge"},{"floor":5.0,"key":"DuplicationPotion"},{"floor":12,"key":"AttackPotion"}],"is_trial":false,"path_per_floor":["M","M","M","M","M","E","R","E","T","R","M","M","M","E"],"character_chosen":"IRONCLAD","items_purchased":[],"campfire_rested":1,"item_purchase_floors":[],"current_hp_per_floor":[82,85,86,64,62,41,41,20,20,46,51,29,35,0,0],"gold":281,"neow_bonus":"TEN_PERCENT_HP_BONUS","is_daily":false,"chose_seed":false,"campfire_upgraded":1,"win_rate":0.0,"timestamp":1612639620,"path_taken":["M","M","M","M","M","E","R","E","T","R","M","M","M","E"],"items_purchased_type":[],"build_version":"2020-12-22","purchased_purges":0,"victory":false,"max_hp_per_floor":[88,88,88,88,88,88,88,88,88,88,88,88,88,88,88],"card_choices":[{"not_picked":["Iron Wave","Sentinel"],"picked":"Dark Embrace","floor":1.0},{"not_picked":["Fire Breathing","Pommel Strike","Anger"],"picked":"SKIP","floor":2.0},{"not_picked":["Pommel Strike","Wild Strike"],"picked":"Shockwave","floor":3.0},{"not_picked":["Havoc","Ghostly Armor"],"picked":"Sentinel","floor":4.0},{"not_picked":["Clash","Thunderclap"],"picked":"Metallicize","floor":5.0},{"not_picked":["Pommel Strike","Body Slam"],"picked":"Impervious","floor":6.0},{"not_picked":["True Grit","Seeing Red"],"picked":"Double Tap","floor":8.0},{"not_picked":["Combust","Havoc","Clothesline"],"picked":"SKIP","floor":11.0},{"not_picked":["Combust","Clothesline"],"picked":"Havoc","floor":11.0},{"not_picked":["Searing Blow","Clothesline"],"picked":"Rage","floor":12},{"not_picked":["Iron Wave","Searing Blow"],"picked":"Warcry","floor":13}],"player_experience":134055,"relics_obtained":[{"floor":6.0,"key":"Nunchaku"},{"floor":8.0,"key":"Blue Candle"},{"floor":9.0,"key":"Gremlin Horn"}],"event_choices":[],"is_beta":false,"boss_relics":[],"items_purged_floors":[],"is_endless":false,"potions_floor_spawned":[3,5,12],"killed_by":"Gremlin Nob","ascension_level":7}}