{"host":"3qkmyeoym75lj4wn","time":1612637826,"event":{"mods":["2.2 Compatiblity","BaseMod","Block Reminder","Colored Powertips","Highlight Path","Minty Spire (QoL Compilation)","Permanent Neow","Potion Indicator Mod","Rare Cards Sparkle","Relic Stats","StSLib","Unceasing Turn Reminder"],"gold_per_floor":[368,39,39,60,85,85,47,78,148,148,179,179,179,179],"floor_reached":13,"language":"ENG","playtime":344,"items_purged":["Strike_G"],"score":182,"play_id":"01d73ea2-e13d-45b0-af34-04344b852b60","local_time":"20210206185706","is_ascension_mode":true,"campfire_choices":[{"data":"Blade Dance","floor":6,"key":"SMITH"},{"floor":10,"key":"REST"}],"circlet_count":0,"master_deck":["AscendersBane","Strike_G","Strike_G","Strike_G","Strike_G","Defend_G","Defend_G","Defend_G","Defend_G","Defend_G","Survivor","Neutralize","Footwork","Infinite Blades","Slice","Blade Dance+1","Corpse Explosion","Deflect"],"relics":["Ring of the Snake","ClockworkSouvenir","Golden Idol","Nunchaku","Singing Bowl","Du-Vu Doll","Darkstone Periapt"],"acts_visited":["Exordium"],"potions_floor_usage":[8,8,11],"damage_taken":[{"damage":7,"enemies":"2 Louse","floor":1,"turns":3},{"damage":1,"enemies":"Small Slimes","floor":4,"turns":4},{"damage":5,"enemies":"Jaw Worm","floor":5,"turns":4},{"damage":28,"enemies":"Gremlin Nob","floor":8,"turns":4},{"damage":7,"enemies":"3 Sentries","floor":11,"turns":3},{"damage":24,"enemies":"Gremlin Nob","floor":13,"turns":3}],"seed_played":"7582960001456918579","potions_obtained":[{"floor":1,"key":"FearPotion"},{"floor":5,"key":"DuplicationPotion"},{"floor":8,"key":"AttackPotion"}],"is_trial":false,"path_per_floor":["M","$","?","M","M","R","?","E","T","R","E","T","E"],"character_chosen":"THE_SILENT","items_purchased":["ClockworkSouvenir","Infinite Blades","Slice"],"campfire_rested":1,"item_purchase_floors":[2,2,2],"current_hp_per_floor":[37,37,37,36,31,31,31,3,3,21,16,16,0,0],"gold":179,"neow_bonus":"TWO_FIFTY_GOLD","is_daily":false,"chose_seed":false,"campfire_upgraded":1,"win_rate":0.0,"timestamp":1612637826,"path_taken":["M","$","?","M","M","R","?","E","T","R","E","?","E"],"items_purchased_type":["Relic","Card","Card"],"build_version":"2020-12-22","purchased_purges":1,"victory":false,"max_hp_per_floor":[66,66,60,60,60,60,60,60,60,60,62,62,62,62],"relic_stats":{"Darkstone Periapt":0,"Nunchaku":[2],"Singing Bowl":2,"counters":[6,21],"Golden Idol":21,"obtain_stats":[{"Du-Vu Doll":11,"Darkstone Periapt":12,"Nunchaku":8,"Singing Bowl":9,"Golden Idol":3,"Ring of the Snake":0,"ClockworkSouvenir":2},{"Du-Vu Doll":5,"Darkstone Periapt":5,"Nunchaku":4,"Singing Bowl":4,"Golden Idol":1,"Ring of the Snake":0,"ClockworkSouvenir":1},{"Du-Vu Doll":18,"Darkstone Periapt":18,"Nunchaku":15,"Singing Bowl":15,"Golden Idol":3,"Ring of the Snake":0,"ClockworkSouvenir":3}],"Ring of the Snake":[12]},"card_choices":[{"not_picked":["Blade Dance","Cloak And Dagger"],"picked":"Footwork","floor":1},{"not_picked":["Heel Hook","Flying Knee"],"picked":"Blade Dance","floor":4},{"not_picked":["Caltrops","Outmaneuver"],"picked":"Corpse Explosion","floor":5},{"not_picked":["Caltrops","Outmaneuver"],"picked":"Deflect","floor":8},{"not_picked":["Underhanded Strike","Quick Slash","Heel Hook"],"picked":"Singing Bowl","floor":11}],"player_experience":1732049,"relics_obtained":[{"floor":8,"key":"Nunchaku"},{"floor":9,"key":"Singing Bowl"},{"floor":11,"key":"Du-Vu Doll"},{"floor":12,"key":"Darkstone Periapt"}],"event_choices":[{"damage_healed":0,"gold_gain":0,"player_choice":"Lose Max HP","damage_taken":0,"relics_obtained":["Golden Idol"],"max_hp_gain":0,"max_hp_loss":6,"event_name":"Golden Idol","floor":3,"gold_loss":0},{"damage_healed":0,"gold_gain":0,"player_choice":"Left Gold","damage_taken":0,"max_hp_gain":0,"max_hp_loss":0,"event_name":"World of Goop","floor":7,"gold_loss":38}],"is_beta":false,"boss_relics":[],"items_purged_floors":[2],"is_endless":false,"potions_floor_spawned":[1,5,8],"killed_by":"Gremlin Nob","ascension_level":20}}