{"host":"xp5rvh2jwe2ejyfm","time":1612651631,"event":{"mods":["2.2 Compatiblity","Aspiration","BaseMod","Better Altar","Better Match","Better Note","Better Sensory Stone","Better Skull","BetterRewards","Colored Powertips","Conspire","Downfall","GifTheSpireLib","Gremlin Mod","GungeonMod","Hermit","Hubris","Jorbs\u0027s Wanderer Trilogy","Minty Spire (QoL Compilation)","Potionbrewer","Quick Restart","Replay The Spire","Robot Space Explorer","Shade Mod","Somnambulant","StSLib","The Bug Knight","The Clintock","The Construct","The Cursed","The Disciple","The Forsaken","The Hierophant","The Necromancer","The Runesmith","The Servant 0.9.4","The Valiant","The Witch","TheFirefly","thorton"],"gold_per_floor":[109,121,21,21,96,96,124,299,299,299,325,37,61,73,73,73,73],"floor_reached":16,"language":"ENG","playtime":468,"items_purged":[],"score":131,"play_id":"6de8a332-1280-4cef-84d9-3a33f81f78c7","local_time":"20210206174711","is_ascension_mode":false,"campfire_choices":[{"data":"SummonRatFamiliar","floor":6,"key":"SMITH"},{"floor":10,"key":"RECALL"},{"data":"PlagueSpreader","floor":15,"key":"SMITH"}],"circlet_count":0,"master_deck":["Strike_Witch","Strike_Witch","Strike_Witch","Strike_Witch","Defend_Witch","Defend_Witch","Defend_Witch","Defend_Witch","Hexguard","ZombieSpit","Demonfyre","SummonRatFamiliar+1","MementoMori","GhoulTouch","PlagueSpreader+1","Doubt","Thundercloud","Broomstick","TwistedMind"],"relics":["BlackCat","NeowsBlessing","hubris:DeckOfHolding","conspire:BottledYoYo","Centennial Puzzle","DemoMod:Bottle"],"acts_visited":["Exordium"],"potions_floor_usage":[11],"damage_taken":[{"damage":0,"enemies":"Jaw Worm","floor":1,"turns":1},{"damage":0,"enemies":"2 Louse","floor":2,"turns":1},{"damage":0,"enemies":"3 Sentries","floor":7,"turns":2},{"damage":8,"enemies":"Lagavulin","floor":11,"turns":5},{"damage":7,"enemies":"Cultist","floor":14,"turns":4},{"damage":52,"enemies":"Fading Forest","floor":16,"turns":8}],"seed_played":"5616115890856189368","potions_obtained":[{"floor":2,"key":"Elixir"},{"floor":7,"key":"potionbrewer:DiscountPotion"}],"is_trial":false,"path_per_floor":["M","M","$","?","?","R","E","?","T","R","E","$","T","M","R","B"],"character_chosen":"WITCH","items_purchased":["MementoMori","GhoulTouch","DemoMod:Bottle","Broomstick"],"campfire_rested":0,"item_purchase_floors":[3,3,12,12],"current_hp_per_floor":[67,67,67,67,56,56,56,56,56,56,48,48,48,41,41,0,0],"gold":73,"neow_bonus":"THREE_ENEMY_KILL","is_daily":false,"chose_seed":false,"campfire_upgraded":2,"win_rate":0.0,"timestamp":1612651631,"path_taken":["M","M","$","?","?","R","E","?","T","R","E","$","?","?","R","BOSS"],"items_purchased_type":["Card","Card","Relic","Card"],"build_version":"2020-12-22","purchased_purges":0,"victory":false,"max_hp_per_floor":[67,67,67,67,67,67,67,67,67,67,67,67,67,67,67,67,67],"card_choices":[{"not_picked":["MortusClaw","Atonement"],"picked":"Demonfyre","floor":1},{"not_picked":["SummonOwlFamiliar","SkullFlask"],"picked":"SummonRatFamiliar","floor":2},{"not_picked":["Shrooms","KarmaDrain"],"picked":"PlagueSpreader","floor":7},{"not_picked":["PainBolt","RoilingBarrier"],"picked":"Thundercloud","floor":11},{"not_picked":["WretchedNails","SummonBatFamiliar"],"picked":"TwistedMind","floor":14}],"player_experience":453372,"relics_obtained":[{"floor":7,"key":"hubris:DeckOfHolding"},{"floor":9,"key":"conspire:BottledYoYo"},{"floor":11,"key":"Centennial Puzzle"}],"event_choices":[{"damage_healed":0,"gold_gain":75,"player_choice":"Gather Gold","damage_taken":11,"max_hp_gain":0,"max_hp_loss":0,"event_name":"World of Goop","floor":5,"gold_loss":0},{"damage_healed":0,"gold_gain":175,"player_choice":"AGREE","damage_taken":0,"max_hp_gain":0,"max_hp_loss":0,"event_name":"Liars Game","floor":8,"gold_loss":0,"cards_obtained":["Doubt"]}],"is_beta":false,"boss_relics":[],"items_purged_floors":[],"is_endless":false,"potions_floor_spawned":[2,7],"killed_by":"Fading Forest","ascension_level":0}}