{"host":"tetk82fuf8thwxol","time":1612627185,"event":{"mods":["AchievementEnabler","BaseMod","BetterRewards","GifTheSpireLib","Hermit","Minty Spire (QoL Compilation)","Permanent Neow","Quick Restart","Shop Mod","Spicy Shops","StSLib","The Bug Knight","The Cursed","The Runesmith"],"gold_per_floor":[118,28,48,223,50,50,84,84,84,109,122,47,59,70,70,169,169,188,188,188,62,79,113,128,144,144,144,144,144,154,154,154,258,258,277,327,346,346,364,364,392,178,178,32,0,0,18,52,52,52],"floor_reached":51,"language":"ENG","playtime":1577,"items_purged":["Strike_R","Defend_R"],"score":980,"play_id":"a454119f-eae4-4ed1-9e46-19d553e4d6d9","local_time":"20210206095945","is_ascension_mode":true,"campfire_choices":[{"data":"Apotheosis","floor":6,"key":"SMITH"},{"data":"1","floor":8,"key":"LIFT"},{"floor":15,"key":"REST"},{"floor":32,"key":"DIG"},{"data":"2","floor":40,"key":"LIFT"},{"data":"3","floor":46,"key":"LIFT"},{"floor":49,"key":"DIG"}],"circlet_count":0,"master_deck":["Strike_R","Strike_R","Defend_R","Defend_R","Defend_R","Bash","Inflame","Thunderclap","Apotheosis+1","Shrug It Off","Flex","Feed","Bludgeon","Shockwave+1","Ghostly Armor+1","Necronomicurse","Cleave+1","Flex+1","Inflame"],"relics":["Burning Blood","Juzu Bracelet","Girya","CaptainsWheel","Pen Nib","Shovel","Busted Crown","Toxic Egg 2","Orichalcum","Singing Bowl","MutagenicStrength","Necronomicon","Bird Faced Urn","Runesmith:UraniumAnvil","Ice Cream","Bag of Preparation","Bottled Flame","Gambling Chip","Red Mask","CeramicFish","Pantograph"],"acts_visited":["Exordium","TheCity","TheBeyond"],"potions_floor_usage":[7,13,14,33,33,50,50],"damage_taken":[{"damage":0,"enemies":"Small Slimes","floor":1,"turns":3},{"damage":23,"enemies":"Jaw Worm","floor":3,"turns":4},{"damage":22,"enemies":"Lagavulin","floor":7,"turns":6},{"damage":22,"enemies":"3 Sentries","floor":10,"turns":6},{"damage":1,"enemies":"Cultist","floor":11,"turns":3},{"damage":2,"enemies":"3 Louse","floor":13,"turns":3},{"damage":13,"enemies":"Large Slime","floor":14,"turns":4},{"damage":33,"enemies":"Slime Boss","floor":16,"turns":11},{"damage":4,"enemies":"Shell Parasite","floor":18,"turns":3},{"damage":3,"enemies":"Spheric Guardian","floor":22,"turns":3},{"damage":56,"enemies":"Slavers","floor":23,"turns":6},{"damage":3,"enemies":"Centurion and Healer","floor":24,"turns":3},{"damage":15,"enemies":"Shelled Parasite and Fungi","floor":25,"turns":3},{"damage":0,"enemies":"Snake Plant","floor":30,"turns":1},{"damage":18,"enemies":"Automaton","floor":33,"turns":4},{"damage":1,"enemies":"Orb Walker","floor":35,"turns":4},{"damage":0,"enemies":"Mind Bloom Boss Battle","floor":36,"turns":3},{"damage":12,"enemies":"3 Darklings","floor":37,"turns":6},{"damage":6,"enemies":"Transient","floor":39,"turns":5},{"damage":22,"enemies":"Giant Head","floor":41,"turns":6},{"damage":12,"enemies":"Writhing Mass","floor":47,"turns":2},{"damage":0,"enemies":"HollowMod:StalkingDevout","floor":48,"turns":1},{"damage":110,"enemies":"Awakened One","floor":50,"turns":9}],"seed_played":"-4795707384913823926","potions_obtained":[{"floor":1,"key":"Explosive Potion"},{"floor":10,"key":"SkillPotion"},{"floor":13,"key":"SkillPotion"},{"floor":22,"key":"ElixirPotion"},{"floor":23,"key":"Fire Potion"},{"floor":25,"key":"Strength Potion"},{"floor":37,"key":"SneckoOil"},{"floor":41,"key":"DuplicationPotion"},{"floor":48,"key":"LiquidBronze"}],"is_trial":false,"path_per_floor":["M","$","M","?","$","R","E","R","T","E","M","$","M","M","R","B",null,"M","?","?","$","M","E","M","M","T","?","?","?","M","?","R","B",null,"M","?","M","?","M","R","E","$","T","$","?","R","M","E","R","B",null],"character_chosen":"IRONCLAD","items_purchased":["Girya","Apotheosis","Toxic Egg 2","Flex+1","Inflame","Gambling Chip"],"campfire_rested":1,"item_purchase_floors":[2,5,21,42,42,44],"current_hp_per_floor":[80,80,63,63,63,63,47,47,47,31,36,36,40,33,57,34,84,84,84,84,84,84,34,41,36,36,36,20,20,28,59,59,49,96,98,104,104,104,108,108,94,94,94,94,94,94,93,101,101,19],"gold":52,"neow_bonus":"RANDOM_COMMON_RELIC","is_daily":false,"chose_seed":false,"campfire_upgraded":1,"win_rate":0.0,"timestamp":1612627185,"path_taken":["M","$","M","?","$","R","E","R","T","E","M","$","M","M","R","BOSS","M","?","?","$","M","E","M","M","T","?","?","?","M","?","R","BOSS","M","?","M","?","M","R","E","$","T","?","?","R","M","E","R","BOSS"],"items_purchased_type":["Relic","Card","Relic","Card","Card","Relic"],"build_version":"2020-12-22","purchased_purges":2,"victory":true,"max_hp_per_floor":[80,80,80,80,80,80,80,80,80,80,80,80,80,80,80,84,84,84,84,84,84,84,84,88,92,92,92,92,92,94,94,94,96,96,98,104,110,110,112,112,112,112,112,112,112,112,117,119,119,119],"card_choices":[{"not_picked":["Shrug It Off","Iron Wave"],"picked":"Inflame","floor":1},{"not_picked":["Uppercut","Warcry"],"picked":"Thunderclap","floor":3},{"not_picked":["Havoc","Shockwave"],"picked":"Shrug It Off","floor":7},{"not_picked":["Pommel Strike","Armaments"],"picked":"Flex","floor":10},{"not_picked":["Anger","Warcry","Wild Strike"],"picked":"SKIP","floor":11},{"not_picked":["Metallicize","Entrench","Power Through"],"picked":"SKIP","floor":13},{"not_picked":["Thunderclap","Sword Boomerang"],"picked":"Feed","floor":14},{"not_picked":["Berserk","Brutality"],"picked":"Bludgeon","floor":16},{"not_picked":["Anger"],"picked":"SKIP","floor":18},{"not_picked":[],"picked":"Shockwave+1","floor":22},{"not_picked":["Reckless Charge+1"],"picked":"SKIP","floor":23},{"not_picked":["Metallicize"],"picked":"SKIP","floor":24},{"not_picked":[],"picked":"Ghostly Armor+1","floor":25},{"not_picked":["Hemokinesis"],"picked":"Singing Bowl","floor":30},{"not_picked":["Berserk"],"picked":"Singing Bowl","floor":33},{"not_picked":["Shrug It Off+1"],"picked":"Singing Bowl","floor":35},{"not_picked":["Body Slam+1"],"picked":"Singing Bowl","floor":36},{"not_picked":["Seeing Red+1"],"picked":"Singing Bowl","floor":37},{"not_picked":["Dual Wield+1"],"picked":"Singing Bowl","floor":39},{"not_picked":[],"picked":"Cleave+1","floor":41},{"not_picked":["Dark Embrace"],"picked":"Singing Bowl","floor":47},{"not_picked":["Reaper"],"picked":"Singing Bowl","floor":48}],"player_experience":286051,"relics_obtained":[{"floor":7,"key":"CaptainsWheel"},{"floor":9,"key":"Pen Nib"},{"floor":10,"key":"Shovel"},{"floor":23,"key":"Orichalcum"},{"floor":26,"key":"Singing Bowl"},{"floor":28,"key":"Necronomicon"},{"floor":32,"key":"Bird Faced Urn"},{"floor":36,"key":"Ice Cream"},{"floor":41,"key":"Bag of Preparation"},{"floor":43,"key":"Bottled Flame"},{"floor":48,"key":"CeramicFish"},{"floor":49,"key":"Pantograph"}],"event_choices":[{"damage_healed":0,"gold_gain":175,"player_choice":"AGREE","damage_taken":0,"max_hp_gain":0,"max_hp_loss":0,"event_name":"Liars Game","floor":4,"gold_loss":0,"cards_obtained":["Doubt"]},{"cards_removed":["Doubt"],"damage_healed":0,"gold_gain":0,"player_choice":"Elegance","damage_taken":0,"max_hp_gain":0,"max_hp_loss":0,"event_name":"Back to Basics","floor":19,"gold_loss":0},{"cards_removed":["Strike_R"],"damage_healed":0,"gold_gain":0,"player_choice":"Purged","damage_taken":0,"max_hp_gain":0,"max_hp_loss":0,"event_name":"Purifier","floor":20,"gold_loss":0},{"damage_healed":0,"gold_gain":0,"player_choice":"Inject Mutagens","damage_taken":0,"relics_obtained":["MutagenicStrength"],"max_hp_gain":0,"max_hp_loss":0,"event_name":"Drug Dealer","floor":27,"gold_loss":0},{"damage_healed":0,"gold_gain":0,"player_choice":"Obtained Book","damage_taken":16,"max_hp_gain":0,"max_hp_loss":0,"event_name":"Cursed Tome","floor":28,"gold_loss":0},{"damage_healed":0,"gold_gain":0,"player_choice":"Ignored","damage_taken":0,"max_hp_gain":0,"max_hp_loss":0,"event_name":"Ghosts","floor":29,"gold_loss":0},{"damage_healed":31,"gold_gain":0,"player_choice":"Heal","damage_taken":0,"max_hp_gain":0,"max_hp_loss":0,"event_name":"The Library","floor":31,"gold_loss":0},{"damage_healed":0,"gold_gain":0,"player_choice":"Fight","damage_taken":0,"max_hp_gain":0,"max_hp_loss":0,"event_name":"MindBloom","floor":36,"gold_loss":0},{"cards_removed":["Strike_R"],"damage_healed":0,"gold_gain":0,"player_choice":"Removed Attack","damage_taken":0,"max_hp_gain":0,"max_hp_loss":0,"event_name":"Falling","floor":38,"gold_loss":0},{"damage_healed":0,"gold_gain":0,"player_choice":"Paid","damage_taken":0,"relics_obtained":["Red Mask"],"max_hp_gain":0,"max_hp_loss":0,"event_name":"Tomb of Lord Red Mask","floor":45,"gold_loss":32}],"is_beta":false,"boss_relics":[{"not_picked":["Tiny House","Mark of Pain"],"picked":"Busted Crown"},{"not_picked":["Empty Cage","Runic Dome"],"picked":"Runesmith:UraniumAnvil"}],"items_purged_floors":[12,42],"is_endless":false,"potions_floor_spawned":[1,10,13,22,23,25,30,37,41,48],"ascension_level":4}}