{"host":"f1ywytio1xmbwkwz","time":1612598020,"event":{"mods":["BaseMod","Minty Spire (QoL Compilation)","Relic Stats","StSLib"],"gold_per_floor":[367,442,37,49,49,77,91,108,108,108,108,108,121,148,148,245,245,255,272,287,287,1,12,29,62,62,75,75,85,110,209,209,311,311,331,347,347,362,10,41,316,316,343,343,361,379,391,2,2,2,2],"floor_reached":50,"language":"ENG","playtime":2322,"items_purged":["Shame","Regret"],"score":784,"play_id":"bb2632a5-d23a-4010-bd13-af50e835bc47","local_time":"20210206005340","is_ascension_mode":true,"campfire_choices":[{"floor":10,"key":"REST"},{"data":"Cloak And Dagger","floor":15,"key":"SMITH"},{"floor":28,"key":"REST"},{"floor":32,"key":"REST"},{"floor":42,"key":"REST"},{"floor":44,"key":"REST"},{"floor":49,"key":"REST"}],"circlet_count":0,"master_deck":["Strike_G","Strike_G","Strike_G","Strike_G","Strike_G","Defend_G","Defend_G","Defend_G","Defend_G","Defend_G","Survivor","Neutralize","Blade Dance","Finesse","Accuracy","All Out Attack","Footwork","Dagger Spray","Neutralize","Deflect","Cloak And Dagger+1","After Image","Backstab","Bouncing Flask+1","Deflect+1","Noxious Fumes+1","PiercingWail","Escape Plan","Caltrops","Phantasmal Killer","Finisher+1","Storm of Steel","Slice+1","Cloak And Dagger","Prepared","Bandage Up","Backflip+1","Envenom","Poisoned Stab","Escape Plan+1","Terror+1","Prepared","Noxious Fumes+1","Blade Dance+1","Slice","Slice+1","Flying Knee+1","Bandage Up","Dramatic Entrance","PiercingWail"],"relics":["Ring of the Snake","Ninja Scroll","Lizard Tail","Question Card","StrikeDummy","Strawberry","Fusion Hammer","Gambling Chip","Letter Opener","Ancient Tea Set","Prayer Wheel","WristBlade","ClockworkSouvenir","Bag of Preparation","Pear","Dream Catcher","DollysMirror"],"acts_visited":["Exordium","TheCity","TheBeyond"],"potions_floor_usage":[14,14,16,20,24,29,30,33,33,40,50,50],"damage_taken":[{"damage":0,"enemies":"2 Louse","floor":1,"turns":3},{"damage":0,"enemies":"Small Slimes","floor":4,"turns":2},{"damage":17,"enemies":"3 Sentries","floor":6,"turns":8},{"damage":1,"enemies":"Jaw Worm","floor":7,"turns":2},{"damage":5,"enemies":"Large Slime","floor":8,"turns":3},{"damage":2,"enemies":"2 Fungi Beasts","floor":13,"turns":2},{"damage":12,"enemies":"Gremlin Nob","floor":14,"turns":3},{"damage":18,"enemies":"Slime Boss","floor":16,"turns":8},{"damage":0,"enemies":"3 Byrds","floor":18,"turns":3},{"damage":0,"enemies":"Shell Parasite","floor":19,"turns":4},{"damage":6,"enemies":"Centurion and Healer","floor":20,"turns":4},{"damage":7,"enemies":"Snecko","floor":23,"turns":3},{"damage":10,"enemies":"Shelled Parasite and Fungi","floor":24,"turns":5},{"damage":3,"enemies":"Book of Stabbing","floor":25,"turns":5},{"damage":0,"enemies":"3 Cultists","floor":27,"turns":4},{"damage":3,"enemies":"Snake Plant","floor":29,"turns":3},{"damage":11,"enemies":"Slavers","floor":30,"turns":4},{"damage":27,"enemies":"Collector","floor":33,"turns":7},{"damage":10,"enemies":"3 Darklings","floor":35,"turns":5},{"damage":0,"enemies":"Orb Walker","floor":36,"turns":1},{"damage":12,"enemies":"Spire Growth","floor":38,"turns":4},{"damage":39,"enemies":"Nemesis","floor":40,"turns":7},{"damage":7,"enemies":"Maw","floor":45,"turns":7},{"damage":36,"enemies":"4 Shapes","floor":46,"turns":4},{"damage":45,"enemies":"Transient","floor":47,"turns":5},{"damage":95,"enemies":"Awakened One","floor":50,"turns":6}],"seed_played":"-1590396263524458658","potions_obtained":[{"floor":7,"key":"AttackPotion"},{"floor":8,"key":"AttackPotion"},{"floor":14,"key":"FearPotion"},{"floor":18,"key":"SpeedPotion"},{"floor":19,"key":"SkillPotion"},{"floor":24,"key":"Block Potion"},{"floor":27,"key":"Regen Potion"},{"floor":29,"key":"ColorlessPotion"},{"floor":30,"key":"LiquidBronze"},{"floor":38,"key":"LiquidMemories"},{"floor":45,"key":"Strength Potion"},{"floor":47,"key":"SteroidPotion"}],"is_trial":false,"path_per_floor":["M","?","$","M","?","E","M","M","T","R","?","?","M","E","R","B",null,"M","M","M","?","$","M","M","E","T","M","R","M","E","?","R","B",null,"M","M","?","M","$","E","?","R","T","R","M","M","M","$","R","B"],"character_chosen":"THE_SILENT","items_purchased":["Ninja Scroll","Finesse","Gambling Chip","ClockworkSouvenir","Bag of Preparation","Poisoned Stab","DollysMirror","Dramatic Entrance","PiercingWail"],"campfire_rested":6,"item_purchase_floors":[3,3,22,39,39,39,48,48,48],"current_hp_per_floor":[63,52,52,52,52,35,34,29,29,50,50,50,48,43,43,25,64,64,64,58,77,77,70,60,57,57,57,77,74,63,63,77,62,73,63,63,63,55,55,30,30,56,56,82,79,47,6,6,32,0,0],"gold":2,"neow_bonus":"TWO_FIFTY_GOLD","is_daily":false,"chose_seed":false,"campfire_upgraded":1,"win_rate":0.0,"timestamp":1612598020,"path_taken":["M","?","$","M","?","E","M","?","T","R","?","?","M","E","R","BOSS","M","?","M","?","$","?","?","E","T","M","R","M","E","?","R","BOSS","M","M","?","M","$","E","?","R","T","R","?","M","M","$","R","BOSS"],"items_purchased_type":["Relic","Card","Relic","Relic","Relic","Card","Relic","Card","Card"],"build_version":"2020-12-22","purchased_purges":2,"victory":false,"max_hp_per_floor":[70,70,70,70,70,70,70,70,70,70,70,70,70,77,77,77,77,77,77,77,77,77,77,77,77,77,77,77,77,77,77,77,77,77,77,77,77,77,77,87,87,87,87,87,87,87,87,87,87,87,87],"relic_stats":{"Lizard Tail":43,"Dream Catcher":2,"counters":[26,112],"Gambling Chip":[26],"Prayer Wheel":6,"Bag of Preparation":[0],"Letter Opener":[213],"Question Card":29,"obtain_stats":[{"Pear":40,"Bag of Preparation":39,"Letter Opener":25,"Question Card":9,"Ancient Tea Set":26,"ClockworkSouvenir":39,"Lizard Tail":6,"Dream Catcher":43,"WristBlade":34,"Ninja Scroll":3,"DollysMirror":48,"Strawberry":14,"Gambling Chip":22,"Prayer Wheel":30,"Fusion Hammer":17,"StrikeDummy":11,"Ring of the Snake":0},{"Pear":22,"Bag of Preparation":21,"Letter Opener":14,"Question Card":5,"Ancient Tea Set":14,"ClockworkSouvenir":21,"Lizard Tail":3,"Dream Catcher":22,"WristBlade":18,"Ninja Scroll":1,"DollysMirror":25,"Strawberry":7,"Gambling Chip":11,"Prayer Wheel":17,"Fusion Hammer":8,"StrikeDummy":5,"Ring of the Snake":0},{"Pear":90,"Bag of Preparation":83,"Letter Opener":55,"Question Card":18,"Ancient Tea Set":55,"ClockworkSouvenir":83,"Lizard Tail":13,"Dream Catcher":90,"WristBlade":73,"Ninja Scroll":3,"DollysMirror":106,"Strawberry":23,"Gambling Chip":42,"Prayer Wheel":66,"Fusion Hammer":31,"StrikeDummy":18,"Ring of the Snake":0}],"Ring of the Snake":[52]},"card_choices":[{"not_picked":["Dagger Throw","Dagger Spray"],"picked":"Blade Dance","floor":1},{"not_picked":["Heel Hook","Acrobatics"],"picked":"Accuracy","floor":4},{"not_picked":["Distraction","Bane"],"picked":"All Out Attack","floor":6},{"not_picked":["Dash","Masterful Stab"],"picked":"Footwork","floor":7},{"not_picked":["Crippling Poison","Acrobatics"],"picked":"Dagger Spray","floor":8},{"not_picked":["Sucker Punch","Dodge and Roll","Escape Plan"],"picked":"Deflect","floor":13},{"not_picked":["Quick Slash","Poisoned Stab","Dagger Throw"],"picked":"Cloak And Dagger","floor":14},{"not_picked":["Storm of Steel","Unload","Doppelganger"],"picked":"After Image","floor":16},{"not_picked":["Caltrops","Terror+1","Distraction"],"picked":"Backstab","floor":18},{"not_picked":["Underhanded Strike","Setup","Flying Knee"],"picked":"Bouncing Flask+1","floor":19},{"not_picked":["Dagger Spray","Dagger Throw","Blur"],"picked":"Deflect+1","floor":20},{"not_picked":["Flying Knee","Dodge and Roll","Dagger Spray"],"picked":"Noxious Fumes+1","floor":23},{"not_picked":["All Out Attack","Dagger Spray+1","Outmaneuver"],"picked":"PiercingWail","floor":24},{"not_picked":["Endless Agony+1","Predator","Dagger Spray"],"picked":"Escape Plan","floor":25},{"not_picked":["Flying Knee","Footwork","Deadly Poison"],"picked":"Caltrops","floor":27},{"not_picked":["Expertise","Outmaneuver","Acrobatics"],"picked":"Phantasmal Killer","floor":29},{"not_picked":["Dagger Throw","Skewer+1","Underhanded Strike"],"picked":"Finisher+1","floor":30},{"not_picked":["Bullet Time","Malaise","Burst"],"picked":"Storm of Steel","floor":33},{"not_picked":["Dodge and Roll","Dash","Dagger Throw"],"picked":"Slice+1","floor":35},{"not_picked":["Dagger Throw","Deadly Poison+1","Predator","Flying Knee+1"],"picked":"SKIP","floor":35},{"not_picked":["Malaise","Tactician","Bane"],"picked":"Cloak And Dagger","floor":36},{"not_picked":["Underhanded Strike","Choke","Riddle With Holes"],"picked":"Prepared","floor":36},{"not_picked":["Trip","Jack Of All Trades","Good Instincts"],"picked":"Bandage Up","floor":37},{"not_picked":["Heel Hook","Deflect","Endless Agony"],"picked":"Backflip+1","floor":38},{"not_picked":["Blur","Escape Plan+1","Calculated Gamble"],"picked":"Envenom","floor":38},{"not_picked":["Dagger Spray","Quick Slash","Endless Agony"],"picked":"Escape Plan+1","floor":40},{"not_picked":["Deadly Poison","Quick Slash+1","Underhanded Strike+1"],"picked":"Terror+1","floor":44},{"not_picked":["Reflex","Bane","Dash"],"picked":"Prepared","floor":45},{"not_picked":["Deflect+1","Acrobatics+1","Underhanded Strike"],"picked":"Noxious Fumes+1","floor":45},{"not_picked":["Flying Knee+1","Tools of the Trade","Poisoned Stab"],"picked":"Blade Dance+1","floor":46},{"not_picked":["Outmaneuver","Eviscerate+1","Well Laid Plans"],"picked":"Slice","floor":46},{"not_picked":["Deadly Poison","Sucker Punch+1","Underhanded Strike"],"picked":"Slice+1","floor":47},{"not_picked":["Underhanded Strike+1","Skewer+1","Reflex"],"picked":"Flying Knee+1","floor":47}],"player_experience":301750,"relics_obtained":[{"floor":6,"key":"Lizard Tail"},{"floor":9,"key":"Question Card"},{"floor":14,"key":"Strawberry"},{"floor":25,"key":"Letter Opener"},{"floor":26,"key":"Ancient Tea Set"},{"floor":30,"key":"Prayer Wheel"},{"floor":40,"key":"Pear"},{"floor":43,"key":"Dream Catcher"}],"event_choices":[{"damage_healed":0,"gold_gain":75,"player_choice":"Gather Gold","damage_taken":11,"max_hp_gain":0,"max_hp_loss":0,"event_name":"World of Goop","floor":2,"gold_loss":0},{"damage_healed":0,"gold_gain":0,"player_choice":"Ignored","damage_taken":0,"max_hp_gain":0,"max_hp_loss":0,"event_name":"Golden Wing","floor":5,"gold_loss":0},{"damage_healed":0,"gold_gain":0,"player_choice":"Searched \u00271\u0027 times","damage_taken":0,"relics_obtained":["StrikeDummy"],"max_hp_gain":0,"max_hp_loss":0,"event_name":"Dead Adventurer","floor":11,"gold_loss":0},{"damage_healed":0,"gold_gain":0,"player_choice":"1 cards matched","damage_taken":0,"max_hp_gain":0,"max_hp_loss":0,"event_name":"Match and Keep!","floor":12,"gold_loss":0,"cards_obtained":["Neutralize"]},{"damage_healed":19,"gold_gain":0,"player_choice":"Full Heal","damage_taken":0,"max_hp_gain":0,"max_hp_loss":0,"event_name":"Wheel of Change","floor":21,"gold_loss":0},{"damage_healed":0,"gold_gain":99,"player_choice":"Stole From Cult","damage_taken":0,"max_hp_gain":0,"max_hp_loss":0,"event_name":"Nest","floor":31,"gold_loss":0},{"damage_healed":0,"gold_gain":0,"player_choice":"Memory 1","damage_taken":0,"max_hp_gain":0,"max_hp_loss":0,"event_name":"SensoryStone","floor":37,"gold_loss":0},{"damage_healed":0,"gold_gain":275,"player_choice":"Desecrate","damage_taken":0,"max_hp_gain":0,"max_hp_loss":0,"event_name":"Golden Shrine","floor":41,"gold_loss":0,"cards_obtained":["Regret"]}],"is_beta":false,"boss_relics":[{"not_picked":["Runic Pyramid","Empty Cage"],"picked":"Fusion Hammer"},{"not_picked":["SacredBark","Snecko Eye"],"picked":"WristBlade"}],"items_purged_floors":[3,48],"is_endless":false,"potions_floor_spawned":[7,8,14,18,19,24,27,29,30,38,45,47],"killed_by":"Awakened One","ascension_level":6}}