{"host":"Qube","time":1612653935,"event":{"mods":["AchievementEnabler","BaseMod","Colored Map","Colored Powertips","Highlight Path","Minty Spire (QoL Compilation)","Permanent Neow","Quick Restart","Random Character Button","StSLib"],"gold_per_floor":[117,135,146,96,108,108,108,138,175,187,228,240,252,278,290,400,412,443,473,485,497,529,541,588,600,612,624,646,683,1,39,39,169,169,208,252,272,335,347,404,404,454,454,454,169,209,209,272,272,297],"floor_reached":51,"language":"ENG","playtime":2480,"items_purged":["Strike_G","Defend_G"],"score":754,"play_id":"196380ee-ee8a-4fcc-8b0f-d92696c37615","local_time":"20210206152535","is_ascension_mode":false,"campfire_choices":[{"data":"Neutralize","floor":6,"key":"SMITH"},{"data":"Doppelganger","floor":10,"key":"SMITH"},{"data":"Backflip","floor":12,"key":"SMITH"},{"data":"Caltrops","floor":15,"key":"SMITH"},{"data":"Infinite Blades","floor":23,"key":"SMITH"},{"floor":25,"key":"REST"},{"floor":32,"key":"REST"},{"floor":44,"key":"REST"},{"data":"Apotheosis","floor":47,"key":"SMITH"},{"floor":49,"key":"REST"}],"circlet_count":0,"master_deck":["Strike_G+1","Defend_G+1","Defend_G","Survivor","Bouncing Flask+1","Adrenaline+1","Crippling Poison+1","Caltrops+1","Slice","Doppelganger+1","Caltrops","Dagger Throw","Backflip+1","Deflect","Venomology","Infinite Blades+1","Necronomicurse","RitualDagger","Acrobatics+1","Writhe","Leg Sweep","HandOfGreed+1","PiercingWail","Crippling Poison+1","Glass Knife","Noxious Fumes+1","Apotheosis+1"],"relics":["Astrolabe","MawBank","Dream Catcher","Oddly Smooth Stone","Busted Crown","Necronomicon","Potion Belt","Sundial","Bag of Preparation","Prayer Wheel","War Paint","Whetstone","TwistedFunnel","SacredBark","Regal Pillow","Pocketwatch","Bottled Tornado"],"acts_visited":["Exordium","TheCity","TheBeyond"],"potions_floor_usage":[14,16,16,22,22,24,24,24,24,24,28,28,31,31,33,36,36,37,37,38,38,46,50,50,50,50],"damage_taken":[{"damage":0,"enemies":"Small Slimes","floor":1,"turns":2},{"damage":0,"enemies":"2 Louse","floor":2,"turns":3},{"damage":0,"enemies":"Jaw Worm","floor":3,"turns":3},{"damage":4,"enemies":"Blue Slaver","floor":5,"turns":3},{"damage":19,"enemies":"Gremlin Nob","floor":8,"turns":4},{"damage":5,"enemies":"Lagavulin","floor":11,"turns":5},{"damage":0,"enemies":"2 Fungi Beasts","floor":14,"turns":2},{"damage":4,"enemies":"Hexaghost","floor":16,"turns":5},{"damage":0,"enemies":"2 Thieves","floor":18,"turns":4},{"damage":0,"enemies":"Chosen","floor":19,"turns":5},{"damage":7,"enemies":"Snecko","floor":22,"turns":5},{"damage":5,"enemies":"Gremlin Leader","floor":24,"turns":5},{"damage":11,"enemies":"Centurion and Healer","floor":28,"turns":5},{"damage":20,"enemies":"Book of Stabbing","floor":29,"turns":4},{"damage":0,"enemies":"Snake Plant","floor":31,"turns":1},{"damage":8,"enemies":"Automaton","floor":33,"turns":8},{"damage":3,"enemies":"Orb Walker","floor":35,"turns":3},{"damage":0,"enemies":"3 Shapes","floor":36,"turns":4},{"damage":0,"enemies":"3 Darklings","floor":37,"turns":3},{"damage":10,"enemies":"Sphere and 2 Shapes","floor":38,"turns":4},{"damage":5,"enemies":"Spire Growth","floor":39,"turns":4},{"damage":14,"enemies":"Giant Head","floor":40,"turns":8},{"damage":0,"enemies":"Mind Bloom Boss Battle","floor":42,"turns":6},{"damage":9,"enemies":"4 Shapes","floor":46,"turns":4},{"damage":11,"enemies":"Sphere and 2 Shapes","floor":48,"turns":4},{"damage":36,"enemies":"Donu and Deca","floor":50,"turns":9}],"seed_played":"-6195211534494682619","potions_obtained":[{"floor":3,"key":"Explosive Potion"},{"floor":5,"key":"ColorlessPotion"},{"floor":11,"key":"LiquidBronze"},{"floor":16,"key":"GamblersBrew"},{"floor":22,"key":"Energy Potion"},{"floor":29,"key":"LiquidBronze"},{"floor":31,"key":"Weak Potion"},{"floor":33,"key":"Weak Potion"},{"floor":35,"key":"EssenceOfSteel"},{"floor":36,"key":"SteroidPotion"}],"is_trial":false,"path_per_floor":["M","M","M","?","M","R","?","E","T","R","E","R","?","M","R","B",null,"M","M","?","?","M","R","E","R","T","?","M","E","$","M","R","B",null,"M","M","M","M","M","E","?","?","T","R","$","M","R","M","R","B",null],"character_chosen":"THE_SILENT","items_purchased":["HandOfGreed","War Paint","Whetstone","TwistedFunnel","Apotheosis"],"campfire_rested":4,"item_purchase_floors":[30,30,30,30,45],"current_hp_per_floor":[70,70,70,70,66,66,66,47,47,47,42,42,35,35,35,31,70,70,70,54,48,41,41,36,57,57,57,46,26,26,26,47,39,70,67,67,67,57,52,38,38,38,38,70,70,61,61,50,70,34],"gold":297,"neow_bonus":"BOSS_RELIC","is_daily":false,"chose_seed":false,"campfire_upgraded":6,"win_rate":0.0,"timestamp":1612653935,"path_taken":["M","M","M","?","M","R","?","E","T","R","E","R","?","M","R","BOSS","M","M","?","?","M","R","E","R","T","?","?","E","$","M","R","BOSS","M","M","M","M","M","E","?","?","T","R","$","M","R","M","R","BOSS"],"items_purchased_type":["Card","Relic","Relic","Relic","Card"],"build_version":"2020-12-18","purchased_purges":2,"victory":true,"max_hp_per_floor":[70,70,70,70,70,70,70,70,70,70,70,70,70,70,70,70,70,70,70,70,70,70,70,70,70,70,70,70,70,70,70,70,70,70,70,70,70,70,70,70,70,70,70,70,70,70,70,70,70,70],"card_choices":[{"not_picked":["Slice","Dodge and Roll"],"picked":"Caltrops","floor":1},{"not_picked":["Outmaneuver","Prepared"],"picked":"Slice","floor":2},{"not_picked":["Well Laid Plans","Poisoned Stab"],"picked":"Doppelganger","floor":3},{"not_picked":["Deflect","Dagger Throw"],"picked":"Caltrops","floor":5},{"not_picked":["Reflex","Calculated Gamble"],"picked":"Dagger Throw","floor":8},{"not_picked":["Blade Dance","Concentrate"],"picked":"Backflip","floor":11},{"not_picked":["Heel Hook","Backflip"],"picked":"Deflect","floor":14},{"not_picked":["Adrenaline","Grand Finale"],"picked":"Venomology","floor":16},{"not_picked":[],"picked":"Infinite Blades","floor":18},{"not_picked":["Underhanded Strike"],"picked":"SKIP","floor":19},{"not_picked":["Underhanded Strike"],"picked":"SKIP","floor":22},{"not_picked":["Sucker Punch"],"picked":"SKIP","floor":24},{"not_picked":[],"picked":"Acrobatics","floor":25},{"not_picked":["Dagger Spray+1"],"picked":"SKIP","floor":28},{"not_picked":[],"picked":"Leg Sweep","floor":29},{"not_picked":[],"picked":"PiercingWail","floor":31},{"not_picked":["Deflect"],"picked":"SKIP","floor":31},{"not_picked":[],"picked":"Crippling Poison+1","floor":32},{"not_picked":[],"picked":"Glass Knife","floor":33},{"not_picked":["Acrobatics"],"picked":"SKIP","floor":35},{"not_picked":["Outmaneuver"],"picked":"SKIP","floor":35},{"not_picked":["Dodge and Roll"],"picked":"SKIP","floor":36},{"not_picked":["Poisoned Stab+1"],"picked":"SKIP","floor":36},{"not_picked":["Deflect+1"],"picked":"SKIP","floor":37},{"not_picked":["Sucker Punch+1"],"picked":"SKIP","floor":37},{"not_picked":["All Out Attack+1"],"picked":"SKIP","floor":38},{"not_picked":["Infinite Blades"],"picked":"SKIP","floor":38},{"not_picked":[],"picked":"Noxious Fumes+1","floor":39},{"not_picked":["Expertise"],"picked":"SKIP","floor":39},{"not_picked":["Eviscerate+1"],"picked":"SKIP","floor":40},{"not_picked":["Backflip"],"picked":"SKIP","floor":46},{"not_picked":["Blade Dance"],"picked":"SKIP","floor":46},{"not_picked":["Heel Hook"],"picked":"SKIP","floor":48},{"not_picked":["Eviscerate+1"],"picked":"SKIP","floor":48}],"player_experience":1086557,"relics_obtained":[{"floor":8,"key":"MawBank"},{"floor":9,"key":"Dream Catcher"},{"floor":11,"key":"Oddly Smooth Stone"},{"floor":20,"key":"Necronomicon"},{"floor":24,"key":"Potion Belt"},{"floor":26,"key":"Sundial"},{"floor":29,"key":"Prayer Wheel"},{"floor":40,"key":"Regal Pillow"},{"floor":42,"key":"Pocketwatch"},{"floor":43,"key":"Bottled Tornado"}],"event_choices":[{"cards_removed":["Strike_G"],"damage_healed":0,"gold_gain":0,"player_choice":"Card Removal","damage_taken":0,"max_hp_gain":0,"max_hp_loss":0,"event_name":"The Cleric","floor":4,"gold_loss":50},{"damage_healed":0,"gold_gain":0,"player_choice":"Ignored","damage_taken":0,"max_hp_gain":0,"max_hp_loss":0,"event_name":"Liars Game","floor":7,"gold_loss":0},{"cards_removed":["Strike_G"],"damage_healed":0,"gold_gain":0,"player_choice":"Card Removal","damage_taken":7,"max_hp_gain":0,"max_hp_loss":0,"event_name":"Golden Wing","floor":13,"gold_loss":0},{"damage_healed":0,"gold_gain":0,"player_choice":"Obtained Book","damage_taken":16,"max_hp_gain":0,"max_hp_loss":0,"event_name":"Cursed Tome","floor":20,"gold_loss":0},{"damage_healed":0,"gold_gain":0,"player_choice":"Joined the Cult","damage_taken":6,"max_hp_gain":0,"max_hp_loss":0,"event_name":"Nest","floor":21,"gold_loss":0,"cards_obtained":["RitualDagger"]},{"damage_healed":0,"gold_gain":0,"player_choice":"Opened","damage_taken":0,"relics_obtained":["Bag of Preparation"],"max_hp_gain":0,"max_hp_loss":0,"event_name":"The Mausoleum","floor":27,"gold_loss":0,"cards_obtained":["Writhe"]},{"cards_removed":["Neutralize"],"damage_healed":0,"gold_gain":0,"player_choice":"Removed Attack","damage_taken":0,"max_hp_gain":0,"max_hp_loss":0,"event_name":"Falling","floor":41,"gold_loss":0},{"damage_healed":0,"gold_gain":0,"player_choice":"Fight","damage_taken":0,"max_hp_gain":0,"max_hp_loss":0,"event_name":"MindBloom","floor":42,"gold_loss":0}],"is_beta":true,"boss_relics":[{"not_picked":["Snecko Eye","Philosopher\u0027s Stone"],"picked":"Busted Crown"},{"not_picked":["Coffee Dripper","Cursed Key"],"picked":"SacredBark"}],"items_purged_floors":[30,45],"is_endless":false,"potions_floor_spawned":[3,5,11,16,22,29,31,33,35,36,42,46],"ascension_level":0}}