{"host":"tpad8qsc9e0g0pa5","time":1612618171,"event":{"mods":["BaseMod","Minty Spire (QoL Compilation)","Quick Restart","StSLib","The Cursed"],"gold_per_floor":[116,136,61,61,61,101,101,113,113,113,188,209,209,222,222,335,407,425,443,443,78,87,87,110,130,130,151,180,180,208,108,108,213,213,229,229,104,204,216,216,226,249,274,287,287,137,137,137,137,137],"floor_reached":51,"language":"ZHS","playtime":3976,"items_purged":["Flex","Searing Blow","Blood for Blood","Fiend Fire"],"score":684,"play_id":"9d6cf335-b47b-402c-9c07-7c5cb96d4f11","local_time":"20210206212931","is_ascension_mode":true,"campfire_choices":[{"data":"Barricade","floor":7.0,"key":"SMITH"},{"floor":10.0,"key":"REST"},{"data":"Body Slam","floor":13.0,"key":"SMITH"},{"data":"Entrench","floor":15.0,"key":"SMITH"},{"data":"Enlightenment","floor":23.0,"key":"SMITH"},{"data":"Armaments","floor":29.0,"key":"SMITH"},{"floor":32.0,"key":"REST"},{"data":"Battle Trance","floor":40.0,"key":"SMITH"},{"data":"Body Slam","floor":45,"key":"SMITH"},{"data":"Metallicize","floor":47,"key":"SMITH"},{"floor":49,"key":"REST"}],"circlet_count":0,"master_deck":["Bash","Barricade+1","Battle Trance","Metallicize+1","Flame Barrier","Entrench+1","Body Slam+1","Body Slam+1","Sentinel","Spot Weakness","Twin Strike","Inflame","Second Wind+1","Enlightenment+1","Battle Trance+1","Rage","Power Through","Armaments+1","Ghostly Armor","Offering"],"relics":["Burning Blood","Bronze Scales","CeramicFish","Kunai","Pandora\u0027s Box","Strawberry","Question Card","Sozu","Vajra","Centennial Puzzle"],"acts_visited":["Exordium","TheCity","TheBeyond"],"potions_floor_usage":[],"damage_taken":[{"damage":7.0,"enemies":"Small Slimes","floor":1.0,"turns":3.0},{"damage":9.0,"enemies":"Jaw Worm","floor":2.0,"turns":5.0},{"damage":16.0,"enemies":"Lagavulin","floor":6.0,"turns":10.0},{"damage":8.0,"enemies":"2 Louse","floor":8.0,"turns":3.0},{"damage":5.0,"enemies":"Exordium Wildlife","floor":12.0,"turns":5.0},{"damage":0.0,"enemies":"Blue Slaver","floor":14.0,"turns":5.0},{"damage":15.0,"enemies":"The Guardian","floor":16.0,"turns":10.0},{"damage":9.0,"enemies":"Shell Parasite","floor":18.0,"turns":4.0},{"damage":0.0,"enemies":"2 Thieves","floor":20.0,"turns":1.0},{"damage":12.0,"enemies":"Chosen and Byrds","floor":24.0,"turns":7.0},{"damage":47.0,"enemies":"Cultist and Chosen","floor":25.0,"turns":7.0},{"damage":43.0,"enemies":"Snecko","floor":27.0,"turns":6.0},{"damage":0.0,"enemies":"3 Cultists","floor":28.0,"turns":5.0},{"damage":5.0,"enemies":"Centurion and Healer","floor":30.0,"turns":6.0},{"damage":33.0,"enemies":"Collector","floor":33.0,"turns":12.0},{"damage":6.0,"enemies":"3 Darklings","floor":35.0,"turns":7.0},{"damage":7.0,"enemies":"3 Shapes","floor":39.0,"turns":4.0},{"damage":32,"enemies":"Transient","floor":41,"turns":5},{"damage":1,"enemies":"Maw","floor":44,"turns":6},{"damage":14,"enemies":"Awakened One","floor":50,"turns":8}],"seed_played":"5881019353713237644","potions_obtained":[{"floor":6.0,"key":"FearPotion"},{"floor":8.0,"key":"SmokeBomb"},{"floor":16.0,"key":"Energy Potion"},{"floor":18.0,"key":"BloodPotion"},{"floor":28.0,"key":"SpeedPotion"},{"floor":33.0,"key":"EssenceOfSteel"}],"is_trial":false,"path_per_floor":["M","M","$","?","?","E","R","M","T","R","?","M","R","M","R","B",null,"M","?","M","$","?","R","M","M","T","M","M","R","M","$","R","B",null,"M","?","$","?","M","R","M","T","T","M","R","$","R","?","R","B",null],"character_chosen":"IRONCLAD","items_purchased":["Flame Barrier","Second Wind","Enlightenment","Strawberry"],"campfire_rested":3,"item_purchase_floors":[3,21,21,21],"current_hp_per_floor":[55,52,52,49,42,32,32,30,30,54,43,44,44,50,50,41,80,77,77,80,87,87,87,81,57,57,20,26,26,27,27,53,26,87,87,87,87,87,86,86,60,60,60,65,65,65,65,65,87,79],"gold":137,"neow_bonus":"THREE_RARE_CARDS","is_daily":false,"chose_seed":false,"campfire_upgraded":8,"win_rate":0.0,"timestamp":1612618171,"path_taken":["M","M","$","?","?","E","R","M","T","R","?","M","R","M","R","BOSS","M","?","M","$","?","R","M","M","T","M","M","R","?","$","R","BOSS","M","?","$","?","?","R","M","?","T","M","R","?","R","?","R","BOSS"],"items_purchased_type":["Card","Card","Card","Relic"],"build_version":"2020-12-22","purchased_purges":4,"victory":true,"max_hp_per_floor":[80,80,80,80,80,80,80,80,80,80,80,80,80,80,80,80,80,80,80,80,87,87,87,87,87,87,87,87,87,87,87,87,87,87,87,87,87,87,87,87,87,87,87,87,87,87,87,87,87,87],"card_choices":[{"not_picked":["Reaper","Fiend Fire"],"picked":"Barricade","floor":0.0},{"not_picked":["Wild Strike","Anger"],"picked":"Battle Trance","floor":1.0},{"not_picked":["Armaments","Thunderclap"],"picked":"Metallicize","floor":2.0},{"not_picked":["Demon Form","Clash"],"picked":"Entrench","floor":6.0},{"not_picked":["Entrench","Heavy Blade","Perfected Strike"],"picked":"SKIP","floor":8.0},{"not_picked":["Twin Strike","Headbutt"],"picked":"Body Slam","floor":12.0},{"not_picked":["Thunderclap","Rampage","Havoc"],"picked":"SKIP","floor":14.0},{"not_picked":["Brutality","Barricade"],"picked":"Fiend Fire","floor":16.0},{"not_picked":["Clothesline+1","Pommel Strike","Combust"],"picked":"SKIP","floor":18.0},{"not_picked":["Flex","Brutality"],"picked":"Rage","floor":24.0},{"not_picked":["Cleave","Combust","Perfected Strike+1"],"picked":"SKIP","floor":25.0},{"not_picked":["Iron Wave+1","Rage","Demon Form"],"picked":"Power Through","floor":27.0},{"not_picked":["Flex","Heavy Blade","Pommel Strike"],"picked":"Armaments","floor":28.0},{"not_picked":["Entrench+1","Cleave+1","Headbutt+1"],"picked":"Ghostly Armor","floor":30.0},{"not_picked":["Brutality","Limit Break","Exhume"],"picked":"Offering","floor":33.0},{"not_picked":["Headbutt+1","Havoc+1","Armaments+1","Thunderclap"],"picked":"SKIP","floor":35.0},{"not_picked":["Battle Trance+1","True Grit+1","Pommel Strike","Power Through"],"picked":"SKIP","floor":39.0},{"not_picked":["Twin Strike+1","Clothesline+1","Armaments","Anger"],"picked":"SKIP","floor":41},{"not_picked":["Body Slam+1","Flex+1","Ghostly Armor","Thunderclap+1"],"picked":"SKIP","floor":44}],"player_experience":263517,"relics_obtained":[{"floor":6.0,"key":"CeramicFish"},{"floor":9.0,"key":"Kunai"},{"floor":26.0,"key":"Question Card"},{"floor":42,"key":"Vajra"},{"floor":43,"key":"Centennial Puzzle"}],"event_choices":[{"damage_healed":0.0,"max_hp_gain":0.0,"max_hp_loss":0.0,"gold_gain":0.0,"event_name":"Scrap Ooze","player_choice":"Success","floor":4.0,"gold_loss":0.0,"damage_taken":3.0,"relics_obtained":["Bronze Scales"]},{"cards_removed":["Strike_R"],"damage_healed":0.0,"max_hp_gain":0.0,"max_hp_loss":0.0,"gold_gain":0.0,"event_name":"Golden Wing","player_choice":"Card Removal","floor":5.0,"gold_loss":0.0,"damage_taken":7.0},{"damage_healed":0.0,"max_hp_gain":0.0,"max_hp_loss":0.0,"gold_gain":75.0,"event_name":"World of Goop","player_choice":"Gather Gold","floor":11.0,"gold_loss":0.0,"damage_taken":11.0},{"damage_healed":0.0,"max_hp_gain":0.0,"max_hp_loss":0.0,"gold_gain":0.0,"cards_transformed":["Hemokinesis","Combust"],"event_name":"Drug Dealer","player_choice":"Became Test Subject","floor":19.0,"gold_loss":0.0,"damage_taken":0.0,"cards_obtained":["Inflame","Flex"]},{"damage_healed":0.0,"max_hp_gain":0.0,"max_hp_loss":0.0,"gold_gain":0.0,"event_name":"Duplicator","player_choice":"Copied","floor":22.0,"gold_loss":0.0,"damage_taken":0.0,"cards_obtained":["Battle Trance"]},{"damage_healed":0.0,"max_hp_gain":0.0,"max_hp_loss":0.0,"gold_gain":0.0,"event_name":"Mysterious Sphere","player_choice":"Ignored","floor":36.0,"gold_loss":0.0,"damage_taken":0.0},{"damage_healed":0.0,"max_hp_gain":0.0,"max_hp_loss":0.0,"gold_gain":100.0,"event_name":"Golden Shrine","player_choice":"Pray","floor":38.0,"gold_loss":0.0,"damage_taken":0.0},{"damage_healed":0,"gold_gain":0,"player_choice":"Upgraded","damage_taken":0,"max_hp_gain":0,"max_hp_loss":0,"event_name":"Upgrade Shrine","floor":48,"gold_loss":0,"cards_upgraded":["Second Wind"]}],"is_beta":false,"boss_relics":[{"not_picked":["Runic Cube","Busted Crown"],"picked":"Pandora\u0027s Box"},{"not_picked":["Astrolabe","Runic Pyramid"],"picked":"Sozu"}],"items_purged_floors":[21,31,37,46],"is_endless":false,"potions_floor_spawned":[6,8,16,18,20,28,33,35],"ascension_level":2}}