{"host":"szp1d6dso4pv7ddl","time":1612590053,"event":{"mods":["AchievementEnabler","Alarm Clock","BaseMod","Bestiary","Block Reminder","Colored Map","Colored Powertips","Curses Come First","Dark Map","Displayed Cursed Tome","Highlight Path","Minty Spire (QoL Compilation)","Permanent Neow","Quick Restart","Relic Sorter","Relic Stats","StSLib","Synergy Search"],"gold_per_floor":[20,32,32,32,45,74,74,23,70,129,143,154,181,281,281,353,353,370,340,390,315,315,315],"floor_reached":22,"language":"ENG","playtime":852,"items_purged":["Wild Strike+1"],"score":350,"play_id":"15ad1c0d-8da8-41f5-90ec-d667fc403d7b","local_time":"20210205214053","is_ascension_mode":true,"campfire_choices":[{"data":"Fiend Fire","floor":7.0,"key":"SMITH"},{"floor":15.0,"key":"REST"}],"circlet_count":0,"master_deck":["AscendersBane","Strike_R","Strike_R","Defend_R","Defend_R","Defend_R","Defend_R","Bash","Fiend Fire+1","Anger","Shrug It Off","Thunderclap+1","Rampage+1","Demon Form","Entrench+1","Reaper+1","Dark Embrace"],"relics":["Burning Blood","Omamori","Sundial","PreservedInsect","Molten Egg 2","Akabeko","Astrolabe"],"acts_visited":["Exordium","TheCity"],"potions_floor_usage":[22],"damage_taken":[{"damage":1.0,"enemies":"Cultist","floor":1.0,"turns":3.0},{"damage":7.0,"enemies":"Small Slimes","floor":2.0,"turns":3.0},{"damage":9.0,"enemies":"2 Louse","floor":5.0,"turns":4.0},{"damage":20.0,"enemies":"Lagavulin","floor":6.0,"turns":5.0},{"damage":28.0,"enemies":"Lagavulin Event","floor":10.0,"turns":4.0},{"damage":13.0,"enemies":"Blue Slaver","floor":11.0,"turns":5.0},{"damage":1.0,"enemies":"2 Fungi Beasts","floor":12.0,"turns":3.0},{"damage":40.0,"enemies":"Hexaghost","floor":16.0,"turns":6.0},{"damage":23.0,"enemies":"Spheric Guardian","floor":18.0,"turns":5.0},{"damage":22.0,"enemies":"2 Thieves","floor":19.0,"turns":4.0},{"damage":66,"enemies":"Cultist and Chosen","floor":22,"turns":7}],"seed_played":"9086574527704844889","potions_obtained":[{"floor":2.0,"key":"Swift Potion"},{"floor":4.0,"key":"DistilledChaos"},{"floor":6.0,"key":"Dexterity Potion"},{"floor":10.0,"key":"LiquidBronze"},{"floor":12.0,"key":"DistilledChaos"},{"floor":16.0,"key":"BlessingOfTheForge"},{"floor":18.0,"key":"Ancient Potion"}],"is_trial":false,"path_per_floor":["M","M","T","?","M","E","R","$","T","?","M","M","T","?","R","B",null,"M","M","?","$","M"],"character_chosen":"IRONCLAD","items_purchased":["Shrug It Off"],"campfire_rested":1,"item_purchase_floors":[8],"current_hp_per_floor":[73,72,72,72,69,55,55,55,55,33,26,31,31,31,53,19,61,44,35,35,35,0,0],"gold":315,"neow_bonus":"THREE_RARE_CARDS","is_daily":false,"chose_seed":false,"campfire_upgraded":1,"win_rate":0.0,"timestamp":1612590053,"path_taken":["M","M","?","?","?","E","R","?","T","?","M","M","?","?","R","BOSS","M","M","?","?","?"],"items_purchased_type":["Card"],"build_version":"2020-12-22","purchased_purges":1,"victory":false,"max_hp_per_floor":[75,75,75,75,75,75,75,75,75,75,75,75,75,75,75,75,75,75,75,75,75,75,75],"relic_stats":{"counters":[11,49],"Sundial":[4],"Astrolabe":["Entrench","Reaper","Wild Strike"],"PreservedInsect":29,"obtain_stats":[{"Sundial":6,"Astrolabe":17,"Molten Egg 2":10,"PreservedInsect":9,"Omamori":3,"Burning Blood":0,"Akabeko":13},{"Sundial":4,"Astrolabe":8,"Molten Egg 2":5,"PreservedInsect":4,"Omamori":2,"Burning Blood":0,"Akabeko":7},{"Sundial":15,"Astrolabe":33,"Molten Egg 2":19,"PreservedInsect":15,"Omamori":6,"Burning Blood":0,"Akabeko":27}],"Burning Blood":60},"card_choices":[{"not_picked":["Impervious","Demon Form"],"picked":"Fiend Fire","floor":0.0},{"not_picked":["Wild Strike","Sever Soul","Body Slam"],"picked":"SKIP","floor":1.0},{"not_picked":["Metallicize","Perfected Strike"],"picked":"Anger","floor":2.0},{"not_picked":["Havoc","Blood for Blood","Clothesline"],"picked":"SKIP","floor":5.0},{"not_picked":["Clothesline","Clash","Bloodletting"],"picked":"SKIP","floor":6.0},{"not_picked":["Sword Boomerang+1","Brutality"],"picked":"Thunderclap+1","floor":10.0},{"not_picked":["Armaments","Shrug It Off"],"picked":"Rampage+1","floor":11.0},{"not_picked":["Second Wind","Heavy Blade+1","True Grit"],"picked":"SKIP","floor":12.0},{"not_picked":["Exhume","Brutality"],"picked":"Demon Form","floor":16.0},{"not_picked":["Wild Strike+1","Infernal Blade","Armaments"],"picked":"SKIP","floor":18.0},{"not_picked":["Hemokinesis+1","Entrench"],"picked":"Dark Embrace","floor":19.0}],"player_experience":1374392,"relics_obtained":[{"floor":3.0,"key":"Omamori"},{"floor":6.0,"key":"Sundial"},{"floor":9.0,"key":"PreservedInsect"},{"floor":10.0,"key":"Molten Egg 2"},{"floor":13.0,"key":"Akabeko"}],"event_choices":[{"damage_healed":0.0,"max_hp_gain":0.0,"max_hp_loss":0.0,"gold_gain":0.0,"event_name":"Lab","player_choice":"Got Potions","floor":4.0,"gold_loss":0.0,"damage_taken":0.0},{"damage_healed":0.0,"max_hp_gain":0.0,"max_hp_loss":0.0,"gold_gain":0.0,"event_name":"Dead Adventurer","player_choice":"Searched \u00271\u0027 times","floor":10.0,"gold_loss":0.0,"damage_taken":0.0},{"damage_healed":0.0,"max_hp_gain":0.0,"max_hp_loss":0.0,"gold_gain":100.0,"event_name":"Wheel of Change","player_choice":"Gold","floor":14.0,"gold_loss":0.0,"damage_taken":0.0},{"damage_healed":0.0,"max_hp_gain":0.0,"max_hp_loss":0.0,"gold_gain":50.0,"event_name":"Golden Shrine","player_choice":"Pray","floor":20.0,"gold_loss":0.0,"damage_taken":0.0}],"is_beta":false,"boss_relics":[{"not_picked":["Runic Pyramid","Velvet Choker"],"picked":"Astrolabe"}],"items_purged_floors":[21],"is_endless":false,"potions_floor_spawned":[2,6,10,12,16,18,19],"killed_by":"Cultist and Chosen","ascension_level":18}}