{"host":"9mz6x6ekz95y53i5","time":1612608773,"event":{"mods":["AchievementEnabler","BaseMod","Colored Map","Colored Powertips","Downfall","Energized Spire","Minty Spire (QoL Compilation)","Quick Restart","Reliquary","Replay The Spire","SIMod","Spicy Shops","StSLib","The Bug Knight","UnlockEverythingMod","Warlord Emblem","¡¾ÒÅÎï¿¨ÅÆ¡¿REMEMod"],"gold_per_floor":[115,186,205,205,280,309,309,309,309],"floor_reached":8,"language":"ZHS","playtime":220,"items_purged":[],"score":158,"play_id":"19475e0a-a498-4cad-b3d5-89c5c25c3756","local_time":"20210206185253","is_ascension_mode":true,"campfire_choices":[{"floor":7,"key":"REST"}],"circlet_count":0,"master_deck":["AscendersBane","Strike_G","Strike_G","Strike_G","Strike_G","Strike_G","Defend_G","Defend_G","Defend_G","Defend_G","Defend_G","Survivor","Neutralize","Seek","Pain","Acrobatics","Prepared","Dagger Throw"],"relics":["REME_ComplimentaryCards","NeowsBlessing","Regal Pillow","Sizzling Blood","Dream Catcher"],"acts_visited":["Exordium"],"potions_floor_usage":[],"damage_taken":[{"damage":0,"enemies":"Small Slimes","floor":1,"turns":1},{"damage":2,"enemies":"2 Louse","floor":3,"turns":1},{"damage":0,"enemies":"Gremlin Nob","floor":6,"turns":1},{"damage":61,"enemies":"Lagavulin","floor":8,"turns":9}],"seed_played":"-1033125851160167938","potions_obtained":[],"is_trial":false,"path_per_floor":["M","?","M","?","?","E","R","E"],"character_chosen":"THE_SILENT","items_purchased":[],"campfire_rested":1,"item_purchase_floors":[],"current_hp_per_floor":[59,59,57,61,50,54,70,9,9],"gold":309,"neow_bonus":"THREE_ENEMY_KILL","is_daily":false,"chose_seed":false,"campfire_upgraded":0,"win_rate":0.0,"timestamp":1612608773,"path_taken":["M","?","M","?","?","E","R","E"],"items_purchased_type":[],"build_version":"2020-12-22","purchased_purges":0,"victory":false,"max_hp_per_floor":[66,66,66,70,70,70,70,70,70],"card_choices":[{"not_picked":["Cloak And Dagger","Poisoned Stab","Outmaneuver"],"picked":"SKIP","floor":1},{"not_picked":["Poisoned Stab","Dodge and Roll"],"picked":"Acrobatics","floor":2},{"not_picked":["Cloak And Dagger","Setup","ReplayTheSpireMod:Necrosis"],"picked":"SKIP","floor":3},{"not_picked":["A Thousand Cuts","Backflip"],"picked":"Prepared","floor":6},{"not_picked":["Masterful Stab","Leg Sweep"],"picked":"Dagger Throw","floor":7}],"player_experience":264986,"relics_obtained":[{"floor":2,"key":"Regal Pillow"},{"floor":6,"key":"Dream Catcher"}],"event_choices":[{"damage_healed":0,"gold_gain":75,"player_choice":"Gather Gold","damage_taken":11,"max_hp_gain":0,"max_hp_loss":0,"event_name":"World of Goop","floor":5,"gold_loss":0}],"is_beta":false,"boss_relics":[],"items_purged_floors":[],"is_endless":false,"potions_floor_spawned":[],"killed_by":"Lagavulin","ascension_level":20}}