{"host":"3e3mwsgb9gfqiuxm","time":1612587199,"event":{"mods":["Act Like it!","BaseMod","BetterRewards","Colored Map","Colored Powertips","Downfall","Gensokyo","Hermit","Infinite Spire","Koishi","Marisa????????","Minty Spire (QoL Compilation)","Quick Restart","Reimu??????","Remilia??????","Replay The Spire","Shop Mod","StSLib","SuperFastMode","The Animator","The Bug Knight","The Cursed","The Jungle","The Servant 0.9.4","everything is the same but u backflip on backflip"],"gold_per_floor":[99,109,109,109,127,44,96,111,25,25,53,65,65,255,273,375,375,375,385,265,280,280,49,75,175,175,208,228,528,558,538,554,657,657,557,567,583,596,596,626,650,650,650],"floor_reached":42,"language":"ENG","playtime":1969,"items_purged":["Strike_RM"],"score":539,"play_id":"fcc29be9-e047-4c0d-b30b-83e934013f1f","local_time":"20210205235319","is_ascension_mode":false,"campfire_choices":[{"data":"ScarletShoot","floor":1.0,"key":"SMITH"},{"data":"BloodHunter","floor":10.0,"key":"SMITH"},{"data":"KillingBlow","floor":18.0,"key":"SMITH"},{"data":"infinitespire:Punishment","floor":35.0,"key":"SMITH"}],"circlet_count":0,"master_deck":["Defend_RM","Defend_RM","RedMoon","ScarletShoot+1","VampireClaw","HellCatastrophe","MillenniumVampire","BloodHunter+1","LeisurelyOfLord","BlasphemousPunishment","VampireKiss+1","Stigmanizer","NightDance","StarOfDavid","KillingBlow+1","StarOfDavid+1","HunterOfTheNight","BloodyTrap+1","NightDance+1","infinitespire:Punishment+1","UltimateOffering","ScarletMeister","StarOfDavid+1","EternalNight+1","Gensokyo:LifeSpringInfinity+1","RedRainbow+1"],"relics":["ScarletHat","NeowsBlessing","InkBottle","Meat on the Bone","Potion Belt","Replay:Mystery Machine","Pocketwatch","Coffee Dripper","Gensokyo:FoxMask","Gensokyo:ChorusOfJoy","Pet Ghost","Du-Vu Doll","Mango","The Courier","Old Coin","MealTicket","Black Star","downfall:HeartBlessingGreen","Ornamental Fan","Pantograph","Juzu Bracelet"],"acts_visited":["Gensokyo:Gensokyo","Gensokyo:Gensokyoer","Gensokyo:Gensokyoest"],"potions_floor_usage":[39,39],"damage_taken":[{"damage":0.0,"enemies":"Gensokyo:3_Fairies","floor":2.0,"turns":1.0},{"damage":0.0,"enemies":"Gensokyo:Python","floor":5.0,"turns":1.0},{"damage":0.0,"enemies":"downfall:FleeingMerchant","floor":6.0,"turns":2.0},{"damage":2.0,"enemies":"Gensokyo:Gryphon","floor":8.0,"turns":4.0},{"damage":26.0,"enemies":"Gensokyo:Mamizou","floor":11.0,"turns":8.0},{"damage":5.0,"enemies":"Gensokyo:5_Fairies","floor":12.0,"turns":6.0},{"damage":0.0,"enemies":"Gensokyo:LivingMonolith","floor":15.0,"turns":2.0},{"damage":52.0,"enemies":"IC_STATUS_ARCHETYPE","floor":16.0,"turns":9.0},{"damage":4.0,"enemies":"Gensokyo:3_Dogs","floor":19.0,"turns":3.0},{"damage":7.0,"enemies":"Gensokyo:CosmicMonolith","floor":21.0,"turns":3.0},{"damage":32.0,"enemies":"Gensokyo:CosmicMonolith","floor":25.0,"turns":5.0},{"damage":0.0,"enemies":"Gensokyo:Reisen","floor":27.0,"turns":2.0},{"damage":16.0,"enemies":"Gensokyo:3_Gloops","floor":28.0,"turns":5.0},{"damage":41.0,"enemies":"Nightmare","floor":30.0,"turns":3.0},{"damage":27.0,"enemies":"Gensokyo:Slime_Group","floor":32.0,"turns":2.0},{"damage":56.0,"enemies":"WA_ARCHETYPE_CALM","floor":33.0,"turns":5.0},{"damage":5.0,"enemies":"Gensokyo:AncientGuardian","floor":36.0,"turns":2.0},{"damage":20.0,"enemies":"Gensokyo:3_Bats","floor":37.0,"turns":2.0},{"damage":45.0,"enemies":"Gensokyo:3_Boulders","floor":38.0,"turns":3.0},{"damage":0,"enemies":"Gensokyo:3_Boulders","floor":39,"turns":7},{"damage":57,"enemies":"Nightmare","floor":40,"turns":5},{"damage":37,"enemies":"Gensokyo:Kasen","floor":42,"turns":3}],"seed_played":"-2515281144071485248","potions_obtained":[{"floor":8.0,"key":"Strength Potion"},{"floor":11.0,"key":"champ:CounterPotion"},{"floor":15.0,"key":"Strength Potion"},{"floor":27.0,"key":"Toxic Potion"},{"floor":30.0,"key":"FearPotion"},{"floor":33.0,"key":"Venom Potion"},{"floor":37.0,"key":"Milkshake"}],"is_trial":false,"path_per_floor":["R","M","?","T","M","$","T","M","COS","R","E","M","$","?","M","B",null,"R","M","?","M","?","$","T","?","?","E","M","?","NM","?","M","B",null,"R","M","M","M","?","NM","T","E"],"character_chosen":"REMILIA","items_purchased":["Meat on the Bone","BloodHunter","LeisurelyOfLord","HollowMod:PaleOreRelic"],"campfire_rested":0,"item_purchase_floors":[6,6,6,23],"current_hp_per_floor":[75,75,45,45,45,45,45,48,48,48,39,46,46,46,47,18,78,78,79,79,75,75,75,75,73,73,83,69,69,47,61,46,17,88,88,83,70,42,42,14,14,0,0],"gold":650,"neow_bonus":"THREE_ENEMY_KILL","is_daily":false,"chose_seed":false,"campfire_upgraded":4,"win_rate":0.0,"timestamp":1612587199,"path_taken":["R","M","?","?","M","$","T","M","COS","R","E","M","$","?","M","BOSS","R","M","?","?","?","$","T","?","?","E","M","?","NM","?","M","BOSS","R","M","M","M","?","NM","T","E"],"items_purchased_type":["Relic","Card","Card","Relic"],"build_version":"2020-12-22","purchased_purges":1,"victory":false,"max_hp_per_floor":[75,75,75,75,75,75,75,78,78,78,78,78,78,78,78,78,78,78,81,81,81,81,81,81,95,95,95,95,88,88,88,88,88,88,88,88,91,91,91,91,91,91,91],"card_choices":[{"not_picked":["EndlessAdversity","NightDance"],"picked":"VampireClaw","floor":2.0},{"not_picked":["ScarletDevilSign","ScarletImprint"],"picked":"HellCatastrophe","floor":5.0},{"not_picked":["BlasphemousPunishment","CharismaGuard"],"picked":"MillenniumVampire","floor":6.0},{"not_picked":["FavorOfDestiny","BloodHunter"],"picked":"BlasphemousPunishment","floor":8.0},{"not_picked":["ScarletImprint+1","EndlessAdversity+1"],"picked":"VampireKiss+1","floor":11.0},{"not_picked":["MillenniumVampire","BloodHunter","UnderTheZenith"],"picked":"SKIP","floor":11.0},{"not_picked":["MillenniumVampire","BloodHunter","UnderTheZenith"],"picked":"SKIP","floor":11.0},{"not_picked":["CurseOfVladTepes","RedRainbow"],"picked":"Stigmanizer","floor":12.0},{"not_picked":["MillenniumVampire","ScarletDream"],"picked":"NightDance","floor":14.0},{"not_picked":["VampireKiss","BlasphemousPunishment"],"picked":"StarOfDavid","floor":15.0},{"not_picked":["BatForm","QueenOfMidnight"],"picked":"KillingBlow","floor":16.0},{"not_picked":["VampireSweep","ScarletDream"],"picked":"StarOfDavid+1","floor":19.0},{"not_picked":["ScarletImprint","UnderTheZenith"],"picked":"HunterOfTheNight","floor":21.0},{"not_picked":["DiffusionOfMisfortune","ScarletGensokyo"],"picked":"BloodyTrap+1","floor":25.0},{"not_picked":["BloodAndWine","Septette+1"],"picked":"NightDance+1","floor":27.0},{"not_picked":["ForbiddenFruit","LeisurelyOfLord","BombardNight"],"picked":"SKIP","floor":28.0},{"not_picked":["Replay:Fractal Strike","infinitespire:TheBestDefense"],"picked":"infinitespire:Punishment","floor":30.0},{"not_picked":["ScarletDevilSign","FitfulNightmare"],"picked":"UltimateOffering","floor":30.0},{"not_picked":["UnstableMagic","ScarletGensokyo","StarOfDavid"],"picked":"SKIP","floor":32.0},{"not_picked":["UnstableMagic","ScarletGensokyo","StarOfDavid"],"picked":"SKIP","floor":32.0},{"not_picked":["HellCatastrophe","CeilingFear"],"picked":"ScarletMeister","floor":33.0},{"not_picked":["BombardNight","AfternoonTea"],"picked":"StarOfDavid+1","floor":36.0},{"not_picked":["ScarletDevilSign","DiffusionOfMisfortune"],"picked":"EternalNight+1","floor":37.0},{"not_picked":["UnstableMagic","DiffusionOfMisfortune","StarOfDavid+1"],"picked":"SKIP","floor":38.0},{"not_picked":["Gensokyo:RainbowDanmaku+1","Gensokyo:Dawn+1"],"picked":"Gensokyo:LifeSpringInfinity+1","floor":39},{"not_picked":["EndlessAdversity+1","UnderTheZenith"],"picked":"RedRainbow+1","floor":40}],"player_experience":1351512,"relics_obtained":[{"floor":4.0,"key":"InkBottle"},{"floor":7.0,"key":"Potion Belt"},{"floor":11.0,"key":"Replay:Mystery Machine"},{"floor":24.0,"key":"Pet Ghost"},{"floor":25.0,"key":"Du-Vu Doll"},{"floor":25.0,"key":"Mango"},{"floor":27.0,"key":"The Courier"},{"floor":30.0,"key":"MealTicket"},{"floor":40,"key":"Ornamental Fan"},{"floor":40,"key":"Pantograph"},{"floor":41,"key":"Juzu Bracelet"}],"event_choices":[],"is_beta":false,"boss_relics":[{"not_picked":["Replay:Drink Me","Replay:Bronze Core"],"picked":"Coffee Dripper"},{"not_picked":["Kintsugi","Velvet Choker"],"picked":"Black Star"}],"items_purged_floors":[23],"is_endless":true,"potions_floor_spawned":[8,11,15,27,30,33,37],"killed_by":"Gensokyo:Kasen","ascension_level":0}}