{"host":"hjajo0rafoe1e6c4","time":1612591367,"event":{"mods":["AchievementEnabler","BaseMod","Bestiary","Colored Map","Colored Powertips","Downfall","Highlight Path","Minty Spire (QoL Compilation)","Relic Stats","StSLib"],"gold_per_floor":[99,109,127,145,145,145,198,213,237,251,282,182,197,33,43,144,144,44,60,60,60,76,76,76,89,101,101,49,77,88,103,114,212,212,212,222,34,51,69,119,145,145,145,145,159,259,159,171,184,184,184,215,15,15,15,15],"floor_reached":57,"language":"ENG","playtime":6156,"items_purged":[],"score":1230,"play_id":"140ab8cc-3cb7-47ce-9e93-72c26f84050f","local_time":"20210206010247","is_ascension_mode":false,"campfire_choices":[{"floor":1.0,"key":"RECALL"},{"data":"Guardian:Suspension","floor":12.0,"key":"SMITH"},{"data":"Guardian:Preprogram","floor":18.0,"key":"SMITH"},{"data":"Ghostly","floor":23.0,"key":"SMITH"},{"floor":47.0,"key":"REST"},{"floor":54,"key":"REST"}],"circlet_count":0,"master_deck":["Guardian:Strike_Guardian","Guardian:Defend_Guardian","Guardian:Defend_Guardian","Guardian:Defend_Guardian","Guardian:Defend_Guardian","Guardian:CurlUp","Guardian:TwinSlam+1","Guardian:Suspension+1","Guardian:FloatingOrbs+1","Guardian:RollAttack","Guardian:ShieldCharger","Guardian:Repulse+1","Guardian:Preprogram+1","Guardian:Incinerate","Guardian:ExploitGems","Ghostly+1","Ghostly","Ghostly","Ghostly","Ghostly","Guardian:BronzeArmor+1","Guardian:SpikerProtocol+1","Guardian:VentSteam","Guardian:RefractedBeam","downfall:Aged","Guardian:HyperBeam_Guardian","Guardian:ConstructionForm+1","Guardian:Orbwalk+1","Guardian:CrystalBeam","Guardian:ExploitGems","Guardian:Planning","Guardian:ArmoredProtocol+1","Guardian:ShieldCharger+1","Guardian:RollAttack","Guardian:EvasiveProtocol+1","Guardian:SpikerProtocol+1","Guardian:TemporalStrike","Guardian:PrismaticBeam","Guardian:TemporalStrike","Guardian:BodySlam"],"relics":["Guardian:ModeShifterPlus","Frozen Egg 2","Bronze Scales","Turnip","downfall:HeartBlessingRed","SlaversCollar","downfall:HeartBlessingGreen","Matryoshka","Guardian:PickAxe","Darkstone Periapt","Potion Belt","TungstenRod","Dream Catcher","Boot","Toy Ornithopter","downfall:HeartBlessingBlue","Incense Burner","Centennial Puzzle"],"acts_visited":["TheCity","TheBeyond","TheEnding"],"potions_floor_usage":[55],"damage_taken":[{"damage":0.0,"enemies":"Cultist","floor":2.0,"turns":4.0},{"damage":1.0,"enemies":"Jaw Worm","floor":3.0,"turns":4.0},{"damage":0.0,"enemies":"2 Louse","floor":4.0,"turns":4.0},{"damage":2.0,"enemies":"Blue Slaver","floor":8.0,"turns":4.0},{"damage":6.0,"enemies":"Exordium Wildlife","floor":10.0,"turns":5.0},{"damage":17.0,"enemies":"3 Sentries","floor":11.0,"turns":10.0},{"damage":0.0,"enemies":"3 Louse","floor":13.0,"turns":3.0},{"damage":0.0,"enemies":"downfall:FleeingMerchant","floor":14.0,"turns":4.0},{"damage":15.0,"enemies":"Exordium Thugs","floor":15.0,"turns":4.0},{"damage":5.0,"enemies":"SI_SHIV_ARCHETYPE","floor":16.0,"turns":5.0},{"damage":4.0,"enemies":"Shell Parasite","floor":19.0,"turns":5.0},{"damage":2.0,"enemies":"Cultist and Chosen","floor":22.0,"turns":6.0},{"damage":4.0,"enemies":"Chosen and Byrds","floor":25.0,"turns":7.0},{"damage":0.0,"enemies":"3 Cultists","floor":26.0,"turns":6.0},{"damage":0.0,"enemies":"downfall:FleeingMerchant","floor":28.0,"turns":4.0},{"damage":0.0,"enemies":"Book of Stabbing","floor":29.0,"turns":5.0},{"damage":4.0,"enemies":"Centurion and Healer","floor":30.0,"turns":8.0},{"damage":11.0,"enemies":"Snake Plant","floor":31.0,"turns":4.0},{"damage":4.0,"enemies":"Shelled Parasite and Fungi","floor":32.0,"turns":7.0},{"damage":0.0,"enemies":"DF_ARCHETYPE_CLAW","floor":33.0,"turns":8.0},{"damage":0.0,"enemies":"Orb Walker","floor":36.0,"turns":3.0},{"damage":0.0,"enemies":"downfall:FleeingMerchant","floor":37.0,"turns":4.0},{"damage":0.0,"enemies":"3 Darklings","floor":38.0,"turns":5.0},{"damage":0.0,"enemies":"Maw","floor":39.0,"turns":10.0},{"damage":7.0,"enemies":"Maw","floor":40.0,"turns":8.0},{"damage":14.0,"enemies":"Jaw Worm Horde","floor":45.0,"turns":5.0},{"damage":0.0,"enemies":"downfall:LadyInBlue","floor":46.0,"turns":9.0},{"damage":0,"enemies":"Sphere and 2 Shapes","floor":48,"turns":5},{"damage":0,"enemies":"3 Darklings","floor":49,"turns":4},{"damage":2,"enemies":"IC_BLOCK_ARCHETYPE","floor":50,"turns":11},{"damage":45,"enemies":"downfall:CharBossMerchant","floor":52,"turns":13},{"damage":32,"enemies":"downfall:NeowBoss","floor":55,"turns":13},{"damage":9,"enemies":"downfall:NeowBossFinal","floor":56,"turns":13}],"seed_played":"2492579309664752080","potions_obtained":[{"floor":3.0,"key":"BlessingOfTheForge"},{"floor":8.0,"key":"Block Potion"},{"floor":11.0,"key":"Ancient Potion"},{"floor":13.0,"key":"Guardian:DefensiveModePotion"},{"floor":15.0,"key":"Ancient Potion"},{"floor":19.0,"key":"bronze:BurnAndBuffPotion"},{"floor":30.0,"key":"GamblersBrew"},{"floor":32.0,"key":"Fruit Juice"},{"floor":38.0,"key":"Regen Potion"},{"floor":39.0,"key":"PowerPotion"},{"floor":40.0,"key":"SpeedPotion"},{"floor":43.0,"key":"FairyPotion"},{"floor":43.0,"key":"FairyPotion"},{"floor":45.0,"key":"sneckomod:MuddlingPotion"},{"floor":46.0,"key":"FearPotion"},{"floor":48,"key":"Energy Potion"}],"is_trial":false,"path_per_floor":["R","M","M","M","?","?","T","M","T","M","E","R","M","$","M","B",null,"R","M","?","T","M","R","T","M","M","?","$","E","M","M","M","B",null,"R","M","$","M","M","?","T","R","?","R","M","?","R","M","M","B",null,"E","$","R","B","B",null],"character_chosen":"GUARDIAN","items_purchased":["Guardian:Repulse+1","Guardian:Preprogram","Guardian:Orbwalk+1","Guardian:Gem_Lightblue","Guardian:Planning","FairyPotion","Centennial Puzzle","Guardian:TemporalStrike"],"campfire_rested":2,"item_purchase_floors":[14,14,28,37,37,37,53,53],"current_hp_per_floor":[80,80,79,79,79,76,76,74,74,68,51,51,51,51,36,31,80,80,76,40,40,38,38,38,34,34,40,40,40,36,25,21,26,51,51,51,51,51,51,44,44,44,44,44,30,30,58,58,58,56,61,16,16,34,22,13],"gold":15,"neow_bonus":"UPGRADE_CARD","is_daily":false,"chose_seed":false,"campfire_upgraded":3,"win_rate":0.0,"timestamp":1612591367,"path_taken":["R","M","M","?","?","?","T","M","?","?","E","R","M","$","M","BOSS","R","M","?","?","M","R","T","M","?","?","?","E","M","M","M","BOSS","R","M","$","M","M","?","T","R","?","R","?","?","R","M","M","BOSS","E","$","R","BOSS","BOSS"],"items_purchased_type":["Card","Card","Card","Card","Card","Potion","Relic","Card"],"build_version":"2020-12-22","purchased_purges":0,"victory":true,"max_hp_per_floor":[80,80,80,80,80,80,80,80,80,80,80,80,80,80,80,80,80,80,80,40,40,40,40,40,40,40,46,46,46,46,46,46,51,51,51,51,51,51,51,51,51,51,51,51,51,51,61,61,61,61,61,61,61,61,61,61],"relic_stats":{"Darkstone Periapt":6,"Dream Catcher":2,"Centennial Puzzle":[6],"counters":[33,210],"Bronze Scales":[547],"Turnip":[19],"Boot":[38],"obtain_stats":[{"Darkstone Periapt":24,"Potion Belt":29,"downfall:HeartBlessingRed":12,"Guardian:ModeShifterPlus":34,"Guardian:ModeShifter":0,"downfall:HeartBlessingGreen":18,"Incense Burner":52,"Frozen Egg 2":6,"Boot":41,"Guardian:PickAxe":24,"SlaversCollar":17,"Dream Catcher":41,"Centennial Puzzle":53,"downfall:BrokenWingStatue":5,"Matryoshka":21,"downfall:HeartBlessingBlue":47,"Bronze Scales":7,"Turnip":11,"TungstenRod":40,"Toy Ornithopter":46},{"Darkstone Periapt":12,"Potion Belt":16,"downfall:HeartBlessingRed":6,"Guardian:ModeShifterPlus":20,"Guardian:ModeShifter":0,"downfall:HeartBlessingGreen":10,"Incense Burner":31,"Frozen Egg 2":3,"Boot":25,"Guardian:PickAxe":12,"SlaversCollar":10,"Dream Catcher":25,"Centennial Puzzle":31,"downfall:BrokenWingStatue":3,"Matryoshka":11,"downfall:HeartBlessingBlue":27,"Bronze Scales":3,"Turnip":6,"TungstenRod":25,"Toy Ornithopter":27},{"Darkstone Periapt":58,"Potion Belt":80,"downfall:HeartBlessingRed":31,"Guardian:ModeShifterPlus":107,"Guardian:ModeShifter":0,"downfall:HeartBlessingGreen":47,"Incense Burner":184,"Frozen Egg 2":12,"Boot":137,"Guardian:PickAxe":58,"SlaversCollar":47,"Dream Catcher":137,"Centennial Puzzle":184,"downfall:BrokenWingStatue":12,"Matryoshka":52,"downfall:HeartBlessingBlue":151,"Bronze Scales":12,"Turnip":31,"TungstenRod":137,"Toy Ornithopter":151}],"TungstenRod":20,"Toy Ornithopter":5},"card_choices":[{"not_picked":["Guardian:Incinerate","Guardian:DecasProtection"],"picked":"Guardian:Gem_Purple","floor":2.0},{"not_picked":["Guardian:TimeCapacitor","Guardian:ChargeCore"],"picked":"Guardian:Suspension","floor":3.0},{"not_picked":["Guardian:TemporalStrike","Guardian:ChargeCore"],"picked":"Guardian:Gem_Green","floor":4.0},{"not_picked":["Guardian:PiercingHide","Guardian:SphericShield"],"picked":"Guardian:Gem_Red","floor":8.0},{"not_picked":["Guardian:Planning","Guardian:DonusPower"],"picked":"Guardian:FloatingOrbs+1","floor":10.0},{"not_picked":["Guardian:Gem_Yellow","Guardian:Gem_Lightblue"],"picked":"Guardian:RollAttack","floor":11.0},{"not_picked":["Guardian:Reroute","Guardian:MultiBeam","Guardian:GuardianWhirl"],"picked":"SKIP","floor":13.0},{"not_picked":["Guardian:PiercingHide","Guardian:PrismaticBarrier"],"picked":"Guardian:ShieldCharger","floor":14.0},{"not_picked":["Guardian:PiercingHide","Guardian:Reroute"],"picked":"Guardian:Incinerate","floor":15.0},{"not_picked":["Guardian:StasisField","Guardian:RevengeProtocol+1"],"picked":"Guardian:ExploitGems","floor":16.0},{"not_picked":["Guardian:ShieldSpikes","Guardian:Gem_Green"],"picked":"Guardian:Gem_Lightblue","floor":19.0},{"not_picked":["Guardian:Planning","Guardian:TemporalShield"],"picked":"Guardian:BronzeArmor+1","floor":22.0},{"not_picked":["Guardian:TemporalShield","Guardian:PrimingBeam+1"],"picked":"Guardian:Gem_Yellow","floor":25.0},{"not_picked":["Guardian:Incinerate","Guardian:Planning"],"picked":"Guardian:SpikerProtocol+1","floor":26.0},{"not_picked":["Guardian:WalkerClaw","Guardian:Planning"],"picked":"Guardian:ConstructionForm+1","floor":28.0},{"not_picked":["Guardian:RollAttack","Guardian:Recover"],"picked":"Guardian:Gem_White","floor":29.0},{"not_picked":["Guardian:Gem_Green","Guardian:RefractedBeam+1"],"picked":"Guardian:Gem_Red","floor":30.0},{"not_picked":["Guardian:TimeBomb+1","Guardian:Orbwalk+1"],"picked":"Guardian:CrystalBeam","floor":31.0},{"not_picked":["Guardian:RollAttack","Guardian:TemporalShield"],"picked":"Guardian:Gem_White","floor":32.0},{"not_picked":["Guardian:SphericShield","Guardian:FierceBash"],"picked":"Guardian:ExploitGems","floor":33.0},{"not_picked":["Guardian:Recover+1","Guardian:Gem_Lightblue"],"picked":"Guardian:Gem_Purple","floor":36.0},{"not_picked":["Guardian:Reroute","Guardian:StasisField"],"picked":"Guardian:Gem_White","floor":37.0},{"not_picked":["Guardian:ShieldSpikes+1","Guardian:RollAttack+1"],"picked":"Guardian:ArmoredProtocol+1","floor":38.0},{"not_picked":["Guardian:WalkerClaw+1","Guardian:RollAttack+1"],"picked":"Guardian:ShieldCharger+1","floor":39.0},{"not_picked":["Guardian:GuardianWhirl+1","Guardian:Gem_Green"],"picked":"Guardian:RollAttack","floor":40.0},{"not_picked":["Guardian:Gem_Cyan","Guardian:Incinerate+1"],"picked":"Guardian:EvasiveProtocol+1","floor":45.0},{"not_picked":["Guardian:ShieldCharger","Guardian:Gem_Cyan"],"picked":"Guardian:Gem_White","floor":46.0},{"not_picked":["Guardian:Gem_Red","Guardian:StasisField"],"picked":"Guardian:Gem_Cyan","floor":47.0},{"not_picked":["Guardian:DecasProtection","Guardian:TemporalStrike"],"picked":"Guardian:SpikerProtocol+1","floor":48},{"not_picked":["Guardian:Incinerate+1","Guardian:Preprogram+1"],"picked":"Guardian:TemporalStrike","floor":49},{"not_picked":["Guardian:RollAttack+1","Guardian:Gem_Purple"],"picked":"Guardian:PrismaticBeam","floor":52},{"not_picked":["Guardian:PrimingBeam","Guardian:Gem_Red"],"picked":"Guardian:BodySlam","floor":54}],"player_experience":244068,"relics_obtained":[{"floor":7.0,"key":"Bronze Scales"},{"floor":11.0,"key":"Turnip"},{"floor":21.0,"key":"Matryoshka"},{"floor":24.0,"key":"Guardian:PickAxe"},{"floor":24.0,"key":"Darkstone Periapt"},{"floor":29.0,"key":"Potion Belt"},{"floor":40.0,"key":"TungstenRod"},{"floor":41.0,"key":"Dream Catcher"},{"floor":41.0,"key":"Boot"},{"floor":46.0,"key":"Toy Ornithopter"},{"floor":52,"key":"Incense Burner"}],"event_choices":[{"damage_healed":0.0,"max_hp_gain":0.0,"max_hp_loss":0.0,"gold_gain":0.0,"event_name":"Scrap Ooze","player_choice":"Success","floor":6.0,"gold_loss":0.0,"damage_taken":3.0,"relics_obtained":["Frozen Egg 2"]},{"damage_healed":0.0,"max_hp_gain":0.0,"max_hp_loss":40.0,"gold_gain":0.0,"event_name":"Ghosts","player_choice":"Became a Ghost","floor":20.0,"gold_loss":0.0,"damage_taken":0.0,"cards_obtained":["Ghostly","Ghostly","Ghostly","Ghostly","Ghostly"]},{"damage_healed":0.0,"max_hp_gain":0.0,"max_hp_loss":0.0,"gold_gain":0.0,"event_name":"Lab","player_choice":"Got Potions","floor":43.0,"gold_loss":0.0,"damage_taken":0.0}],"is_beta":false,"boss_relics":[{"not_picked":["Empty Cage","Philosopher\u0027s Stone"],"picked":"SlaversCollar"},{"not_picked":["Velvet Choker","Fusion Hammer"],"picked":"Guardian:ModeShifterPlus"}],"items_purged_floors":[],"is_endless":false,"potions_floor_spawned":[3,8,11,13,15,16,19,22,26,30,32,38,39,40,45,48],"ascension_level":0}}