{"host":"m8enzkhxjf53xqxg","time":1612572619,"event":{"mods":["BaseMod","Hermit","Minty Spire (QoL Compilation)","Prisma Mod","StSLib","The Exalted","The Hierophant","The Servant 0.9.4"],"gold_per_floor":[110,127,127,140,140,140,140],"floor_reached":6,"language":"ENG","playtime":171,"items_purged":[],"score":38,"play_id":"ee1fd836-d224-4e1d-bc1b-b50f9c843ef9","local_time":"20210205165019","is_ascension_mode":true,"campfire_choices":[],"circlet_count":0,"master_deck":["hermit:Strike_Hermit","hermit:Strike_Hermit","hermit:Strike_Hermit","hermit:Strike_Hermit","hermit:Defend_Hermit","hermit:Defend_Hermit","hermit:Defend_Hermit","hermit:Defend_Hermit","hermit:Snapshot","hermit:Covet","hermit:Dive","hermit:Determination","hermit:Virtue","Regret"],"relics":["hermit:Momento","NeowsBlessing","Bromod:ArcanePistoleer","WingedGreaves"],"acts_visited":["Exordium"],"potions_floor_usage":[],"damage_taken":[{"damage":0,"enemies":"Jaw Worm","floor":1,"turns":1},{"damage":0,"enemies":"2 Louse","floor":2,"turns":1},{"damage":0,"enemies":"Cultist","floor":4,"turns":1},{"damage":59,"enemies":"Gremlin Nob","floor":6,"turns":5}],"seed_played":"4856200014587032254","potions_obtained":[{"floor":2,"key":"DuplicationPotion"}],"is_trial":false,"path_per_floor":["M","M","?","M","?","E"],"character_chosen":"HERMIT","items_purchased":[],"campfire_rested":0,"item_purchase_floors":[],"current_hp_per_floor":[75,75,57,57,57,0,0],"gold":140,"neow_bonus":"THREE_ENEMY_KILL","is_daily":false,"chose_seed":false,"campfire_upgraded":0,"win_rate":0.0,"timestamp":1612572619,"path_taken":["M","M","?","M","?","E"],"items_purchased_type":[],"build_version":"2020-12-22","purchased_purges":0,"victory":false,"max_hp_per_floor":[75,75,75,75,75,75,75],"card_choices":[{"not_picked":["hermit:Ricochet","hermit:Coalescence"],"picked":"hermit:Dive","floor":1},{"not_picked":["hermit:ItchyTrigger","hermit:GhostlyPresence"],"picked":"hermit:Determination","floor":2},{"not_picked":["hermit:Coalescence","hermit:Horror"],"picked":"hermit:Virtue","floor":4}],"player_experience":345942,"relics_obtained":[],"event_choices":[{"damage_healed":0,"gold_gain":0,"player_choice":"Success","damage_taken":18,"relics_obtained":["Bromod:ArcanePistoleer"],"max_hp_gain":0,"max_hp_loss":0,"event_name":"Scrap Ooze","floor":3,"gold_loss":0},{"damage_healed":0,"gold_gain":0,"player_choice":"Box","damage_taken":0,"relics_obtained":["WingedGreaves"],"max_hp_gain":0,"max_hp_loss":0,"event_name":"Big Fish","floor":5,"gold_loss":0,"cards_obtained":["Regret"]}],"is_beta":false,"boss_relics":[],"items_purged_floors":[],"is_endless":false,"potions_floor_spawned":[2],"killed_by":"Gremlin Nob","ascension_level":1}}