{"host":"rzvepkyh9344fbo1","time":1612605712,"event":{"mods":["AchievementEnabler","Act Like it!","BaseMod","Colored Map","Colored Powertips","Curses Come First","Downfall","Hermit","Highlight Path","Minty Spire (QoL Compilation)","Replay The Spire","Robot Space Explorer","Shop Mod","StS++","StSLib","The Cursed","The Necromancer"],"gold_per_floor":[115,115,132,144,161,161,189,189,189,203,216,247,260,260,260,362,362,380,400,65,80,99,99,119,119,119],"floor_reached":25,"language":"ENG","playtime":2709,"items_purged":["RobotSpaceExplorer:Ammunition"],"score":269,"play_id":"512b5478-ac82-497c-b2de-e3f28adeca2e","local_time":"20210206210152","is_ascension_mode":false,"campfire_choices":[{"data":"RobotSpaceExplorer:Pulsar","floor":6,"key":"SMITH"},{"data":"RobotSpaceExplorer:ScrapToss","floor":8,"key":"SMITH"},{"data":"RobotSpaceExplorer:Autoloader","floor":15,"key":"SMITH"},{"floor":23,"key":"REST"}],"circlet_count":0,"master_deck":["RobotSpaceExplorer:Strike","RobotSpaceExplorer:Strike","RobotSpaceExplorer:Strike","RobotSpaceExplorer:Defend","RobotSpaceExplorer:Defend","RobotSpaceExplorer:Defend","RobotSpaceExplorer:Defend","RobotSpaceExplorer:Scan","RobotSpaceExplorer:MiniLasers","RobotSpaceExplorer:Pulsar+1","RobotSpaceExplorer:Pulsar","RobotSpaceExplorer:Electropulse","RobotSpaceExplorer:ScrapToss+1","RobotSpaceExplorer:Explosion","RobotSpaceExplorer:Autoloader+1","RobotSpaceExplorer:IronShell","RobotSpaceExplorer:Exploration","CurseOfTheBell","RobotSpaceExplorer:GearShield+1","RobotSpaceExplorer:ToxicBomb","RobotSpaceExplorer:StarLightning","RobotSpaceExplorer:Smokescreen+1","RobotSpaceExplorer:HighVoltage"],"relics":["RobotSpaceExplorer:RoboCore","Gambling Chip","StrikeDummy","Mirror","Calling Bell","Bag of Marbles","StSpp:WoodenPendulum","RobotSpaceExplorer:RingOfTheNewt","Snack Pack"],"acts_visited":["Exordium","TheCity"],"potions_floor_usage":[7,12,16,16,16,25],"damage_taken":[{"damage":0,"enemies":"Small Slimes","floor":1,"turns":5},{"damage":0,"enemies":"Cultist","floor":3,"turns":5},{"damage":0,"enemies":"2 Louse","floor":4,"turns":4},{"damage":2,"enemies":"Blue Slaver","floor":5,"turns":3},{"damage":30,"enemies":"Gremlin Nob","floor":7,"turns":5},{"damage":0,"enemies":"Gremlin Gang","floor":10,"turns":1},{"damage":0,"enemies":"2 Fungi Beasts","floor":11,"turns":3},{"damage":10,"enemies":"Lagavulin","floor":12,"turns":5},{"damage":10,"enemies":"Looter","floor":13,"turns":3},{"damage":0,"enemies":"Fading Forest","floor":16,"turns":11},{"damage":25,"enemies":"2 Thieves","floor":18,"turns":4},{"damage":13,"enemies":"Shell Parasite","floor":19,"turns":6},{"damage":10,"enemies":"Centurion and Healer","floor":21,"turns":4},{"damage":36,"enemies":"Sentry and Sphere","floor":22,"turns":6},{"damage":70,"enemies":"3 Cultists","floor":24,"turns":7},{"damage":18,"enemies":"Gremlin Leader","floor":25,"turns":8}],"seed_played":"-311713190162488293","potions_obtained":[{"floor":5,"key":"Explosive Potion"},{"floor":10,"key":"hexamod:SoulburnPotion"},{"floor":11,"key":"PowerPotion"},{"floor":12,"key":"Adrenaline Potion"},{"floor":14,"key":"EssenceOfSteel"},{"floor":16,"key":"Elixir"},{"floor":22,"key":"FairyPotion"}],"is_trial":false,"path_per_floor":["M","?","M","M","M","R","E","R","T","M","M","E","M","?","R","B",null,"M","M","$","M","M","R","M","E"],"character_chosen":"RobotSpaceExplorer","items_purchased":["Snack Pack"],"campfire_rested":1,"item_purchase_floors":[20],"current_hp_per_floor":[82,82,82,82,80,80,50,50,50,50,50,40,30,30,30,30,82,57,44,44,44,14,38,8,0,0],"gold":119,"neow_bonus":"TEN_PERCENT_HP_BONUS","is_daily":false,"chose_seed":false,"campfire_upgraded":3,"win_rate":0.0,"timestamp":1612605712,"path_taken":["M","?","M","M","M","R","E","R","T","?","?","E","M","?","R","BOSS","M","M","$","M","M","R","?","E"],"items_purchased_type":["Relic"],"build_version":"2020-12-22","purchased_purges":1,"victory":false,"max_hp_per_floor":[82,82,82,82,82,82,82,82,82,82,82,82,82,82,82,82,82,82,82,82,82,82,82,82,82,82],"card_choices":[{"not_picked":["RobotSpaceExplorer:ImprovisedAttack","RobotSpaceExplorer:SwiftStep"],"picked":"RobotSpaceExplorer:Pulsar","floor":1},{"not_picked":["RobotSpaceExplorer:ShockKick","RobotSpaceExplorer:ShovelStrike"],"picked":"RobotSpaceExplorer:Pulsar","floor":3},{"not_picked":["RobotSpaceExplorer:Pulsar","RobotSpaceExplorer:Calculate"],"picked":"RobotSpaceExplorer:Electropulse","floor":4},{"not_picked":["RobotSpaceExplorer:Fix","RobotSpaceExplorer:ScrapToss","RobotSpaceExplorer:SwiftStep"],"picked":"SKIP","floor":5},{"not_picked":["RobotSpaceExplorer:Ammunition","RobotSpaceExplorer:MiniDrones"],"picked":"RobotSpaceExplorer:ScrapToss","floor":7},{"not_picked":["RobotSpaceExplorer:StunGrenade","RobotSpaceExplorer:ImprovisedAttack"],"picked":"RobotSpaceExplorer:Explosion","floor":10},{"not_picked":["RobotSpaceExplorer:Counterblock","RobotSpaceExplorer:ShovelStrike"],"picked":"RobotSpaceExplorer:Ammunition","floor":11},{"not_picked":["RobotSpaceExplorer:ScrapToss","RobotSpaceExplorer:ToxicBomb"],"picked":"RobotSpaceExplorer:Autoloader","floor":12},{"not_picked":["RobotSpaceExplorer:MetalStrike","RobotSpaceExplorer:ShockKick"],"picked":"RobotSpaceExplorer:IronShell","floor":13},{"not_picked":["RobotSpaceExplorer:ShockMissile","RobotSpaceExplorer:Explosion"],"picked":"RobotSpaceExplorer:Exploration","floor":16},{"not_picked":["RobotSpaceExplorer:MiniDrones","RobotSpaceExplorer:SlimeMissile","RobotSpaceExplorer:SurgingStrike","RobotSpaceExplorer:GlueShot+1"],"picked":"RobotSpaceExplorer:GearShield+1","floor":18},{"not_picked":["RobotSpaceExplorer:ScrapMissile","RobotSpaceExplorer:BigMissile","RobotSpaceExplorer:JunkDive","RobotSpaceExplorer:SurgingShield"],"picked":"RobotSpaceExplorer:ToxicBomb","floor":19},{"not_picked":["RobotSpaceExplorer:MetalStrike","RobotSpaceExplorer:SwiftStep","RobotSpaceExplorer:MiniBoosters+1","RobotSpaceExplorer:ImprovisedAttack"],"picked":"RobotSpaceExplorer:StarLightning","floor":21},{"not_picked":["RobotSpaceExplorer:MiniDrones","RobotSpaceExplorer:Counterblock+1","RobotSpaceExplorer:ShockKick+1","RobotSpaceExplorer:DualCore"],"picked":"RobotSpaceExplorer:Smokescreen+1","floor":22},{"not_picked":["RobotSpaceExplorer:SlimeMissile+1","RobotSpaceExplorer:StunGrenade","RobotSpaceExplorer:ImprovisedAttack","RobotSpaceExplorer:MiniDrones+1"],"picked":"RobotSpaceExplorer:HighVoltage","floor":24}],"player_experience":270921,"relics_obtained":[{"floor":7,"key":"Gambling Chip"},{"floor":9,"key":"StrikeDummy"},{"floor":12,"key":"Mirror"},{"floor":17,"key":"Bag of Marbles"},{"floor":17,"key":"StSpp:WoodenPendulum"},{"floor":17,"key":"RobotSpaceExplorer:RingOfTheNewt"}],"event_choices":[{"cards_removed":["RobotSpaceExplorer:Strike"],"damage_healed":0,"gold_gain":0,"player_choice":"Purged","damage_taken":0,"max_hp_gain":0,"max_hp_loss":0,"event_name":"Purifier","floor":2,"gold_loss":0},{"damage_healed":0,"gold_gain":0,"player_choice":"Got Potions","damage_taken":0,"max_hp_gain":0,"max_hp_loss":0,"event_name":"Lab","floor":14,"gold_loss":0}],"is_beta":false,"boss_relics":[{"not_picked":["RobotSpaceExplorer:Reprocessor","StSpp:PileOfSugar"],"picked":"Calling Bell"}],"items_purged_floors":[20],"is_endless":false,"potions_floor_spawned":[5,10,11,12,16,22],"killed_by":"Gremlin Leader","ascension_level":0}}