{"host":"rolltorest","time":1612653283,"event":{"mods":["BaseMod","Minty Spire (QoL Compilation)","Relic Stats","Slay the Relics Exporter","StSLib"],"gold_per_floor":[113,38,51,68,95,130,130,130,130,52,62,80,105,105,105,182,182,194,194,211,211,56,90,90,90,90,103,103,103,128,146,146,146,146],"floor_reached":33,"language":"ENG","playtime":647,"items_purged":["Strike_G"],"score":686,"play_id":"b1600a91-f559-4765-a85b-4bb12f94638b","local_time":"20210206151443","is_ascension_mode":true,"campfire_choices":[{"floor":7,"key":"REST"},{"data":"Glass Knife","floor":15,"key":"SMITH"},{"floor":25,"key":"REST"},{"floor":29,"key":"REST"},{"floor":32,"key":"REST"}],"circlet_count":0,"master_deck":["AscendersBane","Strike_G","Strike_G","Strike_G","Defend_G","Defend_G","Defend_G","Defend_G","Defend_G","Survivor","Neutralize","Eviscerate+1","Poisoned Stab","Crippling Poison","Glass Knife+1","Terror","Glass Knife","Writhe","Well Laid Plans","Dash","Footwork","RitualDagger","Concentrate+1","Reflex+1"],"relics":["Ring of the Snake","Pen Nib","Regal Pillow","Juzu Bracelet","Toy Ornithopter","Du-Vu Doll","Philosopher\u0027s Stone","Boot","MutagenicStrength","Bottled Flame","Letter Opener","Ice Cream","Centennial Puzzle"],"acts_visited":["Exordium","TheCity"],"potions_floor_usage":[13,20,23],"damage_taken":[{"damage":0,"enemies":"2 Louse","floor":1,"turns":3},{"damage":0,"enemies":"Jaw Worm","floor":3,"turns":2},{"damage":4,"enemies":"Small Slimes","floor":4,"turns":4},{"damage":50,"enemies":"Gremlin Nob","floor":6,"turns":5},{"damage":11,"enemies":"Exordium Wildlife","floor":11,"turns":4},{"damage":4,"enemies":"Blue Slaver","floor":12,"turns":3},{"damage":10,"enemies":"Lagavulin","floor":13,"turns":4},{"damage":0,"enemies":"Slime Boss","floor":16,"turns":3},{"damage":11,"enemies":"Shell Parasite","floor":18,"turns":3},{"damage":12,"enemies":"3 Byrds","floor":20,"turns":2},{"damage":35,"enemies":"Book of Stabbing","floor":23,"turns":4},{"damage":7,"enemies":"Cultist and Chosen","floor":27,"turns":4},{"damage":16,"enemies":"Slavers","floor":30,"turns":5},{"damage":9,"enemies":"Snecko","floor":31,"turns":4},{"damage":72,"enemies":"Champ","floor":33,"turns":6}],"seed_played":"9089480780990036188","potions_obtained":[{"floor":3,"key":"LiquidBronze"},{"floor":6,"key":"FearPotion"},{"floor":16,"key":"LiquidMemories"},{"floor":20,"key":"Explosive Potion"},{"floor":23,"key":"SpeedPotion"}],"is_trial":false,"path_per_floor":["M","?","M","M","T","E","R","?","T","$","M","M","E","?","R","B",null,"M","?","M","?","$","E","T","R","T","M","?","R","E","M","R","B"],"character_chosen":"THE_SILENT","items_purchased":["Glass Knife","Dash"],"campfire_rested":4,"item_purchase_floors":[10,22],"current_hp_per_floor":[59,59,59,55,55,5,39,39,39,39,28,24,19,19,19,19,54,43,43,36,36,36,6,6,40,40,33,27,61,45,36,66,0,0],"gold":146,"neow_bonus":"RANDOM_COMMON_RELIC","is_daily":false,"chose_seed":false,"campfire_upgraded":1,"win_rate":0.0,"timestamp":1612653283,"path_taken":["M","?","M","M","?","E","R","?","T","$","M","M","E","?","R","BOSS","M","?","M","?","?","E","?","R","T","M","?","R","E","M","R","BOSS"],"items_purchased_type":["Card","Card"],"build_version":"2020-12-18","purchased_purges":1,"victory":false,"max_hp_per_floor":[66,66,66,66,66,66,66,66,66,66,66,66,66,66,66,66,66,66,66,66,66,66,66,66,66,66,66,66,66,66,66,66,66,66],"relic_stats":{"Regal Pillow":56,"Centennial Puzzle":[6],"counters":[15,56],"Pen Nib":[10],"Juzu Bracelet":1,"Letter Opener":[5],"Boot":[8],"obtain_stats":[{"Ice Cream":26,"Regal Pillow":5,"Pen Nib":0,"Juzu Bracelet":6,"Letter Opener":24,"Boot":19,"Du-Vu Doll":13,"Bottled Flame":23,"Centennial Puzzle":30,"MutagenicStrength":21,"Philosopher\u0027s Stone":17,"Toy Ornithopter":9,"Ring of the Snake":0},{"Ice Cream":11,"Regal Pillow":3,"Pen Nib":0,"Juzu Bracelet":4,"Letter Opener":11,"Boot":9,"Du-Vu Doll":7,"Bottled Flame":11,"Centennial Puzzle":13,"MutagenicStrength":10,"Philosopher\u0027s Stone":8,"Toy Ornithopter":4,"Ring of the Snake":0},{"Ice Cream":37,"Regal Pillow":9,"Pen Nib":0,"Juzu Bracelet":14,"Letter Opener":37,"Boot":31,"Du-Vu Doll":25,"Bottled Flame":37,"Centennial Puzzle":46,"MutagenicStrength":33,"Philosopher\u0027s Stone":28,"Toy Ornithopter":14,"Ring of the Snake":0}],"Toy Ornithopter":15,"Ring of the Snake":[30]},"card_choices":[{"not_picked":["Cloak And Dagger","PiercingWail"],"picked":"Eviscerate","floor":1},{"not_picked":["Distraction","Bouncing Flask","Backflip"],"picked":"SKIP","floor":3},{"not_picked":["Bane","Cloak And Dagger"],"picked":"Poisoned Stab","floor":4},{"not_picked":["Deflect","Prepared"],"picked":"Crippling Poison","floor":6},{"not_picked":["Sucker Punch","Poisoned Stab","Deflect"],"picked":"SKIP","floor":11},{"not_picked":["Flying Knee","Deflect","Acrobatics"],"picked":"SKIP","floor":12},{"not_picked":["Escape Plan","Sucker Punch"],"picked":"Terror","floor":13},{"not_picked":["Tools of the Trade","Unload"],"picked":"Glass Knife","floor":16},{"not_picked":["Deflect","Bouncing Flask","Outmaneuver"],"picked":"SKIP","floor":18},{"not_picked":["Cloak And Dagger+1","Deadly Poison"],"picked":"Well Laid Plans","floor":20},{"not_picked":["Storm of Steel","Deflect"],"picked":"Footwork","floor":23},{"not_picked":["Underhanded Strike","Endless Agony","Acrobatics"],"picked":"SKIP","floor":27},{"not_picked":["Dash","Bouncing Flask"],"picked":"Concentrate+1","floor":30},{"not_picked":["Poisoned Stab","Flying Knee"],"picked":"Reflex+1","floor":31}],"player_experience":1897565,"relics_obtained":[{"floor":5,"key":"Regal Pillow"},{"floor":6,"key":"Juzu Bracelet"},{"floor":9,"key":"Toy Ornithopter"},{"floor":13,"key":"Du-Vu Doll"},{"floor":23,"key":"Bottled Flame"},{"floor":24,"key":"Letter Opener"},{"floor":26,"key":"Ice Cream"},{"floor":30,"key":"Centennial Puzzle"}],"event_choices":[{"cards_removed":["Strike_G"],"damage_healed":0,"gold_gain":0,"player_choice":"Card Removal","damage_taken":0,"max_hp_gain":0,"max_hp_loss":0,"event_name":"The Cleric","floor":2,"gold_loss":75},{"damage_healed":0,"gold_gain":0,"player_choice":"Fled","damage_taken":0,"max_hp_gain":0,"max_hp_loss":0,"event_name":"Scrap Ooze","floor":8,"gold_loss":0},{"damage_healed":0,"gold_gain":0,"player_choice":"Grow","damage_taken":0,"max_hp_gain":0,"max_hp_loss":0,"event_name":"Living Wall","floor":14,"gold_loss":0,"cards_upgraded":["Eviscerate"]},{"damage_healed":0,"gold_gain":0,"player_choice":"Opened","damage_taken":0,"relics_obtained":["Boot"],"max_hp_gain":0,"max_hp_loss":0,"event_name":"The Mausoleum","floor":19,"gold_loss":0,"cards_obtained":["Writhe"]},{"damage_healed":0,"gold_gain":0,"player_choice":"Inject Mutagens","damage_taken":0,"relics_obtained":["MutagenicStrength"],"max_hp_gain":0,"max_hp_loss":0,"event_name":"Drug Dealer","floor":21,"gold_loss":0},{"damage_healed":0,"gold_gain":0,"player_choice":"Joined the Cult","damage_taken":6,"max_hp_gain":0,"max_hp_loss":0,"event_name":"Nest","floor":28,"gold_loss":0,"cards_obtained":["RitualDagger"]}],"is_beta":true,"boss_relics":[{"not_picked":["Empty Cage","Snecko Eye"],"picked":"Philosopher\u0027s Stone"}],"items_purged_floors":[22],"is_endless":false,"potions_floor_spawned":[3,6,16,20,23,27,31],"killed_by":"Champ","ascension_level":20}}