{"host":"w6ebodudjlk2jwu4","time":1612604997,"event":{"mods":["Act Like it!","Bard","BaseMod","Beaked The Cultist","Colored Map","Glutton Mod","Hermit","Highlight Path","Infinite Spire","Jorbs\u0027s Wanderer Trilogy","Koishi","Mad Scientist","Marisa????????","Minty Spire (QoL Compilation)","Relic Stats","Replay The Spire","Robot Space Explorer","StSLib","The Administrix","The Blue Laboratory","The Bug Knight","The Construct","The Cursed","The Marked","The Mystic","The Servant 0.9.4","The Witch","Wandering Minibosses"],"gold_per_floor":[116,135,145,161,161,192,192,4,27,44,44,61,61,88,100,217,229,221,158,170,200,223,260,272,296,308,339,378,390,40,60,60,165,165,178,178,195,56,75,75,101,116,116,53,79,92,103,119,119,119],"floor_reached":51,"language":"ENG","playtime":5296,"items_purged":["Strike_Witch","Defend_Witch","Defend_Witch","Sickly"],"score":788,"play_id":"ef398167-987e-47b9-a787-4d5dbd489cc1","local_time":"20210206014957","is_ascension_mode":false,"campfire_choices":[{"floor":11.0,"key":"REST"},{"floor":15.0,"key":"REST"},{"data":"KarmaDrain","floor":24,"key":"SMITH"},{"data":"TrollsBlood","floor":29,"key":"SMITH"},{"data":"GrimVengeance","floor":32,"key":"SMITH"},{"data":"infinitespire:SevenWalls","floor":40,"key":"SMITH"},{"floor":49,"key":"REST"}],"circlet_count":0,"master_deck":["Strike_Witch+1","Strike_Witch","Hexguard","ZombieSpit+1","SkullFlask","GrimVengeance","SoulBarrier","CrystalResonance","TrollsBlood+1","BlackShield+1","MementoMori","SaltCircle+1","SaltCircle","MercuryWand","BloodSabbath","Bewitch","Puncture+1","KarmaDrain+1","infinitespire:Gouge","CorruptBlood","SummonBatFamiliar+1","Overencumbered","GrimVengeance","DireShriek","GrimVengeance+1","GnarledBody+1","UnluckySeven","Shrooms","infinitespire:SevenWalls+1","beaked:Ceremony","Harmlessness","Schadenfreude","Finesse","RoilingBarrier","RoilingBarrier","TwistedMind","GrimVengeance","PlagueSpreader","CursedBlade+1","SaltCircle+1","Schadenfreude+1"],"relics":["BlackCat","Gremlin Food","Membership Card","Centennial Puzzle","ReplayTheSpireMod:Lightbulb","MawBank","Cursed Key","Replay:Towering Pillar of Hats","Mercury Hourglass","Replay:Bottled Flurry","Mummified Hand","Replay:Bottled Steam","Black Star","ToyHorse","BargainBundle","Replay:Bottled Snecko","Potion Belt","Molten Egg 2","Pet Ghost","Bottled Tornado"],"acts_visited":["Exordium","TheCity","TheBeyond"],"potions_floor_usage":[22,33,45,47,50],"damage_taken":[{"damage":0.0,"enemies":"Jaw Worm","floor":1.0,"turns":4.0},{"damage":0.0,"enemies":"2 Louse","floor":2.0,"turns":2.0},{"damage":4.0,"enemies":"Cultist","floor":3.0,"turns":4.0},{"damage":7.0,"enemies":"Looter","floor":4.0,"turns":5.0},{"damage":24.0,"enemies":"Lagavulin","floor":6.0,"turns":10.0},{"damage":3.0,"enemies":"2 Fungi Beasts","floor":10.0,"turns":5.0},{"damage":12.0,"enemies":"Exordium Thugs","floor":12.0,"turns":6.0},{"damage":27.0,"enemies":"Gremlin Nob","floor":14.0,"turns":5.0},{"damage":4.0,"enemies":"Hexaghost","floor":16.0,"turns":14.0},{"damage":5.0,"enemies":"2 Thieves","floor":18.0,"turns":4.0},{"damage":3,"enemies":"3 Byrds","floor":21,"turns":6},{"damage":13,"enemies":"Shelled Parasite and Fungi","floor":22,"turns":5},{"damage":9,"enemies":"Nightmare","floor":23,"turns":12},{"damage":1,"enemies":"Snecko","floor":25,"turns":7},{"damage":6,"enemies":"Chosen and Byrds","floor":27,"turns":7},{"damage":0,"enemies":"Gremlin Leader","floor":28,"turns":6},{"damage":2,"enemies":"Snake Plant","floor":31,"turns":3},{"damage":10,"enemies":"Champ","floor":33,"turns":12},{"damage":18,"enemies":"3 Shapes","floor":35,"turns":5},{"damage":0,"enemies":"Orb Walker","floor":37,"turns":4},{"damage":0,"enemies":"Transient","floor":39,"turns":5},{"damage":14,"enemies":"Reptomancer","floor":41,"turns":9},{"damage":0,"enemies":"3 Darklings","floor":42,"turns":5},{"damage":5,"enemies":"Nightmare","floor":45,"turns":8},{"damage":8,"enemies":"Spire Growth","floor":46,"turns":5},{"damage":7,"enemies":"Jaw Worm Horde","floor":47,"turns":4},{"damage":0,"enemies":"Transient","floor":48,"turns":5},{"damage":14,"enemies":"Time Eater","floor":50,"turns":7}],"seed_played":"-74009352329736495","potions_obtained":[{"floor":2.0,"key":"PowerPotion"},{"floor":3.0,"key":"blueLaboratory:LouseDecoction"},{"floor":12.0,"key":"Dexterity Potion"},{"floor":14.0,"key":"blueLaboratory:PhilterOfMotion"},{"floor":18,"key":"infinitespire:BlackPotion"},{"floor":21,"key":"blueLaboratory:FruitPunch"},{"floor":25,"key":"Reflective Coating"},{"floor":33,"key":"blueLaboratory:BottleOfVodka"},{"floor":37,"key":"Adrenaline Potion"},{"floor":41,"key":"blueLaboratory:BottleOfRum"},{"floor":42,"key":"Ancient Potion"},{"floor":48,"key":"ColorlessPotion"}],"is_trial":false,"path_per_floor":["M","M","M","M","?","E","?","$","T","M","R","M","?","E","R","B",null,"M","?","?","M","M","NM","R","M","T","M","E","R","$","M","R","B",null,"M","AVR","M","$","M","R","E","M","T","$","NM","M","M","M","R","B",null],"character_chosen":"WITCH","items_purchased":["Membership Card","BlackShield+1","MementoMori","DireShriek","GrimVengeance","Mummified Hand","Replay:Bottled Steam","Schadenfreude","BargainBundle","Finesse","RoilingBarrier"],"campfire_rested":3,"item_purchase_floors":[8,8,8,30,30,30,30,38,38,38,38],"current_hp_per_floor":[73,73,69,62,62,38,38,38,38,39,60,53,50,26,47,53,73,71,71,71,68,61,59,59,64,64,64,66,66,66,64,64,63,75,61,61,61,61,63,63,55,58,58,58,58,53,49,54,75,63],"gold":119,"neow_bonus":"TEN_PERCENT_HP_BONUS","is_daily":false,"chose_seed":false,"campfire_upgraded":4,"win_rate":0.0,"timestamp":1612604997,"path_taken":["M","M","M","M","?","E","?","$","T","?","R","M","?","E","R","BOSS","M","?","?","M","M","NM","R","M","T","M","E","R","$","?","R","BOSS","M","AVR","M","$","?","R","E","M","T","$","NM","M","M","M","R","BOSS"],"items_purchased_type":["Relic","Card","Card","Card","Card","Relic","Relic","Card","Relic","Card","Card"],"build_version":"2020-12-22","purchased_purges":4,"victory":true,"max_hp_per_floor":[73,73,73,73,73,73,73,73,73,73,73,73,73,73,73,73,73,73,73,73,73,75,75,75,75,75,75,75,75,75,75,75,75,75,75,75,75,75,75,75,75,75,75,75,75,75,75,75,75,75],"relic_stats":{"Centennial Puzzle":[70],"counters":[28,174],"Mummified Hand":[94],"Black Star":2,"MawBank":192,"Cursed Key":2,"obtain_stats":[{"Gremlin Food":6,"Potion Belt":41,"BargainBundle":38,"Replay:Towering Pillar of Hats":23,"ToyHorse":36,"Bottled Tornado":45,"MawBank":14,"Cursed Key":17,"BlackCat":0,"Pet Ghost":45,"Mercury Hourglass":26,"Centennial Puzzle":9,"Mummified Hand":30,"Molten Egg 2":43,"Replay:Bottled Flurry":28,"Black Star":34,"Membership Card":8,"Replay:Bottled Snecko":41,"ReplayTheSpireMod:Lightbulb":13,"Replay:Bottled Steam":30},{"Gremlin Food":5,"Potion Belt":22,"BargainBundle":20,"Replay:Towering Pillar of Hats":13,"ToyHorse":19,"Bottled Tornado":24,"MawBank":8,"Cursed Key":9,"BlackCat":0,"Pet Ghost":24,"Mercury Hourglass":14,"Centennial Puzzle":5,"Mummified Hand":16,"Molten Egg 2":23,"Replay:Bottled Flurry":16,"Black Star":18,"Membership Card":5,"Replay:Bottled Snecko":22,"ReplayTheSpireMod:Lightbulb":7,"Replay:Bottled Steam":16},{"Gremlin Food":25,"Potion Belt":140,"BargainBundle":126,"Replay:Towering Pillar of Hats":82,"ToyHorse":122,"Bottled Tornado":153,"MawBank":41,"Cursed Key":55,"BlackCat":0,"Pet Ghost":153,"Mercury Hourglass":89,"Centennial Puzzle":25,"Mummified Hand":102,"Molten Egg 2":145,"Replay:Bottled Flurry":102,"Black Star":117,"Membership Card":25,"Replay:Bottled Snecko":140,"ReplayTheSpireMod:Lightbulb":36,"Replay:Bottled Steam":102}],"Mercury Hourglass":[316]},"card_choices":[{"not_picked":["Puncture","Bewitch"],"picked":"SkullFlask","floor":1.0},{"not_picked":["BlackBolt","GhoulTouch"],"picked":"GrimVengeance","floor":2.0},{"not_picked":["Bewitch","BlackBolt"],"picked":"SoulBarrier","floor":3.0},{"not_picked":["Bewitch","BoneCarving"],"picked":"CrystalResonance","floor":4.0},{"not_picked":["SummonOwlFamiliar","RiteOfWinter"],"picked":"TrollsBlood","floor":6.0},{"not_picked":["WretchedNails","SoulBarrier"],"picked":"SaltCircle","floor":10.0},{"not_picked":["Foresight","NighInvulnerability"],"picked":"SaltCircle","floor":12.0},{"not_picked":["SoulBarrier","Decrepify"],"picked":"MercuryWand","floor":14.0},{"not_picked":["EternalThirst","RustWall"],"picked":"BloodSabbath","floor":16.0},{"not_picked":["SkullFlask","Broomstick"],"picked":"Bewitch","floor":18},{"not_picked":["LivingBomb","WretchedNails"],"picked":"Puncture+1","floor":21},{"not_picked":["Thundercloud","MementoMori+1"],"picked":"KarmaDrain","floor":22},{"not_picked":["ReplayTheSpireMod:??????????????????????","ReplayTheSpireMod:Black Plague"],"picked":"infinitespire:Gouge","floor":23},{"not_picked":["SoulBarrier","Bewitch"],"picked":"CorruptBlood","floor":23},{"not_picked":["WretchedNails+1","Bewitch"],"picked":"SummonBatFamiliar+1","floor":25},{"not_picked":["Puncture","Thundercloud","MagicFang"],"picked":"SKIP","floor":27},{"not_picked":["CorruptBlood","SkullFlask"],"picked":"GrimVengeance","floor":28},{"not_picked":["FatalRay","BoneCarving+1"],"picked":"GnarledBody+1","floor":31},{"not_picked":["DeliriumForm","Graveburst"],"picked":"UnluckySeven","floor":33},{"not_picked":["Bewitch","SummonCatFamiliar"],"picked":"Shrooms","floor":35},{"not_picked":["PlagueSpreader","Decrepify"],"picked":"Harmlessness","floor":37},{"not_picked":["RiteOfSummer+1","MercuryWand"],"picked":"TwistedMind","floor":39},{"not_picked":["BloodSabbath","WickedThoughts"],"picked":"GrimVengeance","floor":41},{"not_picked":["Pillage+1","Atonement"],"picked":"PlagueSpreader","floor":42},{"not_picked":["Demonfyre+1","SkullFlask+1"],"picked":"CursedBlade+1","floor":45},{"not_picked":["BoneCarving+1","SummonRatFamiliar+1"],"picked":"SaltCircle+1","floor":46},{"not_picked":["RoilingBarrier+1","Demonfyre+1"],"picked":"Schadenfreude+1","floor":47},{"not_picked":["BleedOut+1","LivingBomb+1","NighInvulnerability"],"picked":"SKIP","floor":48}],"player_experience":170303,"relics_obtained":[{"floor":6.0,"key":"Gremlin Food"},{"floor":9.0,"key":"Centennial Puzzle"},{"floor":14.0,"key":"MawBank"},{"floor":23,"key":"Replay:Towering Pillar of Hats"},{"floor":26,"key":"Mercury Hourglass"},{"floor":28,"key":"Replay:Bottled Flurry"},{"floor":41,"key":"Replay:Bottled Snecko"},{"floor":41,"key":"Potion Belt"},{"floor":43,"key":"Molten Egg 2"},{"floor":45,"key":"Pet Ghost"},{"floor":45,"key":"Bottled Tornado"}],"event_choices":[{"damage_healed":0.0,"max_hp_gain":0.0,"max_hp_loss":0.0,"gold_gain":0.0,"event_name":"Scrap Ooze","player_choice":"Success","floor":13.0,"gold_loss":0.0,"damage_taken":3.0,"relics_obtained":["ReplayTheSpireMod:Lightbulb"]},{"cards_removed":["Strike_Witch"],"damage_healed":0,"gold_gain":0,"player_choice":"Gave Gold","damage_taken":0,"max_hp_gain":0,"max_hp_loss":0,"event_name":"Beggar","floor":19,"gold_loss":75},{"cards_removed":["Defend_Witch"],"damage_healed":0,"gold_gain":0,"player_choice":"Offered Basic","damage_taken":0,"max_hp_gain":0,"max_hp_loss":0,"event_name":"Bonfire Elementals","floor":20,"gold_loss":0}],"is_beta":false,"boss_relics":[{"not_picked":["beaked:SacredDeck","Ring of Chaos"],"picked":"Cursed Key"},{"not_picked":["Busted Crown","Empty Cage"],"picked":"Black Star"}],"items_purged_floors":[30,36,38,44],"is_endless":false,"potions_floor_spawned":[2,3,12,14,18,21,25,33,37,41,42,48],"ascension_level":0}}