{"host":"49pjgf1q9ev52n8z","time":1612602024,"event":{"mods":["BaseMod","Bestiary","Colored Map","Keyboard Shortcuts","Minty Spire (QoL Compilation)","Practice Mode","Relic Stats","StSLib"],"gold_per_floor":[18,34,47,64,76,76,105,117,141,141,130,163,163,183,183,280,280,293,303,303,333,333,366,366,366,366],"floor_reached":25,"language":"ENG","playtime":1552,"items_purged":[],"score":282,"play_id":"4f3f4976-ad79-473a-9568-6f9e35eaf6c9","local_time":"20210206010024","is_ascension_mode":true,"campfire_choices":[{"data":"Bash","floor":6.0,"key":"SMITH"},{"floor":10.0,"key":"REST"},{"data":"Rupture","floor":13.0,"key":"SMITH"},{"data":"Pommel Strike","floor":15.0,"key":"SMITH"},{"floor":24,"key":"REST"}],"circlet_count":0,"master_deck":["Strike_R","Strike_R","Strike_R","Defend_R","Defend_R","Defend_R","Bash+1","The Bomb","Dropkick","Bloodletting","Pommel Strike+1","Rupture+1","Flame Barrier","Flame Barrier","Headbutt","Iron Wave","Bludgeon","Demon Form+1","Heavy Blade+1","Sentinel+1","Seeing Red","True Grit","Limit Break","Armaments+1","Shrug It Off+1"],"relics":["Burning Blood","Ancient Tea Set","Potion Belt","InkBottle","Astrolabe","Red Mask","Lantern"],"acts_visited":["Exordium","TheCity"],"potions_floor_usage":[16,19,21,23],"damage_taken":[{"damage":5.0,"enemies":"Small Slimes","floor":1.0,"turns":3.0},{"damage":13.0,"enemies":"2 Louse","floor":2.0,"turns":3.0},{"damage":5.0,"enemies":"Jaw Worm","floor":3.0,"turns":2.0},{"damage":9.0,"enemies":"Blue Slaver","floor":4.0,"turns":4.0},{"damage":27.0,"enemies":"3 Louse","floor":5.0,"turns":4.0},{"damage":13.0,"enemies":"Lagavulin","floor":7.0,"turns":5.0},{"damage":3.0,"enemies":"Exordium Wildlife","floor":8.0,"turns":3.0},{"damage":4.0,"enemies":"Exordium Thugs","floor":11.0,"turns":4.0},{"damage":26.0,"enemies":"3 Sentries","floor":12.0,"turns":6.0},{"damage":0.0,"enemies":"Blue Slaver","floor":14.0,"turns":4.0},{"damage":26,"enemies":"The Guardian","floor":16,"turns":11},{"damage":16,"enemies":"Spheric Guardian","floor":18,"turns":4},{"damage":13,"enemies":"Chosen","floor":19,"turns":6},{"damage":20,"enemies":"Masked Bandits","floor":21,"turns":3},{"damage":54,"enemies":"Book of Stabbing","floor":23,"turns":6},{"damage":44,"enemies":"Shelled Parasite and Fungi","floor":25,"turns":10}],"seed_played":"-2716690585692827544","potions_obtained":[{"floor":2.0,"key":"DuplicationPotion"},{"floor":4.0,"key":"PowerPotion"},{"floor":5.0,"key":"Weak Potion"},{"floor":7.0,"key":"Block Potion"},{"floor":16,"key":"BloodPotion"},{"floor":19,"key":"SpeedPotion"},{"floor":23,"key":"Energy Potion"}],"is_trial":false,"path_per_floor":["M","M","M","M","M","R","E","M","T","R","M","E","R","M","R","B",null,"M","M","?","?","?","E","R","M"],"character_chosen":"IRONCLAD","items_purchased":[],"campfire_rested":2,"item_purchase_floors":[],"current_hp_per_floor":[80,73,74,71,50,50,43,46,46,70,72,52,52,58,58,38,80,70,63,63,49,49,17,41,0,0],"gold":366,"neow_bonus":"RANDOM_COLORLESS_2","is_daily":false,"chose_seed":false,"campfire_upgraded":3,"win_rate":0.0,"timestamp":1612602024,"path_taken":["M","M","M","M","M","R","E","M","T","R","M","E","R","M","R","BOSS","M","M","?","?","?","E","R","?"],"items_purchased_type":[],"build_version":"2020-12-22","purchased_purges":0,"victory":false,"max_hp_per_floor":[80,80,80,80,80,80,80,80,80,80,80,80,80,80,80,80,80,80,80,80,80,80,80,80,80,80],"relic_stats":{"counters":[16,78],"Astrolabe":["Demon Form","Heavy Blade","Sentinel"],"obtain_stats":[{"Potion Belt":9,"Lantern":23,"Astrolabe":17,"Red Mask":21,"Ancient Tea Set":7,"Burning Blood":0,"InkBottle":12},{"Potion Belt":7,"Lantern":15,"Astrolabe":11,"Red Mask":14,"Ancient Tea Set":6,"Burning Blood":0,"InkBottle":9},{"Potion Belt":24,"Lantern":68,"Astrolabe":49,"Red Mask":62,"Ancient Tea Set":21,"Burning Blood":0,"InkBottle":34}],"Burning Blood":89,"InkBottle":[11]},"card_choices":[{"not_picked":["Sadistic Nature","Apotheosis"],"picked":"The Bomb","floor":0.0},{"not_picked":["Armaments","True Grit"],"picked":"Dropkick","floor":1.0},{"not_picked":["Rupture","Cleave"],"picked":"Bloodletting","floor":2.0},{"not_picked":["Shrug It Off","Warcry"],"picked":"Pommel Strike","floor":3.0},{"not_picked":["True Grit","Heavy Blade"],"picked":"Rupture","floor":4.0},{"not_picked":["Power Through","Exhume"],"picked":"Flame Barrier","floor":5.0},{"not_picked":["Clothesline","Combust"],"picked":"Flame Barrier","floor":7.0},{"not_picked":["Warcry","Shockwave","Havoc"],"picked":"SKIP","floor":8.0},{"not_picked":["Heavy Blade","Sword Boomerang"],"picked":"Headbutt","floor":11.0},{"not_picked":["Flex","Heavy Blade"],"picked":"Iron Wave","floor":12.0},{"not_picked":["Havoc","Headbutt","Anger"],"picked":"SKIP","floor":14.0},{"not_picked":["Barricade","Brutality"],"picked":"Bludgeon","floor":16},{"not_picked":["Flex","Headbutt"],"picked":"Seeing Red","floor":18},{"not_picked":["Anger","Clash"],"picked":"True Grit","floor":19},{"not_picked":["Perfected Strike","Havoc"],"picked":"Armaments+1","floor":21},{"not_picked":["Sword Boomerang","Demon Form"],"picked":"Shrug It Off+1","floor":23}],"player_experience":757695,"relics_obtained":[{"floor":7.0,"key":"Ancient Tea Set"},{"floor":9.0,"key":"Potion Belt"},{"floor":12.0,"key":"InkBottle"},{"floor":21,"key":"Red Mask"},{"floor":23,"key":"Lantern"}],"event_choices":[{"damage_healed":0,"gold_gain":0,"player_choice":"Read","damage_taken":0,"max_hp_gain":0,"max_hp_loss":0,"event_name":"The Library","floor":20,"gold_loss":0,"cards_obtained":["Limit Break"]},{"damage_healed":0,"gold_gain":0,"player_choice":"Fought Bandits","damage_taken":0,"max_hp_gain":0,"max_hp_loss":0,"event_name":"Masked Bandits","floor":21,"gold_loss":0},{"damage_healed":0,"gold_gain":0,"player_choice":"Ignored","damage_taken":0,"max_hp_gain":0,"max_hp_loss":0,"event_name":"Cursed Tome","floor":22,"gold_loss":0}],"is_beta":false,"boss_relics":[{"not_picked":["Coffee Dripper","Busted Crown"],"picked":"Astrolabe"}],"items_purged_floors":[],"is_endless":false,"potions_floor_spawned":[2,4,5,7,16,19,23],"killed_by":"Shelled Parasite and Fungi","ascension_level":4}}