{"host":"2lo6hma6kymb0g9i","time":1612630488,"event":{"mods":["BaseMod","Colored Map","DeckTracker","Minty Spire (QoL Compilation)"],"gold_per_floor":[109,109,109,109,124,124,149,149,149,161,175,197,214,5,5,5,5],"floor_reached":16,"language":"JPN","playtime":766,"items_purged":[],"score":250,"play_id":"94c472ba-661e-4c3f-8e5b-c8f41a4628fc","local_time":"20210207015448","is_ascension_mode":true,"campfire_choices":[{"data":"Cold Snap","floor":6,"key":"SMITH"},{"floor":15,"key":"REST"}],"circlet_count":0,"master_deck":["AscendersBane","Strike_B","Strike_B","Strike_B","Strike_B","Defend_B","Defend_B","Defend_B","Defend_B","Zap","Dualcast","Cold Snap+1","Skim","Defragment","Capacitor","BootSequence","Melter","Defragment"],"relics":["Cracked Core","NeowsBlessing","InkBottle","Toy Ornithopter","Gremlin Horn","Odd Mushroom","OrangePellets"],"acts_visited":["Exordium"],"potions_floor_usage":[12,16],"damage_taken":[{"damage":0,"enemies":"Small Slimes","floor":1,"turns":1},{"damage":0,"enemies":"Jaw Worm","floor":5,"turns":1},{"damage":0,"enemies":"Lagavulin","floor":7,"turns":1},{"damage":10,"enemies":"2 Louse","floor":10,"turns":2},{"damage":37,"enemies":"Gremlin Gang","floor":11,"turns":7},{"damage":19,"enemies":"The Mushroom Lair","floor":12,"turns":4},{"damage":1,"enemies":"Blue Slaver","floor":13,"turns":3},{"damage":61,"enemies":"Hexaghost","floor":16,"turns":11}],"seed_played":"6705042628991049187","potions_obtained":[{"floor":1,"key":"FairyPotion"},{"floor":7,"key":"Dexterity Potion"},{"floor":12,"key":"SpeedPotion"},{"floor":13,"key":"Strength Potion"}],"is_trial":false,"path_per_floor":["M","?","T","?","M","R","E","?","T","M","M","?","M","$","R","B"],"character_chosen":"DEFECT","items_purchased":["Defragment","OrangePellets"],"campfire_rested":1,"item_purchase_floors":[14,14],"current_hp_per_floor":[64,69,69,69,69,69,69,69,69,59,22,8,7,7,29,0,0],"gold":5,"neow_bonus":"THREE_ENEMY_KILL","is_daily":false,"chose_seed":false,"campfire_upgraded":1,"win_rate":0.0,"timestamp":1612630488,"path_taken":["M","?","?","?","M","R","E","?","T","M","?","?","M","$","R","BOSS"],"items_purchased_type":["Card","Relic"],"build_version":"2020-12-22","purchased_purges":0,"victory":false,"max_hp_per_floor":[71,76,76,76,76,76,76,76,76,76,76,76,76,76,76,76,76],"card_choices":[{"not_picked":["Go for the Eyes","Storm"],"picked":"Cold Snap","floor":1},{"not_picked":["Doom and Gloom","Aggregate"],"picked":"Skim","floor":5},{"not_picked":["Hologram","Redo"],"picked":"Defragment","floor":7},{"not_picked":["Rip and Tear","Scrape"],"picked":"Capacitor","floor":10},{"not_picked":["Undo","Turbo"],"picked":"BootSequence","floor":11},{"not_picked":["Hologram","Sunder"],"picked":"Melter","floor":13}],"player_experience":1134984,"relics_obtained":[{"floor":3,"key":"InkBottle"},{"floor":7,"key":"Toy Ornithopter"},{"floor":9,"key":"Gremlin Horn"},{"floor":12,"key":"Odd Mushroom"}],"event_choices":[{"damage_healed":0,"gold_gain":0,"player_choice":"Donut","damage_taken":0,"max_hp_gain":5,"max_hp_loss":0,"event_name":"Big Fish","floor":2,"gold_loss":0},{"damage_healed":0,"gold_gain":0,"player_choice":"Ignored","damage_taken":0,"max_hp_gain":0,"max_hp_loss":0,"event_name":"Liars Game","floor":4,"gold_loss":0},{"damage_healed":0,"gold_gain":0,"player_choice":"0 cards matched","damage_taken":0,"max_hp_gain":0,"max_hp_loss":0,"event_name":"Match and Keep!","floor":8,"gold_loss":0,"cards_obtained":[]},{"damage_healed":0,"gold_gain":0,"player_choice":"Fought Mushrooms","damage_taken":0,"max_hp_gain":0,"max_hp_loss":0,"event_name":"Mushrooms","floor":12,"gold_loss":0}],"is_beta":false,"boss_relics":[],"items_purged_floors":[],"is_endless":false,"potions_floor_spawned":[1,7,12,13],"killed_by":"Hexaghost","ascension_level":20}}