{"host":"g1qzxxy7a24sg3a3","time":1612581885,"event":{"mods":["ATMod(阿瑾Mod)","Act Like it!","Arknights","BaseMod","Custom Start","Gensokyo","GungeonMod","Hallownest","Lobotomy","LobotomyExtend","Minty Spire (QoL Compilation)","MostiFishMod","Pale of the Ancients","Replay The Spire","SOS（斯巴达之子）","Shop Mod","Spicy Shops","StSLib","TestMod","The Administrix","The Bug Knight","Waifu the Spire","WarShipGirlsR/战舰少女R mod","【遗物卡牌】REMEMod","残留之物"],"gold_per_floor":[109,121,138,154,154,182,182,182,250,275,275,200,200,216,216,314,314,324,324,324],"floor_reached":19,"language":"ZHS","playtime":1036,"items_purged":["Strike_B"],"score":277,"play_id":"bbeb800e-037f-4d78-832e-601be9b5d8d5","local_time":"20210206112445","is_ascension_mode":false,"campfire_choices":[{"data":"AT_FamilyPortrait","floor":7,"key":"SMITH"},{"floor":11,"key":"RECALL"}],"circlet_count":0,"master_deck":["Strike_B","Strike_B","Strike_B","Defend_B","Defend_B","Defend_B","Defend_B","Zap","Dualcast","AT_FamilyPortrait+1","AT_EMC2","SilentOrchestra","Reprogram+1","Consume","FieryBird","Strike_B","LittleHelper"],"relics":["Cracked Core","AT_ATBox","DaveBox","testmod-TestBox","REME_ComplimentaryCards","OneHitWonderSystem","testmod-GiftOfSatan","CogitoBucket","SynthV:TestCard","DemoMod:GlassGuonStoneRelic","LetterFromLob","Iron Hammer","testmod-Justice","AdjustmentMirror","HonorFeather"],"acts_visited":["Exordium","Hallownest:CityofTears"],"potions_floor_usage":[],"damage_taken":[{"damage":0,"enemies":"Jaw Worm","floor":1,"turns":3},{"damage":0,"enemies":"2 Louse","floor":2,"turns":1},{"damage":0,"enemies":"Cultist","floor":3,"turns":3},{"damage":0,"enemies":"Looter","floor":4,"turns":2},{"damage":0,"enemies":"Gremlin Nob","floor":6,"turns":4},{"damage":0,"enemies":"Replay:BlueRogue","floor":10,"turns":5},{"damage":0,"enemies":"Blue Slaver","floor":14,"turns":2},{"damage":0,"enemies":"Fading Forest","floor":16,"turns":10},{"damage":0,"enemies":"Hallownest:3_Youths","floor":18,"turns":4}],"seed_played":"-451835928352610245","potions_obtained":[{"floor":16,"key":"REME_GoldPotion"},{"floor":18,"key":"testmod-TimePotion"}],"is_trial":false,"path_per_floor":["M","M","M","M","$","E","R","?","T","E","R","$","?","M","R","B",null,"M","?"],"character_chosen":"DEFECT","items_purchased":[],"campfire_rested":0,"item_purchase_floors":[],"current_hp_per_floor":[1,6,1,1,1,1,1,1,1,6,1,1,1,1,1,1,1,6,0,0],"gold":324,"neow_bonus":"","is_daily":false,"chose_seed":false,"campfire_upgraded":1,"win_rate":0.0,"timestamp":1612581885,"path_taken":["M","M","M","M","$","E","R","?","T","E","R","$","?","M","R","BOSS","M","?"],"items_purchased_type":[],"build_version":"2020-12-22","purchased_purges":1,"victory":false,"max_hp_per_floor":[1,6,1,1,1,1,1,1,1,6,1,1,1,1,1,1,1,6,1,1],"card_choices":[{"not_picked":["Panic Button","Glacier"],"picked":"AT_EMC2","floor":1},{"not_picked":["PunishingBird","Alriune"],"picked":"SilentOrchestra","floor":1},{"not_picked":["Alriune","Wellcheers","OldLady"],"picked":"Singing Bowl","floor":2},{"not_picked":["Capacitor","MostiFishMod:LinkProtocol","ReplayTheSpireMod:GoodbyeWorld","Rip and Tear"],"picked":"Reprogram","floor":2},{"not_picked":["Bloodbath","MHz","VoidDream"],"picked":"Singing Bowl","floor":3},{"not_picked":["BasicCrystalCard","ReplayGash","MostiFishMod:SeaWaves","Turbo","Compile Driver"],"picked":"SKIP","floor":3},{"not_picked":["ShyLook","Murderer","BlackSwan"],"picked":"Singing Bowl","floor":4},{"not_picked":["Barrage","Undo","Fusion","Static Discharge","Coolheaded"],"picked":"SKIP","floor":4},{"not_picked":["Turbo","REME_Whirling","AT_RobotInSpace","Coolheaded"],"picked":"Consume","floor":6},{"not_picked":["FairyFestival","Wellcheers"],"picked":"FieryBird","floor":6},{"not_picked":["GalaxyChild","Scorched","GreedKing"],"picked":"Singing Bowl","floor":10},{"not_picked":["Stack","Streamline","Beam Cell","Redo","Rebound"],"picked":"SKIP","floor":10},{"not_picked":["Stack","Streamline","Beam Cell","Redo","Rebound"],"picked":"SKIP","floor":10},{"not_picked":["Redo","Compile Driver","Coolheaded","MostiFishMod:ReprogramOld","Stack"],"picked":"SKIP","floor":14},{"not_picked":["Mercenary","SpiderBud"],"picked":"LittleHelper","floor":16},{"not_picked":["PunishingBird","Scorched","QueenBee"],"picked":"Singing Bowl","floor":18},{"not_picked":["Beam Cell","Streamline+1","Cold Snap","MostiFishMod:IceShield+1","Conserve Battery"],"picked":"SKIP","floor":18}],"player_experience":77280,"relics_obtained":[{"floor":1,"key":"SynthV:TestCard"},{"floor":3,"key":"LetterFromLob"},{"floor":6,"key":"Iron Hammer"},{"floor":10,"key":"testmod-Justice"}],"event_choices":[{"damage_healed":0,"gold_gain":0,"player_choice":"Swap Relic","damage_taken":0,"relics_obtained":["Juzu Bracelet"],"max_hp_gain":0,"max_hp_loss":0,"event_name":"给自己的盒子","floor":8,"relics_lost":["Juzu Bracelet"],"gold_loss":0}],"is_beta":false,"boss_relics":[{"not_picked":[]}],"items_purged_floors":[12],"is_endless":false,"potions_floor_spawned":[2,10,16,18],"ascension_level":0}}