{"host":"bx54wbx1b8s5cm4v","time":1612596506,"event":{"mods":["BaseMod","Beaked The Cultist","GifTheSpireLib","Hubris","Marisa????????","Minty Spire (QoL Compilation)","StSLib","The Blackbeard","The Bladedancer","The Cursed","The Disciple","The Druid","The Forsaken","The Necromancer","The Runesmith","The Servant 0.9.4","TheBandit"],"gold_per_floor":[109,126,138,151,151,176,193,227,227,227,257,257,271,271,271,394,394,418,35,135,148,168,168,201,201,501,540,540,580,603,603,724,724,738,759,134,134,165,14,14,14,14,50,50,73,73,73],"floor_reached":51,"language":"ENG","playtime":1865,"items_purged":["Defend_R"],"score":920,"play_id":"e736c532-16e0-4ba3-9f2e-b1cd13eed672","local_time":"20210206042826","is_ascension_mode":true,"campfire_choices":[{"data":"1","floor":10,"key":"LIFT"},{"data":"2","floor":12,"key":"LIFT"},{"data":"3","floor":15,"key":"LIFT"},{"data":"Juggernaut","floor":23,"key":"SMITH"},{"floor":25,"key":"RECALL"},{"data":"Armaments","floor":28,"key":"SMITH"},{"floor":32,"key":"REST"},{"data":"Inflame","floor":40,"key":"SMITH"},{"floor":49,"key":"REST"}],"circlet_count":0,"master_deck":["Strike_R","Strike_R","Strike_R","Strike_R","Defend_R","Defend_R","Defend_R","Bash","Berserk+1","Rampage","Cleave","Sword Boomerang","Metallicize","Iron Wave","Infernal Blade","Battle Trance","Armaments+1","Flex","Juggernaut+1","Warcry+1","Spot Weakness","Armaments+1","Battle Trance","Clash","Headbutt","Inflame","Inflame+1","Shockwave+1","Limit Break+1","Reckless Charge","Seeing Red+1","Offering+1","Ghostly Armor+1","Dark Shackles+1","Inflame+1","Writhe","Uppercut","Limit Break+1","Rage+1"],"relics":["Burning Blood","Runesmith:Nanobots","Girya","Torii","hubris:DeckOfHolding","Golden Idol","hubris:ScarierMask","Ice Cream","hubris:Teleporter","Old Coin","Dream Catcher","Toxic Egg 2","hubris:VirtuousBlindfold","Paper Frog","Question Card","Red Skull","Thread and Needle","Pen Nib"],"acts_visited":["Exordium","TheCity","TheBeyond"],"potions_floor_usage":[16,33,33,41,50,50],"damage_taken":[{"damage":6,"enemies":"Jaw Worm","floor":1,"turns":4},{"damage":0,"enemies":"2 Louse","floor":2,"turns":2},{"damage":0,"enemies":"Cultist","floor":3,"turns":3},{"damage":18,"enemies":"Lots of Slimes","floor":4,"turns":3},{"damage":14,"enemies":"Gremlin Nob","floor":6,"turns":4},{"damage":5,"enemies":"2 Fungi Beasts","floor":7,"turns":3},{"damage":15,"enemies":"3 Sentries","floor":8,"turns":5},{"damage":9,"enemies":"Gremlin Nob","floor":11,"turns":3},{"damage":0,"enemies":"3 Louse","floor":13,"turns":1},{"damage":4,"enemies":"Hexaghost","floor":16,"turns":7},{"damage":1,"enemies":"Shell Parasite","floor":18,"turns":5},{"damage":1,"enemies":"3 Byrds","floor":21,"turns":5},{"damage":7,"enemies":"Centurion and Healer","floor":22,"turns":3},{"damage":8,"enemies":"Slavers","floor":24,"turns":3},{"damage":26,"enemies":"Gremlin Leader","floor":27,"turns":6},{"damage":17,"enemies":"Book of Stabbing","floor":29,"turns":4},{"damage":14,"enemies":"Snake Plant","floor":31,"turns":2},{"damage":33,"enemies":"Collector","floor":33,"turns":8},{"damage":7,"enemies":"3 Shapes","floor":35,"turns":2},{"damage":3,"enemies":"Orb Walker","floor":36,"turns":4},{"damage":65,"enemies":"Nemesis","floor":41,"turns":7},{"damage":0,"enemies":"Reptomancer","floor":46,"turns":4},{"damage":22,"enemies":"Spire Growth","floor":48,"turns":3},{"damage":45,"enemies":"Time Eater","floor":50,"turns":6}],"seed_played":"-3092843986321703050","potions_obtained":[{"floor":3,"key":"Ancient Potion"},{"floor":6,"key":"ColorlessPotion"},{"floor":8,"key":"Regen Potion"},{"floor":22,"key":"Energy Potion"},{"floor":35,"key":"Fire Potion"},{"floor":41,"key":"Fruit Juice"}],"is_trial":false,"path_per_floor":["M","M","M","M","?","E","M","E","T","R","E","R","M","?","R","B",null,"M","$","?","M","M","R","E","R","T","E","R","E","M","R","B",null,"M","M","$","R","E","$","T","?","$","E","?","M","R","B",null],"character_chosen":"IRONCLAD","items_purchased":["Ice Cream","Spot Weakness","Paper Frog","Offering+1","Ghostly Armor+1","Dark Shackles+1","Red Skull"],"campfire_rested":2,"item_purchase_floors":[19,19,38,38,38,38,42],"current_hp_per_floor":[56,62,68,56,56,48,49,40,40,40,37,37,43,23,23,40,80,80,80,80,80,79,79,77,77,77,57,57,46,38,62,35,80,79,80,80,80,26,26,26,47,47,53,53,37,62,23],"gold":73,"neow_bonus":"THREE_RARE_CARDS","is_daily":false,"chose_seed":false,"campfire_upgraded":3,"win_rate":0.0,"timestamp":1612596506,"path_taken":["M","M","M","M","?","E","M","E","T","R","E","R","M","?","R","BOSS","M","$","?","M","M","R","E","R","T","E","R","E","?","R","BOSS","M","M","$","R","E","?","T","?","$","E","?","?","R","BOSS"],"items_purchased_type":["Relic","Card","Relic","Card","Card","Card","Relic"],"build_version":"2020-12-22","purchased_purges":1,"victory":true,"max_hp_per_floor":[80,80,80,80,80,80,80,80,80,80,80,80,80,80,80,80,80,80,80,80,80,80,80,80,80,80,80,80,80,80,80,80,80,80,80,80,80,85,85,85,85,85,85,85,85,85,85],"card_choices":[{"not_picked":["hubris:StunningStrike","Juggernaut"],"picked":"Berserk","floor":0},{"not_picked":["Heavy Blade","Combust"],"picked":"Rampage","floor":1},{"not_picked":["Iron Wave","Shockwave"],"picked":"Cleave","floor":2},{"not_picked":["Cleave","Clothesline"],"picked":"Sword Boomerang","floor":3},{"not_picked":["Anger","Body Slam"],"picked":"Metallicize","floor":4},{"not_picked":["Metallicize","Brutality"],"picked":"Iron Wave","floor":6},{"not_picked":["Dual Wield","True Grit"],"picked":"Infernal Blade","floor":7},{"not_picked":["Thunderclap","Feel No Pain"],"picked":"Battle Trance","floor":8},{"not_picked":["Iron Wave","Feel No Pain"],"picked":"Armaments","floor":11},{"not_picked":["Armaments","Cleave"],"picked":"Flex","floor":13},{"not_picked":["Reaper","Berserk"],"picked":"Juggernaut","floor":16},{"not_picked":["Feel No Pain+1","Dropkick"],"picked":"Warcry+1","floor":18},{"not_picked":["Dual Wield","True Grit+1"],"picked":"Armaments+1","floor":21},{"not_picked":["Body Slam","Clothesline"],"picked":"Battle Trance","floor":22},{"not_picked":["Corruption","True Grit+1"],"picked":"Clash","floor":24},{"not_picked":["Dark Embrace","True Grit"],"picked":"Headbutt","floor":27},{"not_picked":["Metallicize","Pommel Strike"],"picked":"Inflame","floor":29},{"not_picked":["Carnage","Twin Strike"],"picked":"Inflame","floor":31},{"not_picked":["True Grit+1","Perfected Strike"],"picked":"Shockwave+1","floor":32},{"not_picked":["Reaper","Bludgeon"],"picked":"Limit Break+1","floor":33},{"not_picked":["Body Slam","Sword Boomerang"],"picked":"Reckless Charge","floor":35},{"not_picked":["Iron Wave+1","Perfected Strike"],"picked":"Seeing Red+1","floor":36},{"not_picked":["Carnage+1","Clothesline"],"picked":"Inflame+1","floor":41},{"not_picked":["Iron Wave+1","Warcry+1","Thunderclap+1","Cleave+1"],"picked":"SKIP","floor":46},{"not_picked":["Sword Boomerang+1","Iron Wave+1","Armaments+1"],"picked":"Limit Break+1","floor":48},{"not_picked":["Flex+1","Anger+1","Shrug It Off+1"],"picked":"Rage+1","floor":49}],"player_experience":26402,"relics_obtained":[{"floor":6,"key":"Runesmith:Nanobots"},{"floor":8,"key":"Girya"},{"floor":9,"key":"Torii"},{"floor":11,"key":"hubris:DeckOfHolding"},{"floor":24,"key":"hubris:Teleporter"},{"floor":26,"key":"Old Coin"},{"floor":27,"key":"Dream Catcher"},{"floor":29,"key":"Toxic Egg 2"},{"floor":41,"key":"Question Card"},{"floor":43,"key":"Thread and Needle"},{"floor":46,"key":"Pen Nib"}],"event_choices":[{"damage_healed":0,"gold_gain":0,"player_choice":"Grow","damage_taken":0,"max_hp_gain":0,"max_hp_loss":0,"event_name":"Living Wall","floor":5,"gold_loss":0,"cards_upgraded":["Berserk"]},{"damage_healed":0,"gold_gain":0,"player_choice":"Take Damage","damage_taken":20,"relics_obtained":["Golden Idol"],"max_hp_gain":0,"max_hp_loss":0,"event_name":"Golden Idol","floor":14,"gold_loss":0},{"damage_healed":0,"gold_gain":100,"player_choice":"Pray","damage_taken":0,"max_hp_gain":0,"max_hp_loss":0,"event_name":"Golden Shrine","floor":20,"gold_loss":0},{"damage_healed":21,"gold_gain":0,"player_choice":"Writhe","damage_taken":0,"max_hp_gain":0,"max_hp_loss":0,"event_name":"Winding Halls","floor":44,"gold_loss":0,"cards_obtained":["Writhe"]},{"damage_healed":0,"gold_gain":0,"cards_transformed":["Strike_R"],"player_choice":"Transformed","damage_taken":0,"max_hp_gain":0,"max_hp_loss":0,"event_name":"Transmorgrifier","floor":47,"gold_loss":0,"cards_obtained":["Uppercut"]}],"is_beta":false,"boss_relics":[{"not_picked":["Coffee Dripper","hubris:CrackedHourglass"],"picked":"hubris:ScarierMask"},{"not_picked":["hubris:RunicObelisk","Velvet Choker"],"picked":"hubris:VirtuousBlindfold"}],"items_purged_floors":[38],"is_endless":false,"potions_floor_spawned":[3,6,8,13,22,24,29,31,35,41],"ascension_level":1}}