{"host":"61ovtvpeaq2uwxdw","time":1612586298,"event":{"mods":["BaseMod","Downfall","Hermit","Highlight Path","Marisa????????","Minty Spire (QoL Compilation)","Shop Mod","StSLib","The Animator","The Construct","The Cursed","The Hierophant","The Servant 0.9.4"],"gold_per_floor":[110,110,58,69,16,16,16,16,16,40,51,85,109,49,49,49,49],"floor_reached":16,"language":"ENG","playtime":822,"items_purged":[],"score":98,"play_id":"89ed421c-9143-49b9-8d21-dbc828c33e96","local_time":"20210205223818","is_ascension_mode":false,"campfire_choices":[{"data":"hermit:Ricochet","floor":6,"key":"SMITH"},{"floor":15,"key":"REST"}],"circlet_count":0,"master_deck":["hermit:Strike_Hermit","hermit:Strike_Hermit","hermit:Strike_Hermit","hermit:Strike_Hermit","hermit:Defend_Hermit","hermit:Defend_Hermit","hermit:Defend_Hermit","hermit:Defend_Hermit","hermit:Snapshot","hermit:Covet","hermit:Snipe","hermit:Dive","hermit:Ricochet+1","hermit:Coalescence","hermit:Dive","hermit:FlashPowder","hermit:NoHoldsBarred","hermit:ShadowCloak","hermit:BigShot"],"relics":["hermit:Momento","Bag of Marbles","Shovel","Odd Mushroom","MawBank"],"acts_visited":["Exordium"],"potions_floor_usage":[13,16],"damage_taken":[{"damage":1,"enemies":"Cultist","floor":1,"turns":4},{"damage":1,"enemies":"Jaw Worm","floor":4,"turns":4},{"damage":10,"enemies":"The Mushroom Lair","floor":10,"turns":4},{"damage":0,"enemies":"2 Louse","floor":11,"turns":3},{"damage":14,"enemies":"Lagavulin","floor":12,"turns":8},{"damage":16,"enemies":"Large Slime","floor":13,"turns":6},{"damage":76,"enemies":"The Guardian","floor":16,"turns":7}],"seed_played":"-8361361124199377500","potions_obtained":[{"floor":4,"key":"Strength Potion"},{"floor":10,"key":"AttackPotion"},{"floor":12,"key":"hermit:Tonic"}],"is_trial":false,"path_per_floor":["M","?","$","M","$","R","?","?","T","?","M","E","M","$","R","B"],"character_chosen":"HERMIT","items_purchased":["hermit:Dive","hermit:Coalescence","hermit:BigShot"],"campfire_rested":1,"item_purchase_floors":[3,5,14],"current_hp_per_floor":[81,78,78,77,77,77,77,82,82,72,72,58,42,42,68,0,0],"gold":49,"neow_bonus":"TEN_PERCENT_HP_BONUS","is_daily":false,"chose_seed":false,"campfire_upgraded":1,"win_rate":0.0,"timestamp":1612586298,"path_taken":["M","?","$","M","$","R","?","?","T","?","M","E","?","?","R","BOSS"],"items_purchased_type":["Card","Card","Card"],"build_version":"2020-12-22","purchased_purges":0,"victory":false,"max_hp_per_floor":[82,82,82,82,82,82,82,87,87,87,87,87,87,87,87,87,87],"card_choices":[{"not_picked":["hermit:SprayPray","hermit:Brawl"],"picked":"hermit:Snipe","floor":1},{"not_picked":["hermit:PistolWhip","hermit:LowProfile"],"picked":"hermit:Ricochet","floor":4},{"not_picked":["hermit:Cheat","hermit:Snipe"],"picked":"hermit:Dive","floor":10},{"not_picked":["hermit:Gambit","hermit:Headshot"],"picked":"hermit:FlashPowder","floor":11},{"not_picked":["hermit:Desperado","hermit:Horror"],"picked":"hermit:NoHoldsBarred","floor":12},{"not_picked":["hermit:ItchyTrigger","hermit:Desperado"],"picked":"hermit:ShadowCloak","floor":13}],"player_experience":70113,"relics_obtained":[{"floor":9,"key":"Shovel"},{"floor":10,"key":"Odd Mushroom"},{"floor":12,"key":"MawBank"}],"event_choices":[{"damage_healed":0,"gold_gain":0,"player_choice":"Fled","damage_taken":3,"max_hp_gain":0,"max_hp_loss":0,"event_name":"Scrap Ooze","floor":2,"gold_loss":0},{"damage_healed":0,"gold_gain":0,"player_choice":"Searched \u00271\u0027 times","damage_taken":0,"relics_obtained":["Bag of Marbles"],"max_hp_gain":0,"max_hp_loss":0,"event_name":"Dead Adventurer","floor":7,"gold_loss":0},{"damage_healed":0,"gold_gain":0,"player_choice":"Donut","damage_taken":0,"max_hp_gain":5,"max_hp_loss":0,"event_name":"Big Fish","floor":8,"gold_loss":0},{"damage_healed":0,"gold_gain":0,"player_choice":"Fought Mushrooms","damage_taken":0,"max_hp_gain":0,"max_hp_loss":0,"event_name":"Mushrooms","floor":10,"gold_loss":0}],"is_beta":false,"boss_relics":[],"items_purged_floors":[],"is_endless":false,"potions_floor_spawned":[4,10,12],"killed_by":"The Guardian","ascension_level":0}}