{"host":"hqvh779b89tfrjxy","time":1612640326,"event":{"mods":["Act Like it!","BaseMod","Better Third Choice","Downfall","Elementarium","GifTheSpireLib","Minty Spire (QoL Compilation)","Replay The Spire","Spicy Shops","StSLib","The Dragon Tamer"],"gold_per_floor":[109,119,119,91,106,106,124,157,157,157,174,200,218,248,248,351,351,371,22,22,22,22,55,55,80,104,104,204,219,230,245,245,344,344,361,374,387,387,407,407,407],"floor_reached":40,"language":"ENG","playtime":1978,"items_purged":["Strike_G"],"score":638,"play_id":"bc164929-0508-4a9e-9368-5fcaceff2c19","local_time":"20210206203846","is_ascension_mode":true,"campfire_choices":[{"data":"Cloak And Dagger","floor":6,"key":"SMITH"},{"data":"Noxious Fumes","floor":10,"key":"SMITH"},{"data":"Dagger Spray","floor":15,"key":"SMITH"},{"floor":24,"key":"REST"},{"floor":27,"key":"REST"},{"floor":32,"key":"REST"}],"circlet_count":0,"master_deck":["Strike_G","Defend_G","Defend_G","Defend_G","Defend_G","Defend_G","Survivor","Neutralize","Cloak And Dagger+1","Hidden Blade","Crippling Poison","Noxious Fumes+1","Quick Slash","Replay:Bag of Tricks","Dagger Spray+1","Corpse Explosion","PiercingWail","Accuracy","ReplayUltimateDefense","Blade Dance","J.A.X.","ReplayTheSpireMod:Speed Training+1","downfall:Haunted","downfall:Haunted","Pain","Terror+1","Finisher","CurseOfTheBell","Malaise","Catalyst"],"relics":["Sozu","betterThird:SlimedRelic","Pantograph","Sundial","Pear","Bag of Marbles","Empty Cage","Enchiridion","Boot","Bronze Scales","Smiling Mask","Darkstone Periapt","Calling Bell","Regal Pillow","Ornamental Fan","Replay:PocketPolymizer"],"acts_visited":["Exordium","TheCity","TheBeyond"],"potions_floor_usage":[],"damage_taken":[{"damage":4,"enemies":"2 Louse","floor":1,"turns":3},{"damage":0,"enemies":"Jaw Worm","floor":2,"turns":4},{"damage":0,"enemies":"Small Slimes","floor":5,"turns":4},{"damage":2,"enemies":"3 Louse","floor":7,"turns":4},{"damage":8,"enemies":"Lagavulin","floor":8,"turns":8},{"damage":0,"enemies":"2 Fungi Beasts","floor":11,"turns":4},{"damage":15,"enemies":"Gremlin Nob","floor":12,"turns":5},{"damage":0,"enemies":"Exordium Thugs","floor":13,"turns":3},{"damage":22,"enemies":"Slime Boss","floor":16,"turns":9},{"damage":14,"enemies":"2 Thieves","floor":18,"turns":3},{"damage":19,"enemies":"Gremlin Leader","floor":23,"turns":7},{"damage":35,"enemies":"Slavers","floor":25,"turns":4},{"damage":8,"enemies":"Shell Parasite","floor":29,"turns":5},{"damage":10,"enemies":"Snake Plant","floor":30,"turns":3},{"damage":8,"enemies":"Centurion and Healer","floor":31,"turns":5},{"damage":71,"enemies":"Collector","floor":33,"turns":8},{"damage":2,"enemies":"Orb Walker","floor":35,"turns":3},{"damage":19,"enemies":"3 Darklings","floor":36,"turns":5},{"damage":32,"enemies":"Maw","floor":37,"turns":7},{"damage":77,"enemies":"Sphere and 2 Shapes","floor":39,"turns":4},{"damage":25,"enemies":"Giant Head","floor":40,"turns":5}],"seed_played":"-3005189153226192556","potions_obtained":[],"is_trial":false,"path_per_floor":["M","M","?","?","M","R","M","E","T","R","M","E","M","?","R","B",null,"M","$","?","?","?","E","R","E","T","R","?","M","M","M","R","B",null,"M","M","M","?","M","E"],"character_chosen":"THE_SILENT","items_purchased":["Accuracy","ReplayUltimateDefense"],"campfire_rested":3,"item_purchase_floors":[19,19],"current_hp_per_floor":[59,59,52,41,41,41,39,31,31,31,31,26,26,26,26,29,67,53,53,53,37,37,18,42,7,7,31,49,41,31,23,52,6,81,79,60,28,91,14,0,0],"gold":407,"neow_bonus":"BOSS_RELIC","is_daily":false,"chose_seed":false,"campfire_upgraded":3,"win_rate":0.0,"timestamp":1612640326,"path_taken":["M","M","?","?","M","R","M","E","T","R","M","E","M","?","R","BOSS","M","$","?","?","?","E","R","E","T","R","?","M","?","M","R","BOSS","M","M","M","?","M","E"],"items_purchased_type":["Card","Card"],"build_version":"2020-12-22","purchased_purges":1,"victory":false,"max_hp_per_floor":[70,70,70,70,70,70,70,70,70,70,70,80,80,80,80,80,80,80,80,80,80,80,80,80,80,80,80,98,98,98,98,98,98,104,104,104,104,91,91,91,91],"card_choices":[{"not_picked":["Prepared","Acrobatics"],"picked":"Cloak And Dagger","floor":1},{"not_picked":["ReplayTheSpireMod:Tripwire","Eviscerate"],"picked":"Hidden Blade","floor":2},{"not_picked":["Hidden Blade","Dagger Throw"],"picked":"Crippling Poison","floor":5},{"not_picked":["Crippling Poison","ReplayTheSpireMod:Shiv Toss"],"picked":"Noxious Fumes","floor":7},{"not_picked":["Backstab","Acrobatics"],"picked":"Quick Slash","floor":8},{"not_picked":["Prepared","Dagger Spray","Acrobatics"],"picked":"SKIP","floor":11},{"not_picked":["Acrobatics","Outmaneuver"],"picked":"Replay:Bag of Tricks","floor":12},{"not_picked":["Acrobatics","Deflect"],"picked":"Dagger Spray","floor":13},{"not_picked":["Bullet Time","Tools of the Trade"],"picked":"Corpse Explosion","floor":16},{"not_picked":["Dagger Spray","Slice"],"picked":"PiercingWail","floor":18},{"not_picked":["Acrobatics","Dagger Spray","Blade Dance"],"picked":"SKIP","floor":23},{"not_picked":["Dagger Spray","Quick Slash+1"],"picked":"ReplayTheSpireMod:Speed Training+1","floor":25},{"not_picked":["Poisoned Stab","Hidden Blade+1","Setup"],"picked":"SKIP","floor":29},{"not_picked":["Dagger Spray+1","ReplayTheSpireMod:Shiv Toss"],"picked":"Terror+1","floor":30},{"not_picked":["Sneak Up","Prepared"],"picked":"Finisher","floor":31},{"not_picked":["Dagger Throw","Blade Dance"],"picked":"Malaise","floor":35},{"not_picked":["Flying Knee","Footwork"],"picked":"Catalyst","floor":36},{"not_picked":["Dagger Throw","Dodge and Roll+1","Flying Knee"],"picked":"SKIP","floor":37},{"not_picked":["Sucker Punch+1","Quick Slash+1","Masterful Stab"],"picked":"SKIP","floor":39}],"player_experience":225594,"relics_obtained":[{"floor":8,"key":"Pantograph"},{"floor":9,"key":"Sundial"},{"floor":12,"key":"Pear"},{"floor":21,"key":"Enchiridion"},{"floor":23,"key":"Boot"},{"floor":25,"key":"Bronze Scales"},{"floor":26,"key":"Smiling Mask"},{"floor":34,"key":"Regal Pillow"},{"floor":34,"key":"Ornamental Fan"},{"floor":34,"key":"Replay:PocketPolymizer"}],"event_choices":[{"cards_removed":["Strike_G"],"damage_healed":0,"gold_gain":0,"player_choice":"Card Removal","damage_taken":7,"max_hp_gain":0,"max_hp_loss":0,"event_name":"Golden Wing","floor":3,"gold_loss":0},{"damage_healed":0,"gold_gain":0,"player_choice":"Slimed","damage_taken":11,"max_hp_gain":0,"max_hp_loss":0,"event_name":"betterThird:BetterGoop","floor":4,"gold_loss":28},{"damage_healed":0,"gold_gain":30,"player_choice":"Searched \u00272\u0027 times","damage_taken":0,"relics_obtained":["Bag of Marbles"],"max_hp_gain":0,"max_hp_loss":0,"event_name":"Dead Adventurer","floor":14,"gold_loss":0},{"damage_healed":0,"gold_gain":0,"player_choice":"Read","damage_taken":0,"max_hp_gain":0,"max_hp_loss":0,"event_name":"The Library","floor":20,"gold_loss":0,"cards_obtained":["Blade Dance"]},{"damage_healed":0,"gold_gain":0,"player_choice":"Obtained Book","damage_taken":16,"max_hp_gain":0,"max_hp_loss":0,"event_name":"Cursed Tome","floor":21,"gold_loss":0},{"damage_healed":0,"gold_gain":0,"player_choice":"Obtain J.A.X.","damage_taken":0,"max_hp_gain":0,"max_hp_loss":0,"event_name":"Drug Dealer","floor":22,"gold_loss":0,"cards_obtained":["J.A.X."]},{"damage_healed":91,"gold_gain":0,"player_choice":"Heal","damage_taken":0,"max_hp_gain":0,"max_hp_loss":13,"event_name":"The Moai Head","floor":38,"gold_loss":0}],"is_beta":false,"boss_relics":[{"not_picked":["Snecko Eye","Painkiller Herb"],"picked":"Empty Cage"},{"not_picked":["Runic Dome","Replay:Wanted Poster"],"picked":"Calling Bell"}],"items_purged_floors":[19],"is_endless":false,"potions_floor_spawned":[7,8,11,16,23,29,33,35,37],"killed_by":"Giant Head","ascension_level":8}}