{"host":"sad04l3m69qtnhom","time":1612596867,"event":{"mods":["AchievementEnabler","BaseMod","Colored Map","Colored Powertips","DeckTracker","Highlight Path","Minty Spire (QoL Compilation)","Permanent Neow","Quick Restart","SuperFastMode","everything is the same but u backflip on backflip"],"gold_per_floor":[110,134,147,26,26,26,52,52,102,151,180,180,195,270,270,368,368,384,384,403,31,50,50,75,75,75],"floor_reached":25,"language":"KOR","playtime":814,"items_purged":["Strike_B"],"score":328,"play_id":"dfb5e768-8bb3-4fb9-b630-303c71a3fde5","local_time":"20210206163427","is_ascension_mode":true,"campfire_choices":[{"data":"Electrodynamics","floor":6,"key":"SMITH"},{"data":"Reinforced Body","floor":8,"key":"SMITH"},{"data":"Storm","floor":12,"key":"SMITH"},{"data":"Zap","floor":15,"key":"SMITH"}],"circlet_count":0,"master_deck":["Strike_B","Defend_B+1","Defend_B","Defend_B+1","Defend_B+1","Zap+1","Dualcast","Electrodynamics+1","Conserve Battery+1","Storm+1","Ball Lightning","Reinforced Body+1","Echo Form","Capacitor","BootSequence","Sweeping Beam","Skim","Static Discharge"],"relics":["Cracked Core","PreservedInsect","War Paint","Ancient Tea Set","Potion Belt","Shuriken","Philosopher\u0027s Stone","Peace Pipe","Nunchaku"],"acts_visited":["Exordium","TheCity"],"potions_floor_usage":[7,18,25],"damage_taken":[{"damage":0,"enemies":"Cultist","floor":1,"turns":3},{"damage":2,"enemies":"Jaw Worm","floor":3,"turns":3},{"damage":0,"enemies":"3 Sentries","floor":7,"turns":2},{"damage":4,"enemies":"Gremlin Nob","floor":11,"turns":3},{"damage":0,"enemies":"2 Louse","floor":13,"turns":1},{"damage":14,"enemies":"Hexaghost","floor":16,"turns":11},{"damage":0,"enemies":"2 Thieves","floor":18,"turns":2},{"damage":6,"enemies":"Chosen","floor":20,"turns":4},{"damage":11,"enemies":"Snecko","floor":22,"turns":4},{"damage":20,"enemies":"Gremlin Leader","floor":24,"turns":4},{"damage":41,"enemies":"Chosen and Byrds","floor":25,"turns":4}],"seed_played":"5101414191976561826","potions_obtained":[{"floor":3,"key":"BlessingOfTheForge"},{"floor":16,"key":"DistilledChaos"},{"floor":20,"key":"FearPotion"}],"is_trial":false,"path_per_floor":["M","T","M","$","?","R","E","R","T","T","E","R","M","?","R","B",null,"M","?","M","$","M","?","E","M"],"character_chosen":"DEFECT","items_purchased":["Storm","Ball Lightning","Peace Pipe"],"campfire_rested":0,"item_purchase_floors":[4,4,21],"current_hp_per_floor":[50,50,48,48,33,33,33,33,33,33,29,29,29,18,18,4,57,57,57,51,51,40,40,20,0,0],"gold":75,"neow_bonus":"THREE_RARE_CARDS","is_daily":false,"chose_seed":false,"campfire_upgraded":4,"win_rate":0.0,"timestamp":1612596867,"path_taken":["M","?","?","$","?","R","E","R","T","?","E","R","M","?","R","BOSS","M","?","M","$","M","?","E","M"],"items_purchased_type":["Card","Card","Relic"],"build_version":"2020-12-22","purchased_purges":1,"victory":false,"max_hp_per_floor":[75,75,75,75,75,75,75,75,75,75,75,75,75,75,75,75,75,75,75,75,75,75,75,75,75,75],"card_choices":[{"not_picked":["Echo Form","Meteor Strike"],"picked":"Electrodynamics","floor":0},{"not_picked":["Hologram","Rip and Tear","Chill"],"picked":"SKIP","floor":1},{"not_picked":["Sweeping Beam","Streamline"],"picked":"Conserve Battery","floor":3},{"not_picked":["Go for the Eyes","Lockon"],"picked":"Reinforced Body","floor":7},{"not_picked":["Chaos","Blizzard","Rebound"],"picked":"SKIP","floor":11},{"not_picked":["Conserve Battery","Hologram","Leap"],"picked":"SKIP","floor":13},{"not_picked":["Core Surge","Amplify"],"picked":"Echo Form","floor":16},{"not_picked":["Chill","Streamline","Beam Cell"],"picked":"SKIP","floor":18},{"not_picked":["Hologram","Conserve Battery","Hello World+1"],"picked":"SKIP","floor":20},{"not_picked":["Streamline+1","Multi-Cast"],"picked":"BootSequence","floor":22},{"not_picked":["Streamline+1","Beam Cell"],"picked":"Static Discharge","floor":24}],"player_experience":237191,"relics_obtained":[{"floor":2,"key":"PreservedInsect"},{"floor":7,"key":"War Paint"},{"floor":9,"key":"Ancient Tea Set"},{"floor":10,"key":"Potion Belt"},{"floor":11,"key":"Shuriken"},{"floor":24,"key":"Nunchaku"}],"event_choices":[{"damage_healed":0,"gold_gain":0,"player_choice":"Entered Light","damage_taken":15,"max_hp_gain":0,"max_hp_loss":0,"event_name":"Shining Light","floor":5,"gold_loss":0,"cards_upgraded":["Defend_B","Defend_B"]},{"damage_healed":0,"gold_gain":75,"player_choice":"Gather Gold","damage_taken":11,"max_hp_gain":0,"max_hp_loss":0,"event_name":"World of Goop","floor":14,"gold_loss":0},{"damage_healed":0,"gold_gain":0,"player_choice":"Read","damage_taken":0,"max_hp_gain":0,"max_hp_loss":0,"event_name":"The Library","floor":19,"gold_loss":0,"cards_obtained":["Capacitor"]},{"damage_healed":0,"gold_gain":0,"cards_transformed":["Strike_B","Strike_B"],"player_choice":"Became Test Subject","damage_taken":0,"max_hp_gain":0,"max_hp_loss":0,"event_name":"Drug Dealer","floor":23,"gold_loss":0,"cards_obtained":["Sweeping Beam","Skim"]}],"is_beta":false,"boss_relics":[{"not_picked":["SacredBark","Runic Pyramid"],"picked":"Philosopher\u0027s Stone"}],"items_purged_floors":[21],"is_endless":false,"potions_floor_spawned":[3,16,20],"killed_by":"Chosen and Byrds","ascension_level":6}}