{"host":"sav7uxregyirlf69","time":1612592461,"event":{"mods":["AchievementEnabler","BaseMod","Colored Map","DeckTracker","Keyboard Shortcuts","Minty Spire (QoL Compilation)","READ ME - Guardian Mod","StSLib","SuperFastMode"],"gold_per_floor":[119,131,206,206,131,164,164,178,201,236,63,81,132,164,164,241,241,260,260,276,293,218,308,341,354,354,373,390,390,390],"floor_reached":29,"language":"KOR","playtime":567,"items_purged":[],"score":580,"play_id":"3953cea6-9ad4-4be9-a0bd-2bbfc0651910","local_time":"20210206152101","is_ascension_mode":true,"campfire_choices":[{"data":"Disarm","floor":7.0,"key":"SMITH"},{"data":"Inflame","floor":15.0,"key":"SMITH"}],"circlet_count":0,"master_deck":["AscendersBane","Strike_R","Strike_R","Strike_R","Defend_R","Defend_R","Defend_R","Defend_R","Bash","Shockwave+1","Sword Boomerang","Disarm+1","Reaper","Inflame+1","Feel No Pain","Flame Barrier","Impervious","Entrench+1","Wild Strike","Shrug It Off","Dropkick","True Grit+1","Pain"],"relics":["Burning Blood","NeowsBlessing","Happy Flower","Blood Vial","Anchor","Medical Kit","Oddly Smooth Stone","Eternal Feather","Cursed Key","Kunai"],"acts_visited":["Exordium","TheCity"],"potions_floor_usage":[27,29],"damage_taken":[{"damage":0.0,"enemies":"Cultist","floor":1.0,"turns":1.0},{"damage":0.0,"enemies":"Small Slimes","floor":2.0,"turns":1.0},{"damage":0.0,"enemies":"Gremlin Nob","floor":6.0,"turns":1.0},{"damage":4.0,"enemies":"2 Louse","floor":8.0,"turns":3.0},{"damage":42.0,"enemies":"Lagavulin","floor":10.0,"turns":10.0},{"damage":9.0,"enemies":"Blue Slaver","floor":12.0,"turns":5.0},{"damage":23.0,"enemies":"Gremlin Nob","floor":14.0,"turns":4.0},{"damage":31.0,"enemies":"The Guardian","floor":16.0,"turns":15.0},{"damage":10,"enemies":"Spheric Guardian","floor":18,"turns":7},{"damage":5,"enemies":"Shell Parasite","floor":20,"turns":6},{"damage":26,"enemies":"Snake Plant","floor":21,"turns":5},{"damage":9,"enemies":"Book of Stabbing","floor":24,"turns":8},{"damage":41,"enemies":"3 Cultists","floor":25,"turns":7},{"damage":22,"enemies":"Shelled Parasite and Fungi","floor":27,"turns":6},{"damage":9,"enemies":"Centurion and Healer","floor":28,"turns":8},{"damage":60,"enemies":"Chosen and Byrds","floor":29,"turns":8}],"seed_played":"8265367369537249057","potions_obtained":[{"floor":2.0,"key":"Dexterity Potion"},{"floor":6.0,"key":"Fire Potion"},{"floor":18,"key":"Strength Potion"},{"floor":21,"key":"Explosive Potion"},{"floor":27,"key":"DistilledChaos"}],"is_trial":false,"path_per_floor":["M","M","?","?","?","E","R","M","T","E","$","M","T","E","R","B",null,"M","?","M","M","?","?","E","M","T","M","M","M"],"character_chosen":"IRONCLAD","items_purchased":["Medical Kit"],"campfire_rested":0,"item_purchase_floors":[11],"current_hp_per_floor":[74,75,64,64,64,70,70,72,72,39,39,44,44,38,47,31,64,62,62,75,55,55,43,49,28,28,27,46,0,0],"gold":390,"neow_bonus":"THREE_ENEMY_KILL","is_daily":false,"chose_seed":false,"campfire_upgraded":2,"win_rate":0.0,"timestamp":1612592461,"path_taken":["M","?","?","?","?","E","R","M","T","E","$","M","?","E","R","BOSS","BOSS","M","?","M","?","?","?","E","M","T","?","?","M"],"items_purchased_type":["Relic"],"build_version":"2020-12-22","purchased_purges":0,"victory":false,"max_hp_per_floor":[75,75,75,75,75,75,75,75,75,75,75,75,75,75,75,75,75,75,75,75,75,75,75,75,75,75,75,75,75,75],"card_choices":[{"not_picked":["Anger","Inflame"],"picked":"Shockwave","floor":1.0},{"not_picked":["Twin Strike","Anger"],"picked":"Sword Boomerang","floor":2.0},{"not_picked":["Heavy Blade","Thunderclap"],"picked":"Disarm","floor":6.0},{"not_picked":["Pommel Strike","Heavy Blade"],"picked":"Reaper","floor":8.0},{"not_picked":["Seeing Red","Armaments"],"picked":"Inflame","floor":10.0},{"not_picked":["Flex","Havoc"],"picked":"Feel No Pain","floor":12.0},{"not_picked":["Iron Wave","Ghostly Armor"],"picked":"Flame Barrier","floor":14.0},{"not_picked":["Juggernaut","Fiend Fire"],"picked":"Impervious","floor":16},{"not_picked":["Searing Blow","Havoc"],"picked":"Entrench+1","floor":18},{"not_picked":["Feel No Pain","True Grit"],"picked":"Wild Strike","floor":20},{"not_picked":["Flex","Clash"],"picked":"Shrug It Off","floor":21},{"not_picked":["Double Tap","Sword Boomerang"],"picked":"Dropkick","floor":24},{"not_picked":["Pommel Strike","Wild Strike"],"picked":"True Grit+1","floor":25},{"not_picked":["Clash","Thunderclap","Metallicize+1"],"picked":"SKIP","floor":27},{"not_picked":["Headbutt","Bludgeon","Iron Wave"],"picked":"SKIP","floor":28}],"player_experience":1504275,"relics_obtained":[{"floor":6.0,"key":"Happy Flower"},{"floor":9.0,"key":"Blood Vial"},{"floor":10.0,"key":"Anchor"},{"floor":13.0,"key":"Oddly Smooth Stone"},{"floor":14.0,"key":"Eternal Feather"},{"floor":24,"key":"Kunai"}],"event_choices":[{"damage_healed":0.0,"max_hp_gain":0.0,"max_hp_loss":0.0,"gold_gain":75.0,"event_name":"World of Goop","player_choice":"Gather Gold","floor":3.0,"gold_loss":0.0,"damage_taken":11.0},{"damage_healed":0.0,"max_hp_gain":0.0,"max_hp_loss":0.0,"gold_gain":0.0,"event_name":"Living Wall","player_choice":"Grow","floor":4.0,"gold_loss":0.0,"damage_taken":0.0,"cards_upgraded":["Shockwave"]},{"cards_removed":["Strike_R"],"damage_healed":0.0,"max_hp_gain":0.0,"max_hp_loss":0.0,"gold_gain":0.0,"event_name":"The Cleric","player_choice":"Card Removal","floor":5.0,"gold_loss":75.0,"damage_taken":0.0},{"damage_healed":0,"gold_gain":0,"player_choice":"Ignored","damage_taken":0,"max_hp_gain":0,"max_hp_loss":0,"event_name":"N\u0027loth","floor":19,"gold_loss":0},{"cards_removed":["Strike_R"],"damage_healed":0,"gold_gain":0,"player_choice":"Gave Gold","damage_taken":0,"max_hp_gain":0,"max_hp_loss":0,"event_name":"Beggar","floor":22,"gold_loss":75},{"damage_healed":0,"gold_gain":90,"player_choice":"GOLD ","damage_taken":12,"max_hp_gain":0,"max_hp_loss":0,"event_name":"Knowing Skull","floor":23,"potions_obtained":[],"gold_loss":0,"cards_obtained":[]}],"is_beta":false,"boss_relics":[{"not_picked":["Empty Cage","Busted Crown"],"picked":"Cursed Key"}],"items_purged_floors":[],"is_endless":false,"potions_floor_spawned":[2,6,12,18,21,27],"killed_by":"Chosen and Byrds","ascension_level":20}}