{"host":"at5b10nm0iti0w4x","time":1612652255,"event":{"mods":["AchievementEnabler","BaseMod","Bestiary","Block Reminder","Colored Map","Colored Powertips","Highlight Path","Keyboard Shortcuts","Minty Spire (QoL Compilation)","Relic Stats","StSLib","SuperFastMode"],"gold_per_floor":[119,129,148,162,172,172,207,207,207,538,557,567,592,606,606,704,704,724,737,757,439,439,439,456,466,466,483,500,500,500,531,531,531,531],"floor_reached":33,"language":"ENG","playtime":1337,"items_purged":["Strike_B"],"score":295,"play_id":"ee7d16e8-bf17-4059-b521-d71bfa1d0da3","local_time":"20210206175735","is_ascension_mode":false,"campfire_choices":[{"data":"Doom and Gloom","floor":6,"key":"SMITH"},{"data":"Rainbow","floor":8,"key":"SMITH"},{"floor":15,"key":"REST"},{"floor":23,"key":"REST"},{"floor":29,"key":"REST"},{"floor":32,"key":"REST"}],"circlet_count":0,"master_deck":["Strike_B","Strike_B","Strike_B","Defend_B","Defend_B","Defend_B","Defend_B","Zap+1","Dualcast","Go for the Eyes","Leap+1","Rebound","Redo","Doom and Gloom+1","Rainbow+1","Static Discharge","Stack","Beam Cell","Lockon","Core Surge","Auto Shields+1","Self Repair","Redo+1","Gash","Coolheaded","Hologram+1"],"relics":["Cracked Core","PreservedInsect","Gambling Chip","Old Coin","TungstenRod","Nuclear Battery","War Paint","CultistMask","Mummified Hand","Happy Flower"],"acts_visited":["Exordium","TheCity"],"potions_floor_usage":[3,13,16,31,33,33],"damage_taken":[{"damage":6,"enemies":"Cultist","floor":1,"turns":4},{"damage":2,"enemies":"Jaw Worm","floor":2,"turns":3},{"damage":0,"enemies":"2 Louse","floor":3,"turns":2},{"damage":3,"enemies":"Looter","floor":4,"turns":4},{"damage":4,"enemies":"2 Fungi Beasts","floor":5,"turns":4},{"damage":18,"enemies":"Gremlin Nob","floor":7,"turns":4},{"damage":9,"enemies":"3 Sentries","floor":10,"turns":3},{"damage":10,"enemies":"Large Slime","floor":11,"turns":5},{"damage":3,"enemies":"Looter","floor":12,"turns":4},{"damage":1,"enemies":"Lagavulin","floor":13,"turns":4},{"damage":0,"enemies":"Blue Slaver","floor":14,"turns":3},{"damage":15,"enemies":"Slime Boss","floor":16,"turns":7},{"damage":9,"enemies":"Shell Parasite","floor":18,"turns":6},{"damage":13,"enemies":"2 Thieves","floor":19,"turns":4},{"damage":25,"enemies":"Chosen and Byrds","floor":20,"turns":7},{"damage":20,"enemies":"Shelled Parasite and Fungi","floor":24,"turns":3},{"damage":16,"enemies":"3 Cultists","floor":25,"turns":4},{"damage":6,"enemies":"Snake Plant","floor":27,"turns":5},{"damage":1,"enemies":"Snecko","floor":28,"turns":4},{"damage":15,"enemies":"Gremlin Leader","floor":31,"turns":4},{"damage":58,"enemies":"Collector","floor":33,"turns":7}],"seed_played":"3023114864154458257","potions_obtained":[{"floor":0,"key":"Weak Potion"},{"floor":0,"key":"FearPotion"},{"floor":0,"key":"Swift Potion"},{"floor":3,"key":"Block Potion"},{"floor":11,"key":"CultistPotion"},{"floor":16,"key":"SteroidPotion"},{"floor":18,"key":"FocusPotion"},{"floor":24,"key":"PowerPotion"},{"floor":31,"key":"SkillPotion"}],"is_trial":false,"path_per_floor":["M","M","M","M","M","R","E","R","T","E","M","M","E","M","R","B",null,"M","M","M","$","?","R","M","M","T","M","M","R","?","E","R","B"],"character_chosen":"DEFECT","items_purchased":["Gash","Coolheaded","War Paint"],"campfire_rested":4,"item_purchase_floors":[21,21,21],"current_hp_per_floor":[69,67,67,64,60,60,42,42,42,33,23,20,19,19,41,26,75,66,53,28,28,28,50,37,28,28,29,28,50,37,29,53,0,0],"gold":531,"neow_bonus":"THREE_SMALL_POTIONS","is_daily":false,"chose_seed":false,"campfire_upgraded":2,"win_rate":0.0,"timestamp":1612652255,"path_taken":["M","M","M","M","?","R","E","R","T","E","M","M","E","M","R","BOSS","M","M","M","$","?","R","?","M","T","M","M","R","?","E","R","BOSS"],"items_purchased_type":["Card","Card","Relic"],"build_version":"2020-12-22","purchased_purges":1,"victory":false,"max_hp_per_floor":[75,75,75,75,75,75,75,75,75,75,75,75,75,75,75,75,75,75,75,75,75,75,75,75,75,75,75,75,75,80,80,80,80,80],"relic_stats":{"Happy Flower":[2],"counters":[21,91],"Mummified Hand":[9],"Gambling Chip":[53],"PreservedInsect":104,"War Paint":["Leap","Zap"],"obtain_stats":[{"Happy Flower":31,"Mummified Hand":26,"Gambling Chip":9,"PreservedInsect":7,"CultistMask":22,"War Paint":21,"Cracked Core":0,"TungstenRod":13,"Old Coin":10,"Nuclear Battery":17},{"Happy Flower":20,"Mummified Hand":17,"Gambling Chip":6,"PreservedInsect":6,"CultistMask":15,"War Paint":15,"Cracked Core":0,"TungstenRod":10,"Old Coin":7,"Nuclear Battery":12},{"Happy Flower":84,"Mummified Hand":71,"Gambling Chip":21,"PreservedInsect":21,"CultistMask":64,"War Paint":64,"Cracked Core":0,"TungstenRod":37,"Old Coin":24,"Nuclear Battery":47}],"TungstenRod":25},"card_choices":[{"not_picked":["Recycle","Scrape"],"picked":"Go for the Eyes","floor":1},{"not_picked":["FTL","Ball Lightning"],"picked":"Leap","floor":2},{"not_picked":["Rip and Tear","Multi-Cast"],"picked":"Rebound","floor":3},{"not_picked":["Rebound","Undo"],"picked":"Redo","floor":4},{"not_picked":["Rebound","Steam"],"picked":"Doom and Gloom","floor":5},{"not_picked":["Beam Cell","Leap"],"picked":"Rainbow","floor":7},{"not_picked":["Heatsinks","Steam Power"],"picked":"Static Discharge","floor":10},{"not_picked":["Compile Driver","Rebound"],"picked":"Stack","floor":11},{"not_picked":["Darkness","Redo"],"picked":"Beam Cell","floor":12},{"not_picked":["Beam Cell","Force Field"],"picked":"Lockon","floor":13},{"not_picked":["Turbo","Conserve Battery","Go for the Eyes"],"picked":"SKIP","floor":14},{"not_picked":["Fission","Buffer"],"picked":"Core Surge","floor":16},{"not_picked":["Conserve Battery+1","Cold Snap+1"],"picked":"Auto Shields+1","floor":18},{"not_picked":["Ball Lightning","Streamline"],"picked":"Self Repair","floor":19},{"not_picked":["Stack","Force Field"],"picked":"Redo+1","floor":20},{"not_picked":["Turbo","Consume+1","Go for the Eyes"],"picked":"SKIP","floor":24},{"not_picked":["Sweeping Beam","Static Discharge+1","Conserve Battery"],"picked":"SKIP","floor":25},{"not_picked":["Consume","Steam Power+1"],"picked":"Hologram+1","floor":27},{"not_picked":["Ball Lightning","Hyperbeam","Genetic Algorithm"],"picked":"SKIP","floor":28},{"not_picked":["Lockon","Redo","Stack+1"],"picked":"SKIP","floor":31}],"player_experience":57058,"relics_obtained":[{"floor":7,"key":"PreservedInsect"},{"floor":9,"key":"Gambling Chip"},{"floor":10,"key":"Old Coin"},{"floor":13,"key":"TungstenRod"},{"floor":26,"key":"Mummified Hand"},{"floor":31,"key":"Happy Flower"}],"event_choices":[{"damage_healed":0,"gold_gain":0,"player_choice":"Trade","damage_taken":0,"relics_obtained":["CultistMask"],"max_hp_gain":0,"max_hp_loss":0,"event_name":"FaceTrader","floor":22,"gold_loss":0},{"damage_healed":0,"gold_gain":0,"player_choice":"Shed Blood","damage_taken":19,"max_hp_gain":5,"max_hp_loss":0,"event_name":"Forgotten Altar","floor":30,"gold_loss":0}],"is_beta":false,"boss_relics":[{"not_picked":["FrozenCore","Busted Crown"],"picked":"Nuclear Battery"}],"items_purged_floors":[21],"is_endless":false,"potions_floor_spawned":[2,3,7,11,16,18,24,27,28,31],"killed_by":"Collector","ascension_level":0}}