{"host":"5fpb1gzflhq9886n","time":1612571936,"event":{"mods":["AchievementEnabler","BaseMod","Colored Map","Colored Powertips","Minty Spire (QoL Compilation)","Permanent Neow"],"gold_per_floor":[109,121,7,26,38,38,363,363,363,396,396,411,411,439,439,439,439],"floor_reached":16,"language":"ENG","playtime":692,"items_purged":["Pain"],"score":150,"play_id":"fb21f9d0-be7c-4878-b145-9076a6c6e029","local_time":"20210205193856","is_ascension_mode":true,"campfire_choices":[{"floor":6,"key":"RECALL"},{"floor":8,"key":"REST"},{"data":"Inflame","floor":15,"key":"SMITH"}],"circlet_count":0,"master_deck":["Strike_R","Strike_R","Strike_R","Strike_R","Strike_R","Defend_R","Defend_R","Defend_R","Defend_R","Bash","Flex","Iron Wave","Ghostly Armor","Carnage+1","Flame Barrier","Uppercut","Wild Strike","Impervious","Inflame+1"],"relics":["Burning Blood","CaptainsWheel","Old Coin","Thread and Needle","Turnip","Matryoshka","Bag of Preparation"],"acts_visited":["Exordium"],"potions_floor_usage":[12,14,14],"damage_taken":[{"damage":5,"enemies":"Small Slimes","floor":1,"turns":3},{"damage":5,"enemies":"2 Louse","floor":2,"turns":2},{"damage":2,"enemies":"Jaw Worm","floor":4,"turns":2},{"damage":23,"enemies":"3 Louse","floor":5,"turns":3},{"damage":18,"enemies":"Gremlin Nob","floor":7,"turns":5},{"damage":28,"enemies":"Lagavulin","floor":10,"turns":7},{"damage":11,"enemies":"2 Fungi Beasts","floor":12,"turns":3},{"damage":6,"enemies":"3 Sentries","floor":14,"turns":6},{"damage":61,"enemies":"Hexaghost","floor":16,"turns":9}],"seed_played":"-2304562964134710797","potions_obtained":[{"floor":2,"key":"SkillPotion"},{"floor":5,"key":"BloodPotion"},{"floor":12,"key":"ColorlessPotion"}],"is_trial":false,"path_per_floor":["M","M","$","M","M","R","E","R","T","E","?","M","?","E","R","B"],"character_chosen":"IRONCLAD","items_purchased":["Ghostly Armor"],"campfire_rested":1,"item_purchase_floors":[3],"current_hp_per_floor":[80,80,80,80,63,63,51,75,75,53,46,57,57,57,57,0,0],"gold":439,"neow_bonus":"ONE_RARE_RELIC","is_daily":false,"chose_seed":false,"campfire_upgraded":1,"win_rate":0.0,"timestamp":1612571936,"path_taken":["M","M","$","M","M","R","E","R","T","E","?","M","?","E","R","BOSS"],"items_purchased_type":["Card"],"build_version":"2020-12-22","purchased_purges":1,"victory":false,"max_hp_per_floor":[80,80,80,80,80,80,80,80,80,80,80,80,80,80,80,80,80],"card_choices":[{"not_picked":["Havoc","Headbutt"],"picked":"Flex","floor":1},{"not_picked":["Body Slam","Entrench"],"picked":"Iron Wave","floor":2},{"not_picked":["True Grit","Shrug It Off"],"picked":"Carnage","floor":4},{"not_picked":["Warcry","Dropkick"],"picked":"Flame Barrier","floor":5},{"not_picked":["Heavy Blade","Armaments"],"picked":"Uppercut","floor":7},{"not_picked":["Twin Strike","Clothesline"],"picked":"Wild Strike","floor":10},{"not_picked":["Entrench","Carnage"],"picked":"Impervious","floor":12},{"not_picked":["Headbutt","Rupture"],"picked":"Inflame","floor":14}],"player_experience":802713,"relics_obtained":[{"floor":7,"key":"Old Coin"},{"floor":9,"key":"Thread and Needle"},{"floor":10,"key":"Turnip"},{"floor":14,"key":"Bag of Preparation"}],"event_choices":[{"damage_healed":0,"gold_gain":0,"player_choice":"Success","damage_taken":7,"relics_obtained":["Matryoshka"],"max_hp_gain":0,"max_hp_loss":0,"event_name":"Scrap Ooze","floor":11,"gold_loss":0},{"damage_healed":0,"gold_gain":0,"player_choice":"Grow","damage_taken":0,"max_hp_gain":0,"max_hp_loss":0,"event_name":"Living Wall","floor":13,"gold_loss":0,"cards_upgraded":["Carnage"]}],"is_beta":false,"boss_relics":[],"items_purged_floors":[3],"is_endless":false,"potions_floor_spawned":[2,5,12],"killed_by":"Hexaghost","ascension_level":5}}