{"host":"jumrmhf584hajrnz","time":1612641739,"event":{"mods":["BaseMod","Duelist Mod","GifTheSpireLib","Minty Spire (QoL Compilation)","Quick Restart","StSLib"],"gold_per_floor":[137,152,171,187,38,38,38,73,73,86,127,141,141,162,162,251,251,191,191,191,191,191,191,191,191,191,191,191,191,191,191,191,191,191,191,191,171,171,171,171,171,171,171,171,171,145,145,145,145,145,145,145,145,60,60,60,60],"floor_reached":56,"language":"ENG","playtime":3055,"items_purged":[],"score":2296,"play_id":"3a7b7f5d-4bcf-4134-b9a7-5fb0941da46a","local_time":"20210206210219","is_ascension_mode":true,"campfire_choices":[{"floor":6,"key":"REST"},{"floor":13,"key":"REST"},{"floor":15,"key":"REST"},{"floor":23,"key":"RECALL"},{"floor":25,"key":"REST"},{"floor":32,"key":"REST"},{"floor":41,"key":"REST"},{"floor":44,"key":"REST"},{"floor":49,"key":"REST"},{"data":"theDuelist:KamionTimelord","floor":53,"key":"SMITH"}],"circlet_count":0,"master_deck":["theDuelist:AngelTrumpeter","AscendersBane","theDuelist:CactusBouncer","theDuelist:CastleWalls","theDuelist:CastleWalls","theDuelist:DarkworldThorns","theDuelist:Inmato","theDuelist:JerryBeansMan","theDuelist:JerryBeansMan","theDuelist:Sparks","theDuelist:Sparks","theDuelist:MudGolem","theDuelist:MudGolem","theDuelist:PredaplantChlamydosundew","theDuelist:WingedKuriboh","theDuelist:KamionTimelord+1","theDuelist:VioletCrystal","theDuelist:SuperSolarNutrient","theDuelist:LordPoison+1","theDuelist:SilverApples+1","theDuelist:PredaplantFlytrap+1","theDuelist:RevivalRose+1","theDuelist:PredaplantFlytrap+1","theDuelist:SuperSolarNutrient+1","theDuelist:RevivalRose+1","theDuelist:PredaplantPterapenthes+1","theDuelist:SilverApples+1","theDuelist:WingedKuriboh","theDuelist:SuperSolarNutrient+1","theDuelist:RagingMadPlants+1","theDuelist:Hinotama+1","theDuelist:BlackRoseMoonlight+1","theDuelist:CrystalRose+1","theDuelist:VioletCrystal+1","theDuelist:SeedCannon+1","theDuelist:Invigoration+1","theDuelist:BirdRoses+1","theDuelist:SuperSolarNutrient+1","theDuelist:BloomingDarkestRose","theDuelist:LonefireBlossom+1"],"relics":["theDuelist:MillenniumPuzzle","theDuelist:CardPoolRelic","theDuelist:CardPoolBasicRelic","theDuelist:BoosterPackPoolRelic","theDuelist:CardPoolAddRelic","theDuelist:CardPoolMinusRelic","theDuelist:CardPoolSaveRelic","theDuelist:CardPoolOptionsRelic","NeowsBlessing","Golden Idol","Charon\u0027s Ashes","Toxic Egg 2","Ectoplasm","SsserpentHead","Smiling Mask","theDuelist:BoosterPackSpellEgg","theDuelist:MillenniumPrayerbook","Juzu Bracelet","Pear","Inserter","Ancient Tea Set","theDuelist:MillenniumRing","Bird Faced Urn","Thread and Needle","Turnip","theDuelist:SummonAnchorRare","Self Forming Clay"],"acts_visited":["Exordium","TheCity","TheBeyond","TheEnding"],"potions_floor_usage":[31,51,56,56],"damage_taken":[{"damage":0,"enemies":"Cultist","floor":1,"turns":1},{"damage":0,"enemies":"2 Louse","floor":2,"turns":1},{"damage":0,"enemies":"Jaw Worm","floor":3,"turns":1},{"damage":10,"enemies":"Looter","floor":4,"turns":3},{"damage":15,"enemies":"Lagavulin","floor":8,"turns":4},{"damage":10,"enemies":"3 Louse","floor":10,"turns":2},{"damage":0,"enemies":"3 Sentries","floor":11,"turns":2},{"damage":8,"enemies":"Blue Slaver","floor":12,"turns":3},{"damage":10,"enemies":"Large Slime","floor":14,"turns":3},{"damage":28,"enemies":"Hexaghost","floor":16,"turns":6},{"damage":6,"enemies":"2 Thieves","floor":18,"turns":3},{"damage":16,"enemies":"Shell Parasite","floor":21,"turns":3},{"damage":0,"enemies":"Book of Stabbing","floor":24,"turns":4},{"damage":10,"enemies":"theDuelist:KaibaA2","floor":27,"turns":4},{"damage":0,"enemies":"Sentry and Sphere","floor":28,"turns":3},{"damage":0,"enemies":"Cultist and Chosen","floor":29,"turns":2},{"damage":6,"enemies":"Book of Stabbing","floor":30,"turns":4},{"damage":0,"enemies":"3 Cultists","floor":31,"turns":4},{"damage":0,"enemies":"Champ","floor":33,"turns":6},{"damage":18,"enemies":"3 Shapes","floor":35,"turns":4},{"damage":0,"enemies":"Orb Walker","floor":39,"turns":2},{"damage":15,"enemies":"Giant Head","floor":40,"turns":6},{"damage":32,"enemies":"Nemesis","floor":42,"turns":5},{"damage":0,"enemies":"Nemesis","floor":45,"turns":4},{"damage":13,"enemies":"Donu and Deca","floor":50,"turns":6},{"damage":19,"enemies":"Awakened One","floor":51,"turns":7},{"damage":0,"enemies":"Shield and Spear","floor":55,"turns":5},{"damage":82,"enemies":"The Heart","floor":56,"turns":5}],"seed_played":"-3140309903929828811","potions_obtained":[{"floor":1,"key":"theDuelist:WhiteBottle"},{"floor":2,"key":"theDuelist:FusionPotion"},{"floor":16,"key":"Explosive Potion"},{"floor":30,"key":"theDuelist:DestructPotionPotB"},{"floor":37,"key":"theDuelist:WaterBottle"},{"floor":39,"key":"theDuelist:MillenniumElixir"},{"floor":55,"key":"theDuelist:CoolBottle"}],"is_trial":false,"path_per_floor":["M","M","M","M","$","R","?","E","T","M","E","M","R","M","R","B",null,"M","?","$","M","?","R","E","R","T","E","M","M","E","M","R","B",null,"M","?","?","?","M","E","R","E","T","R","?","$","?","?","R","B","B",null,"R","$","E","B"],"character_chosen":"THE_DUELIST","items_purchased":["theDuelist:KamionTimelord","theDuelist:SuperSolarNutrient+1","theDuelist:BloomingDarkestRose"],"campfire_rested":8,"item_purchase_floors":[5,46,54],"current_hp_per_floor":[63,63,63,53,53,70,46,31,31,21,21,13,34,24,45,17,57,51,51,51,35,35,35,35,56,56,46,46,46,40,50,74,74,79,61,61,61,61,61,46,70,38,38,62,68,68,68,68,80,69,56,74,74,74,78,0,0],"gold":60,"neow_bonus":"THREE_ENEMY_KILL","is_daily":false,"chose_seed":false,"campfire_upgraded":1,"win_rate":0.0,"timestamp":1612641739,"path_taken":["M","?","M","?","$","R","?","E","T","M","E","M","R","M","R","BOSS","M","?","$","?","?","R","E","R","T","E","M","M","E","M","R","BOSS","M","?","?","?","M","E","R","E","T","R","?","?","?","?","R","BOSS","BOSS","R","$","E","BOSS"],"items_purchased_type":["Card","Card","Card"],"build_version":"2020-12-22","purchased_purges":0,"victory":false,"max_hp_per_floor":[70,70,70,70,70,70,70,70,70,70,70,70,70,70,70,70,70,70,70,70,70,70,70,70,70,70,70,70,70,70,80,80,80,80,80,80,80,80,80,80,80,80,80,80,80,80,80,80,80,80,80,80,80,80,80,80,80],"card_choices":[{"not_picked":["theDuelist:BattleguardKing","theDuelist:PotDichotomy","theDuelist:GaiaMidNightSun","theDuelist:HammerShot"],"picked":"theDuelist:MudGolem","floor":1},{"not_picked":["theDuelist:CrystalRose","theDuelist:DokiDoki","theDuelist:GiantSoldierSteel","theDuelist:RainbowOverdragon"],"picked":"theDuelist:MudGolem","floor":2},{"not_picked":["theDuelist:BotanicalLion","theDuelist:SuperSolarNutrient","theDuelist:Firegrass","theDuelist:Invigoration"],"picked":"theDuelist:PredaplantChlamydosundew","floor":3},{"not_picked":["theDuelist:BattleOx","theDuelist:LightningVortex","theDuelist:PowerGiant","theDuelist:FuryFire"],"picked":"theDuelist:WingedKuriboh","floor":4},{"not_picked":["theDuelist:VenomShot","theDuelist:FrozenRose","theDuelist:WorldTree","theDuelist:ThornMalice"],"picked":"theDuelist:VioletCrystal","floor":8},{"not_picked":["theDuelist:JerryBeansMan","theDuelist:WhiteRoseDragon","theDuelist:Firegrass","theDuelist:PredaplantFlytrap"],"picked":"theDuelist:SuperSolarNutrient","floor":10},{"not_picked":["theDuelist:CactusBouncer","theDuelist:WorldCarrot","theDuelist:PredaplantPterapenthes+1","theDuelist:PredaplantFlytrap+1"],"picked":"theDuelist:LordPoison+1","floor":11},{"not_picked":["theDuelist:BotanicalLion","theDuelist:Firegrass+1","theDuelist:DarkworldThorns+1","theDuelist:VenomShot"],"picked":"theDuelist:SilverApples+1","floor":12},{"not_picked":["theDuelist:CactusBouncer","theDuelist:SilverApples+1","theDuelist:JerryBeansMan","theDuelist:PredaplantDrosophyllum"],"picked":"theDuelist:PredaplantFlytrap+1","floor":14},{"not_picked":["theDuelist:PlantFoodChain+1","theDuelist:HeartUnderdog","theDuelist:BlackRoseMoonlight+1","theDuelist:Gigaplant+1"],"picked":"theDuelist:RevivalRose+1","floor":16},{"not_picked":["theDuelist:BotanicalLion","theDuelist:PredaplantChlamydosundew+1","theDuelist:JerryBeansMan","theDuelist:RoseWitch+1"],"picked":"theDuelist:PredaplantFlytrap+1","floor":18},{"not_picked":["theDuelist:BotanicalLion","theDuelist:LonefireBlossom+1","theDuelist:Inmato+1","theDuelist:DarkworldThorns+1"],"picked":"theDuelist:SuperSolarNutrient+1","floor":21},{"not_picked":["theDuelist:CactusBouncer","theDuelist:WormApocalypse+1","theDuelist:Invigoration+1","theDuelist:LonefireBlossom+1"],"picked":"theDuelist:PredaplantPterapenthes+1","floor":24},{"not_picked":["theDuelist:CactusBouncer","theDuelist:LonefireBlossom+1","theDuelist:Firegrass+1","theDuelist:Invigoration+1"],"picked":"theDuelist:SilverApples+1","floor":27},{"not_picked":["theDuelist:WormWarlord","theDuelist:PotAvarice+1","theDuelist:Mausoleum+1","theDuelist:EarthGiant+1"],"picked":"theDuelist:WingedKuriboh","floor":28},{"not_picked":["theDuelist:BotanicalLion+1","theDuelist:JerryBeansMan","theDuelist:WhiteRoseDragon+1","theDuelist:RagingMadPlants+1"],"picked":"theDuelist:SuperSolarNutrient+1","floor":29},{"not_picked":["theDuelist:BigFire+1","theDuelist:Fissure+1","theDuelist:MarkRose+1","theDuelist:FrozenRose+1"],"picked":"theDuelist:RagingMadPlants+1","floor":30},{"not_picked":["theDuelist:RedHeadedOni+1","theDuelist:EarthEffigy+1","theDuelist:GiantTrapHole+1","theDuelist:WormBarses+1"],"picked":"theDuelist:Hinotama+1","floor":31},{"not_picked":["theDuelist:BlossomBombardment+1","theDuelist:HeartUnderdog+1","theDuelist:PredaplantSarraceniant","theDuelist:PredaplantChimerafflesia"],"picked":"theDuelist:BlackRoseMoonlight+1","floor":33},{"not_picked":["theDuelist:DestroyerGolem","theDuelist:DokiDoki+1","theDuelist:DummyGolem+1","theDuelist:PowerGiant+1"],"picked":"theDuelist:CrystalRose+1","floor":35},{"not_picked":["theDuelist:WorldTree+1","theDuelist:BloomingDarkestRose+1","theDuelist:SplendidRose+1"],"picked":"theDuelist:VioletCrystal+1","floor":39},{"not_picked":["theDuelist:WorldTree+1","theDuelist:BloomingDarkestRose+1","theDuelist:SplendidRose+1","theDuelist:VioletCrystal+1"],"picked":"theDuelist:SeedCannon+1","floor":40},{"not_picked":["theDuelist:AttackTheMoon+1","theDuelist:HammerShot+1","theDuelist:Predaponics+1","theDuelist:MiracleFertilizer+1"],"picked":"theDuelist:Invigoration+1","floor":42},{"not_picked":["theDuelist:CactusBouncer","theDuelist:Firegrass+1","theDuelist:BotanicalLion","theDuelist:Invigoration+1"],"picked":"theDuelist:BirdRoses+1","floor":45},{"not_picked":["theDuelist:CactusBouncer+1","theDuelist:JerryBeansMan+1","theDuelist:Invigoration+1","theDuelist:VioletCrystal+1"],"picked":"theDuelist:LonefireBlossom+1","floor":55}],"player_experience":1713287,"relics_obtained":[{"floor":8,"key":"Charon\u0027s Ashes"},{"floor":11,"key":"Toxic Egg 2"},{"floor":24,"key":"Smiling Mask"},{"floor":26,"key":"theDuelist:BoosterPackSpellEgg"},{"floor":27,"key":"theDuelist:MillenniumPrayerbook"},{"floor":30,"key":"Juzu Bracelet"},{"floor":40,"key":"Ancient Tea Set"},{"floor":42,"key":"theDuelist:MillenniumRing"},{"floor":43,"key":"Bird Faced Urn"},{"floor":45,"key":"Thread and Needle"},{"floor":45,"key":"Turnip"},{"floor":45,"key":"theDuelist:SummonAnchorRare"},{"floor":55,"key":"Self Forming Clay"}],"event_choices":[{"damage_healed":0,"gold_gain":0,"player_choice":"Take Damage","damage_taken":24,"relics_obtained":["Golden Idol"],"max_hp_gain":0,"max_hp_loss":0,"event_name":"Golden Idol","floor":7,"gold_loss":0},{"damage_healed":0,"gold_gain":0,"player_choice":"Trade","damage_taken":0,"relics_obtained":["SsserpentHead"],"max_hp_gain":0,"max_hp_loss":0,"event_name":"FaceTrader","floor":19,"gold_loss":0},{"damage_healed":0,"gold_gain":0,"player_choice":"Copied","damage_taken":0,"max_hp_gain":0,"max_hp_loss":0,"event_name":"Duplicator","floor":22,"gold_loss":0,"cards_obtained":["theDuelist:RevivalRose"]},{"damage_healed":0,"gold_gain":0,"player_choice":"Ignored","damage_taken":0,"max_hp_gain":0,"max_hp_loss":0,"event_name":"The Moai Head","floor":36,"gold_loss":0},{"damage_healed":0,"gold_gain":0,"player_choice":"Bought 1 Potion","damage_taken":0,"max_hp_gain":0,"max_hp_loss":0,"event_name":"The Woman in Blue","floor":37,"gold_loss":0},{"damage_healed":0,"gold_gain":0,"player_choice":"Leave","duelist":true,"damage_taken":0,"max_hp_gain":0,"max_hp_loss":0,"event_name":"Relic Duplicator","floor":38,"gold_loss":0},{"damage_healed":0,"gold_gain":0,"player_choice":"Fight","duelist":true,"damage_taken":0,"max_hp_gain":0,"max_hp_loss":0,"event_name":"Battle City","floor":45,"gold_loss":0},{"total_magic_score":145,"gold_gain":0,"duelist":true,"damage_taken":0,"relics_obtained":[],"points":2,"max_hp_gain":0,"max_hp_loss":0,"spent_points":{"magic":2,"greed":0,"war":0,"power":0,"hunger":0},"event_name":"Nameless Tomb","floor":47,"gold_loss":0,"cards_obtained":[]},{"damage_healed":0,"gold_gain":0,"player_choice":"Leave","duelist":true,"damage_taken":0,"max_hp_gain":0,"max_hp_loss":0,"event_name":"Tomb of the Nameless","floor":48,"gold_loss":0}],"is_beta":false,"boss_relics":[{"not_picked":["Runic Cube","theDuelist:ElectricKey"],"picked":"Ectoplasm"},{"not_picked":["Astrolabe","Runic Pyramid"],"picked":"Inserter"}],"items_purged_floors":[],"is_endless":false,"potions_floor_spawned":[1,2,3,14,16,24,27,30,39,42,55],"killed_by":"The Heart","ascension_level":20}}