{"host":"d4km6p8r92tm3vpl","time":1612637014,"event":{"mods":["AchievementEnabler","BaseMod","Colored Map","Colored Powertips","DeckTracker","Minty Spire (QoL Compilation)","Relic Stats","StSLib"],"gold_per_floor":[110,128,144,28,44,44,64,64,64,90,124,124,124,166,166,247,247,267,286,286,286,286],"floor_reached":21,"language":"ENG","playtime":685,"items_purged":[],"score":325,"play_id":"ad7ff239-a0b4-461b-b70d-9f2b16c72af9","local_time":"20210206134334","is_ascension_mode":true,"campfire_choices":[{"data":"Infinite Blades","floor":6,"key":"SMITH"},{"data":"Bouncing Flask","floor":8,"key":"SMITH"},{"floor":12,"key":"REST"},{"floor":15,"key":"REST"}],"circlet_count":0,"master_deck":["AscendersBane","Strike_G","Strike_G","Strike_G","Strike_G","Strike_G","Defend_G","Defend_G","Defend_G","Defend_G","Defend_G","Survivor","Neutralize","Infinite Blades+1","Infinite Blades+1","Sucker Punch","Accuracy","Deflect","Bouncing Flask+1","Terror+1","Backstab","Dash","Adrenaline","Prepared+1"],"relics":["Ring of the Snake","NeowsBlessing","CeramicFish","Oddly Smooth Stone","Bottled Lightning","Black Star"],"acts_visited":["Exordium","TheCity"],"potions_floor_usage":[11,14,16],"damage_taken":[{"damage":0,"enemies":"Cultist","floor":1,"turns":1},{"damage":0,"enemies":"2 Louse","floor":2,"turns":1},{"damage":0,"enemies":"Small Slimes","floor":3,"turns":1},{"damage":6,"enemies":"2 Fungi Beasts","floor":5,"turns":4},{"damage":4,"enemies":"3 Louse","floor":7,"turns":6},{"damage":16,"enemies":"Large Slime","floor":10,"turns":6},{"damage":20,"enemies":"3 Sentries","floor":11,"turns":5},{"damage":9,"enemies":"Lagavulin","floor":14,"turns":6},{"damage":24,"enemies":"Slime Boss","floor":16,"turns":11},{"damage":17,"enemies":"Shell Parasite","floor":18,"turns":7},{"damage":19,"enemies":"Spheric Guardian","floor":19,"turns":6},{"damage":29,"enemies":"Cultist and Chosen","floor":21,"turns":5}],"seed_played":"-3411099988304533724","potions_obtained":[{"floor":1,"key":"SpeedPotion"},{"floor":11,"key":"Weak Potion"},{"floor":16,"key":"GhostInAJar"},{"floor":18,"key":"AttackPotion"}],"is_trial":false,"path_per_floor":["M","M","M","$","M","R","M","R","T","M","E","R","?","E","R","B",null,"M","M","?","M"],"character_chosen":"THE_SILENT","items_purchased":["Accuracy","Explosive Potion"],"campfire_rested":2,"item_purchase_floors":[4,4],"current_hp_per_floor":[59,59,59,59,53,53,49,49,49,33,13,32,32,23,42,18,54,37,18,18,0,0],"gold":286,"neow_bonus":"THREE_ENEMY_KILL","is_daily":false,"chose_seed":false,"campfire_upgraded":2,"win_rate":0.0,"timestamp":1612637014,"path_taken":["M","M","M","$","M","R","M","R","T","?","E","R","?","E","R","BOSS","M","?","?","M"],"items_purchased_type":["Card","Potion"],"build_version":"2020-12-22","purchased_purges":0,"victory":false,"max_hp_per_floor":[66,66,66,66,66,66,66,66,66,66,66,66,66,66,66,66,66,66,66,66,66,66],"relic_stats":{"counters":[12,59],"CeramicFish":45,"Black Star":0,"obtain_stats":[{"NeowsBlessing":0,"CeramicFish":9,"Oddly Smooth Stone":11,"Black Star":17,"Bottled Lightning":14,"Ring of the Snake":0},{"NeowsBlessing":0,"CeramicFish":5,"Oddly Smooth Stone":7,"Black Star":9,"Bottled Lightning":8,"Ring of the Snake":0},{"NeowsBlessing":0,"CeramicFish":13,"Oddly Smooth Stone":24,"Black Star":41,"Bottled Lightning":30,"Ring of the Snake":0}],"Ring of the Snake":[24]},"card_choices":[{"not_picked":["Accuracy","Deflect"],"picked":"Infinite Blades","floor":1},{"not_picked":["Poisoned Stab","Blur"],"picked":"Infinite Blades","floor":2},{"not_picked":["Outmaneuver","Dodge and Roll"],"picked":"Sucker Punch","floor":3},{"not_picked":["Bane","Outmaneuver"],"picked":"Deflect","floor":5},{"not_picked":["Expertise","Distraction"],"picked":"Bouncing Flask","floor":7},{"not_picked":["Eviscerate","Predator"],"picked":"Terror","floor":10},{"not_picked":["Masterful Stab","PiercingWail"],"picked":"Backstab","floor":11},{"not_picked":["Slice","Underhanded Strike"],"picked":"Dash","floor":14},{"not_picked":["Grand Finale","Corpse Explosion"],"picked":"Adrenaline","floor":16},{"not_picked":["Masterful Stab+1","Bane","Underhanded Strike"],"picked":"SKIP","floor":18},{"not_picked":["Terror","Slice"],"picked":"Prepared+1","floor":19}],"player_experience":844976,"relics_obtained":[{"floor":9,"key":"CeramicFish"},{"floor":11,"key":"Oddly Smooth Stone"},{"floor":14,"key":"Bottled Lightning"}],"event_choices":[{"damage_healed":0,"gold_gain":0,"player_choice":"Upgraded","damage_taken":0,"max_hp_gain":0,"max_hp_loss":0,"event_name":"Upgrade Shrine","floor":13,"gold_loss":0,"cards_upgraded":["Infinite Blades"]},{"damage_healed":0,"gold_gain":0,"player_choice":"Upgraded","damage_taken":0,"max_hp_gain":0,"max_hp_loss":0,"event_name":"Upgrade Shrine","floor":20,"gold_loss":0,"cards_upgraded":["Terror"]}],"is_beta":false,"boss_relics":[{"not_picked":["Coffee Dripper","Pandora\u0027s Box"],"picked":"Black Star"}],"items_purged_floors":[],"is_endless":false,"potions_floor_spawned":[1,5,11,16,18],"killed_by":"Cultist and Chosen","ascension_level":14}}