{"host":"5dhwd44u3dydylwe","time":1612624353,"event":{"mods":["AchievementEnabler","BaseMod","BetterRewards","Dota2Spire","Downfall","Hubris","Minty Spire (QoL Compilation)","Shop Mod","StSLib","Wandering Minibosses"],"gold_per_floor":[99,109,128,142,161,41,66,116,116,71,71,144,177,177,194,224,238,339,339,339,359,93,103,205,231,31,31,48,78,78,94,123,123,152,163,262,262,162,181,195,215,215,215,227,253,264,164,176,176,204,204,234,281,281,297,315,315,315,347,9,9,9,9],"floor_reached":64,"language":"ENG","playtime":3782,"items_purged":["Slimebound:Strike_Slimebound","Slimebound:Defend_Slimebound"],"score":2170,"play_id":"bd5c9dee-4d54-486f-8e92-37172a48fe6b","local_time":"20210206231233","is_ascension_mode":true,"campfire_choices":[{"data":"Slimebound:Split","floor":1,"key":"SMITH"},{"data":"Slimebound:LevelUp","floor":11,"key":"SMITH"},{"data":"Slimebound:LeadByExample","floor":20,"key":"SMITH"},{"data":"Slimebound:SlimeBarrage","floor":26,"key":"SMITH"},{"data":"Reinforced Body","floor":30,"key":"SMITH"},{"floor":33,"key":"RECALL"},{"data":"Slimebound:Recycling","floor":38,"key":"SMITH"},{"data":"Hyperbeam","floor":43,"key":"SMITH"},{"data":"Slimebound:OozeBath","floor":49,"key":"SMITH"},{"data":"Apotheosis","floor":61,"key":"SMITH"}],"circlet_count":0,"master_deck":["Slimebound:Strike_Slimebound","Slimebound:Tackle","Slimebound:Defend_Slimebound","Slimebound:Defend_Slimebound","Slimebound:Split+1","Slimebound:CorrosiveSpit","Slimebound:SlimeBarrage+1","Slimebound:LivingWall","Slimebound:GoopSpray+1","Slimebound:SlimeSpikes","Slimebound:LeadByExample+1","Slimebound:LevelUp+1","Slimebound:PressTheAttack+1","Slimebound:LeechLife","CurseOfTheBell","Hyperbeam+1","Slimebound:SplitMire+1","Reinforced Body+1","Slimebound:OozeBath+1","Slimebound:LivingWall+1","Slimebound:Equalize+1","Slimebound:RainOfGoop+1","Slimebound:Prepare+1","Apotheosis+1"],"relics":["hubris:TerracottaHorce","Dota2Spire:PhaseBoots","wanderingMiniBosses:ThiefScarf","Boot","Art of War","Calipers","Calling Bell","hubris:OldNail","hubris:DisguiseKit","Ice Cream","Dota2Spire:BattleFury","Lantern","Dota2Spire:Satanic","downfall:HeartBlessingGreen","downfall:HeartBlessingBlue","Thread and Needle","Potion Belt","War Paint","StrikeDummy","Snecko Eye","downfall:HeartBlessingRed","Dota2Spire:BladeMail","hubris:SlimyHat","Dota2Spire:ArcaneBoots","Slimebound:SlimedTailRelic","Lizard Tail","Slimebound:SelfDamagePreventRelic"],"acts_visited":["Exordium","TheCity","TheBeyond","TheEnding"],"potions_floor_usage":[13,24,54,63,63,63,63],"damage_taken":[{"damage":7,"enemies":"Jaw Worm","floor":2,"turns":3},{"damage":0,"enemies":"Cultist","floor":3,"turns":3},{"damage":0,"enemies":"2 Louse","floor":4,"turns":2},{"damage":3,"enemies":"Blue Slaver","floor":5,"turns":3},{"damage":0,"enemies":"downfall:FleeingMerchant","floor":6,"turns":7},{"damage":6,"enemies":"Lagavulin","floor":7,"turns":6},{"damage":0,"enemies":"downfall:FleeingMerchant","floor":10,"turns":6},{"damage":1,"enemies":"Large Slime","floor":12,"turns":5},{"damage":21,"enemies":"Gremlin Nob","floor":13,"turns":4},{"damage":6,"enemies":"3 Louse","floor":15,"turns":5},{"damage":0,"enemies":"3 Sentries","floor":16,"turns":6},{"damage":6,"enemies":"Lots of Slimes","floor":17,"turns":3},{"damage":0,"enemies":"SI_SHIV_ARCHETYPE","floor":18,"turns":6},{"damage":1,"enemies":"Spheric Guardian","floor":21,"turns":4},{"damage":10,"enemies":"downfall:FleeingMerchant","floor":22,"turns":4},{"damage":3,"enemies":"3 Byrds","floor":23,"turns":3},{"damage":18,"enemies":"downfall:FleeingMerchant","floor":24,"turns":4},{"damage":26,"enemies":"Slavers","floor":25,"turns":4},{"damage":6,"enemies":"Snecko","floor":28,"turns":4},{"damage":11,"enemies":"Book of Stabbing","floor":29,"turns":4},{"damage":9,"enemies":"Centurion and Healer","floor":31,"turns":5},{"damage":0,"enemies":"Gremlin Leader","floor":32,"turns":4},{"damage":2,"enemies":"Slavers","floor":34,"turns":4},{"damage":1,"enemies":"3 Cultists","floor":35,"turns":3},{"damage":30,"enemies":"DF_ARCHETYPE_CLAW","floor":36,"turns":7},{"damage":4,"enemies":"Orb Walker","floor":39,"turns":4},{"damage":0,"enemies":"3 Shapes","floor":40,"turns":1},{"damage":1,"enemies":"Spire Growth","floor":41,"turns":4},{"damage":0,"enemies":"Transient","floor":44,"turns":5},{"damage":0,"enemies":"Sphere and 2 Shapes","floor":46,"turns":3},{"damage":0,"enemies":"Spire Growth","floor":48,"turns":2},{"damage":0,"enemies":"Reptomancer","floor":50,"turns":2},{"damage":0,"enemies":"Nemesis","floor":52,"turns":1},{"damage":14,"enemies":"2 Orb Walkers","floor":53,"turns":2},{"damage":18,"enemies":"Jaw Worm Horde","floor":55,"turns":2},{"damage":0,"enemies":"Transient","floor":56,"turns":5},{"damage":0,"enemies":"IC_BLOCK_ARCHETYPE","floor":57,"turns":5},{"damage":29,"enemies":"downfall:CharBossMerchant","floor":59,"turns":5},{"damage":33,"enemies":"downfall:NeowBoss","floor":62,"turns":10},{"damage":15,"enemies":"downfall:NeowBossFinal","floor":63,"turns":4}],"seed_played":"1797102639211564487","potions_obtained":[{"floor":3,"key":"Dexterity Potion"},{"floor":4,"key":"Ancient Potion"},{"floor":5,"key":"BlessingOfTheForge"},{"floor":12,"key":"Regen Potion"},{"floor":14,"key":"DuplicationPotion"},{"floor":14,"key":"PowerPotion"},{"floor":23,"key":"DuplicationPotion"},{"floor":25,"key":"FairyPotion"},{"floor":32,"key":"Fruit Juice"},{"floor":36,"key":"sneckomod:MuddlingPotion"},{"floor":55,"key":"DuplicationPotion"}],"is_trial":false,"path_per_floor":["R","M","M","M","M","$","E","T","T","$","R","M","E","?","M","E","M","B",null,"R","M","$","M","$","E","R","T","M","E","R","M","E","R","E","M","B",null,"R","M","M","M","?","R","M","T","M","NS","M","R","E","?","E","?","$","M","M","B",null,"E","$","R","B","B",null],"character_chosen":"SLIMEBOUND","items_purchased":["Dota2Spire:BattleFury","Lantern","Slimebound:SelfDamagePreventRelic","Apotheosis"],"campfire_rested":0,"item_purchase_floors":[22,24,60,60],"current_hp_per_floor":[65,58,58,58,55,55,49,49,49,49,49,48,44,44,38,38,32,32,57,57,64,54,65,47,30,40,40,34,48,48,50,56,56,54,53,41,67,67,73,73,72,72,72,75,75,75,75,75,75,75,75,75,61,66,60,80,80,80,75,75,75,80,80],"gold":9,"neow_bonus":"BOSS_RELIC","is_daily":false,"chose_seed":false,"campfire_upgraded":9,"win_rate":0.0,"timestamp":1612624353,"path_taken":["R","M","M","M","M","$","E","T","T","$","R","M","E","?","?","E","M","BOSS","R","?","$","M","$","E","R","T","M","E","R","M","E","R","E","M","BOSS","R","M","M","?","?","R","M","T","M","NS","?","R","E","?","E","?","$","M","M","BOSS","E","$","R","BOSS","BOSS"],"items_purchased_type":["Relic","Relic","Relic","Card"],"build_version":"2020-12-22","purchased_purges":2,"victory":true,"max_hp_per_floor":[65,65,65,65,65,65,65,65,65,65,65,65,65,65,65,65,65,65,65,65,65,65,65,65,65,75,75,75,75,75,75,75,75,75,75,75,75,75,75,75,75,75,75,75,75,75,75,75,75,75,75,75,75,80,80,80,80,80,80,80,80,80,80],"card_choices":[{"not_picked":["Slimebound:SplitLeeching","Slimebound:DisruptingSlam"],"picked":"Slimebound:SlimeBarrage","floor":2},{"not_picked":["Slimebound:RejuvenatingLick","Slimebound:SlimeBarrage"],"picked":"Slimebound:LivingWall","floor":3},{"not_picked":["Slimebound:LeechEnergy","Slimebound:LeechingTouch"],"picked":"Slimebound:GoopSpray","floor":4},{"not_picked":["Slimebound:ComboTackle","Slimebound:SlimeSlap"],"picked":"Slimebound:SlimeSpikes","floor":5},{"not_picked":["Slimebound:SlimeSpikes","Slimebound:ComboTackle"],"picked":"Slimebound:LeadByExample","floor":6},{"not_picked":["Slimebound:TongueLash","Slimebound:LivingWall","Slimebound:Prepare"],"picked":"SKIP","floor":7},{"not_picked":["Slimebound:ViciousTackle","Slimebound:DivideAndConquer"],"picked":"Slimebound:LevelUp","floor":10},{"not_picked":["Slimebound:GoopTackle","Slimebound:ServeAndProtect","Slimebound:RollThrough"],"picked":"SKIP","floor":12},{"not_picked":["Slimebound:Schlurp","Slimebound:SlimeSlap","Slimebound:LivingWall"],"picked":"SKIP","floor":13},{"not_picked":["Slimebound:SamplingLick","Slimebound:ItLooksTasty","Slimebound:SlimeBrawl"],"picked":"SKIP","floor":15},{"not_picked":["Slimebound:FormOfPuddle","Slimebound:Nibble"],"picked":"Slimebound:PressTheAttack","floor":16},{"not_picked":["Slimebound:SlimeTap","Slimebound:RejuvenatingLick","Slimebound:ComboTackle"],"picked":"SKIP","floor":17},{"not_picked":["Slimebound:CheckThePlaybook","Slimebound:PrepareCrush"],"picked":"Slimebound:LeechLife","floor":18},{"not_picked":["Slimebound:GoopTackle","Slimebound:Gluttony","Slimebound:SamplingLick","Stack"],"picked":"SKIP","floor":21},{"not_picked":["Slimebound:SlimeBrawl","Slimebound:GrowthPunch","Slimebound:BestDefense"],"picked":"Hyperbeam","floor":22},{"not_picked":["Slimebound:RollThrough","Slimebound:RejuvenatingLick+1","Leap"],"picked":"Slimebound:SplitMire+1","floor":23},{"not_picked":["Slimebound:HungryTackle","Slimebound:HauntingLick","Slimebound:SelfFormingGoo","Hyperbeam"],"picked":"SKIP","floor":24},{"not_picked":["Slimebound:SplitMire","Slimebound:SplitBruiser+1","Slimebound:Schlurp"],"picked":"Reinforced Body","floor":25},{"not_picked":["Slimebound:Dissolve","Slimebound:LeechEnergy","Slimebound:SplitBruiser","Compile Driver"],"picked":"SKIP","floor":28},{"not_picked":["Slimebound:LeechingTouch","Slimebound:PressTheAttack","Slimebound:Dissolve","Leap"],"picked":"SKIP","floor":29},{"not_picked":["Slimebound:SplitAcid+1","Slimebound:GoopSpray+1","Slimebound:LivingWall","Melter"],"picked":"SKIP","floor":31},{"not_picked":["Slimebound:TongueLash","Slimebound:ViciousTackle+1","Turbo"],"picked":"Slimebound:OozeBath","floor":32},{"not_picked":["Slimebound:Replication","Slimebound:RollThrough","Slimebound:SlimeTap","Core Surge"],"picked":"SKIP","floor":34},{"not_picked":["Slimebound:DivideAndConquer","Slimebound:DisruptingSlam","Slimebound:FinishingTackle","Rebound"],"picked":"SKIP","floor":35},{"not_picked":["Slimebound:MassFeed","Slimebound:PrepareCrush","Rainbow"],"picked":"Slimebound:Recycling","floor":36},{"not_picked":["Slimebound:SlimeSpikes+1","Slimebound:SplitLeeching","Gash"],"picked":"Slimebound:LivingWall+1","floor":39},{"not_picked":["Slimebound:TongueLash","Slimebound:PressTheAttack+1","Coolheaded"],"picked":"Slimebound:Equalize+1","floor":40},{"not_picked":["Slimebound:ComboTackle+1","Slimebound:Gluttony","Slimebound:SplitBruiser","Conserve Battery"],"picked":"SKIP","floor":41},{"not_picked":["Slimebound:FormOfPuddle+1","Slimebound:LeechingTouch","Conserve Battery"],"picked":"Slimebound:RainOfGoop+1","floor":46},{"not_picked":["Slimebound:LeechingTouch","Slimebound:SplitLeeching+1","Slimebound:SplitMire+1","hubris:Ukulele"],"picked":"SKIP","floor":48},{"not_picked":["Slimebound:Nibble+1","Slimebound:GrowthPunch","Slimebound:PressTheAttack+1","Fusion"],"picked":"SKIP","floor":50},{"not_picked":["Slimebound:LeadByExample+1","Slimebound:Schlurp","Glacier"],"picked":"Slimebound:Prepare+1","floor":52},{"not_picked":["Slimebound:LeadByExample+1","Slimebound:SlimeSlap","Slimebound:ItLooksTasty","Auto Shields"],"picked":"SKIP","floor":55},{"not_picked":["Slimebound:SplitMire","Slimebound:SplitAcid+1","Slimebound:SplitLeeching","Streamline"],"picked":"SKIP","floor":56},{"not_picked":["Slimebound:Schlurp+1","Slimebound:MegaLick+1","Slimebound:SamplingLick+1","Hologram"],"picked":"SKIP","floor":59}],"player_experience":212972,"relics_obtained":[{"floor":7,"key":"Boot"},{"floor":8,"key":"Dota2Spire:PhaseBoots"},{"floor":12,"key":"wanderingMiniBosses:ThiefScarf"},{"floor":12,"key":"Boot"},{"floor":13,"key":"Art of War"},{"floor":16,"key":"Calipers"},{"floor":19,"key":"hubris:OldNail"},{"floor":19,"key":"hubris:DisguiseKit"},{"floor":19,"key":"Ice Cream"},{"floor":25,"key":"Dota2Spire:Satanic"},{"floor":27,"key":"Thread and Needle"},{"floor":29,"key":"Potion Belt"},{"floor":32,"key":"War Paint"},{"floor":34,"key":"StrikeDummy"},{"floor":45,"key":"Dota2Spire:BladeMail"},{"floor":50,"key":"hubris:SlimyHat"},{"floor":52,"key":"Dota2Spire:ArcaneBoots"},{"floor":53,"key":"Slimebound:SlimedTailRelic"},{"floor":59,"key":"Lizard Tail"}],"event_choices":[{"damage_healed":0,"gold_gain":0,"player_choice":"Got Potions","damage_taken":0,"max_hp_gain":0,"max_hp_loss":0,"event_name":"Lab","floor":14,"gold_loss":0},{"cards_removed":["Slimebound:Strike_Slimebound"],"damage_healed":0,"gold_gain":0,"player_choice":"Card Removal","damage_taken":0,"max_hp_gain":0,"max_hp_loss":0,"event_name":"Wheel of Change","floor":42,"gold_loss":0},{"damage_healed":0,"gold_gain":0,"player_choice":"Fight","damage_taken":0,"max_hp_gain":0,"max_hp_loss":0,"event_name":"Mysterious Sphere","floor":53,"gold_loss":0}],"is_beta":false,"boss_relics":[{"not_picked":["Velvet Choker","hubris:Stopwatch"],"picked":"Calling Bell"},{"not_picked":["Tiny House","Sozu"],"picked":"Snecko Eye"}],"items_purged_floors":[6,24],"is_endless":false,"potions_floor_spawned":[3,4,5,12,18,23,25,32,36,39,44,55,56],"ascension_level":9}}