{"host":"4kmvpqjeiacgn1pr","time":1612570887,"event":{"mods":["A Penny For Your Troubles","AchievementEnabler","AlwaysNeverKeys","Aspiration","BaseMod","Bestiary","Better Altar","Better Match","Better Note","Better Sensory Stone","Better Skull","Better Third Choice","Better Vampires","BetterRewards","Colored Map","Colored Powertips","Conspire","Curses Come First","Downfall","Halation","Highlight Path","Infinite Spire","Minty Spire (QoL Compilation)","Permanent Neow","Quick Restart","Rare Cards Sparkle","Relic Sorter","Relic Stats","Replay The Spire","Reworked Bosses","Shop Mod","Smile Girya","Spicy Shops","Spikes Relics","StSLib","Waifu the Spire"],"gold_per_floor":[109,109,34,34,34,61,73,73,73,73,90,117,117,143,143,240,240,256,90,100,100,110,144,163,195,218,218,21,32,62,79,79,179,179,197,209,227,227,227,227,227,227,302,302,332,351,351,351],"floor_reached":47,"language":"ENG","playtime":1943,"items_purged":["Pain","Writhe"],"score":859,"play_id":"58da694c-50a6-40ed-b2d9-8eaeb966748d","local_time":"20210205192127","is_ascension_mode":true,"campfire_choices":[{"data":"Storm of Steel","floor":8,"key":"SMITH"},{"data":"aspiration:Lunge","floor":10,"key":"SMITH"},{"data":"Endless Agony","floor":13,"key":"SMITH"},{"floor":15,"key":"REST"},{"data":"Blade Dance","floor":32,"key":"SMITH"},{"data":"Night Terror","floor":40,"key":"SMITH"},{"floor":44,"key":"REST"}],"circlet_count":0,"master_deck":["AscendersBane","Strike_G","Strike_G","Defend_G","Defend_G","Defend_G","Survivor","Neutralize","sneckomod:SnekBite+1","Blade Dance","Slice","Backstab","Storm of Steel+1","aspiration:Lunge+1","Endless Agony+1","Grand Finale","Night Terror+1","Corpse Explosion","Sucker Punch","Choke+1","Infinite Blades+1","Replay:Fractal Strike+1","Underhanded Strike+1","Eviscerate+1","Sucker Punch+1","Slice+1","PlatinumSkin+1","Riddle With Holes+1","Atom Bomb+1","Blade Dance+1","Die Die Die+1","Unload+1","Backstab+1","Blade Dance+1","Footwork+1","infinitespire:Menacing","Heel Hook+1","ReplayTheSpireMod:Shiv Toss+1"],"relics":["Ring of the Snake","Replay:PocketPolymizer","WarpedTongs","Gambling Chip","Frozen Egg 2","MealTicket","ReplayTheSpireMod:Lightbulb","aspiration:PoetsPen_weak","Molten Egg 2","aspiration:TomeofQuesting","Omamori","Snake Skull","Replay:Baseball","aspiration:RitualStick","RollingBoulder","Black Star","halation:PinkSoulGem","halation:PapillonHeart","Replay:Bottled Steam","infinitespire:FocusingShard","Question Card"],"acts_visited":["Exordium","TheCity","TheBeyond"],"potions_floor_usage":[16,16,37,47,47,47],"damage_taken":[{"damage":2,"enemies":"Jaw Worm","floor":1,"turns":5},{"damage":29,"enemies":"Gremlin Nob","floor":6,"turns":4},{"damage":0,"enemies":"Cultist","floor":7,"turns":3},{"damage":0,"enemies":"Small Slimes","floor":11,"turns":1},{"damage":20,"enemies":"Lagavulin","floor":12,"turns":4},{"damage":10,"enemies":"Gremlin Nob","floor":14,"turns":3},{"damage":18,"enemies":"Hexaghost","floor":16,"turns":5},{"damage":0,"enemies":"3 Byrds","floor":18,"turns":2},{"damage":11,"enemies":"2 Thieves","floor":20,"turns":2},{"damage":15,"enemies":"Snake Plant","floor":22,"turns":3},{"damage":8,"enemies":"conspire:Head Lice","floor":23,"turns":4},{"damage":0,"enemies":"Snecko","floor":24,"turns":2},{"damage":7,"enemies":"Slavers","floor":25,"turns":2},{"damage":0,"enemies":"conspire:HollyBat","floor":29,"turns":9},{"damage":2,"enemies":"Book of Stabbing","floor":30,"turns":2},{"damage":0,"enemies":"Shelled Parasite and Fungi","floor":31,"turns":1},{"damage":19,"enemies":"bossMod:newChamp","floor":33,"turns":5},{"damage":8,"enemies":"Orb Walker","floor":35,"turns":2},{"damage":16,"enemies":"3 Shapes","floor":36,"turns":1},{"damage":8,"enemies":"Jaw Worm Horde","floor":37,"turns":2},{"damage":13,"enemies":"Giant Head","floor":45,"turns":4},{"damage":12,"enemies":"Transient","floor":46,"turns":5},{"damage":11,"enemies":"Sphere and 2 Shapes","floor":47,"turns":1}],"seed_played":"-9035097979526695174","potions_obtained":[{"floor":1,"key":"sneckomod:MuddlingPotion"},{"floor":14,"key":"PowerPotion"},{"floor":16,"key":"SteroidPotion"},{"floor":20,"key":"Doom Potion"},{"floor":22,"key":"Regen Potion"},{"floor":29,"key":"Strength Potion"},{"floor":36,"key":"BlessingOfTheForge"},{"floor":45,"key":"SteroidPotion"}],"is_trial":false,"path_per_floor":["M","?","$","?","?","E","M","R","T","R","M","E","R","E","R_BF","B",null,"M","$","M","AVR","M","E","M","E","T","?","$","M","E","M","R","B",null,"M","M","M","?","?","R","?","?","T","R","E","M","M"],"character_chosen":"THE_SILENT","items_purchased":["Molten Egg 2","Choke+1","PlatinumSkin+1"],"campfire_rested":2,"item_purchase_floors":[19,19,28],"current_hp_per_floor":[61,61,61,61,61,32,32,32,32,32,32,12,12,2,23,5,54,54,69,58,58,43,35,35,28,28,14,29,29,27,27,27,8,55,47,31,28,10,10,10,10,10,10,29,16,4,0,0],"gold":351,"neow_bonus":"ONE_RARE_RELIC","is_daily":false,"chose_seed":false,"campfire_upgraded":5,"win_rate":0.0,"timestamp":1612570887,"path_taken":["M","?","?","?","?","E","?","R","T","R","M","E","R","E","R_BF","BOSS","M","?","M","AVR","M","E","M","E","T","?","?","?","E","M","R","BOSS","M","M","M","?","?","R","?","?","T","R","E","M","?"],"items_purchased_type":["Relic","Card","Card"],"build_version":"2020-12-22","purchased_purges":2,"victory":false,"max_hp_per_floor":[70,70,70,70,70,70,70,70,70,70,70,70,70,70,70,70,70,70,70,70,70,70,70,70,70,70,70,70,70,70,70,70,70,70,70,70,70,70,70,70,70,66,66,66,66,66,66,66],"relic_stats":{"counters":[23,72],"Gambling Chip":[59],"MealTicket":30,"Snake Skull":[9],"Black Star":1,"Question Card":1,"obtain_stats":[{"halation:PapillonHeart":42,"Replay:PocketPolymizer":0,"aspiration:TomeofQuesting":21,"aspiration:PoetsPen_weak":17,"Snake Skull":25,"infinitespire:FocusingShard":45,"Omamori":23,"Frozen Egg 2":9,"Question Card":45,"aspiration:RitualStick":27,"WarpedTongs":2,"Replay:Baseball":26,"Gambling Chip":6,"MealTicket":12,"Molten Egg 2":19,"RollingBoulder":30,"Black Star":34,"ReplayTheSpireMod:Lightbulb":14,"halation:PinkSoulGem":41,"Ring of the Snake":0,"Replay:Bottled Steam":43},{"halation:PapillonHeart":20,"Replay:PocketPolymizer":0,"aspiration:TomeofQuesting":9,"aspiration:PoetsPen_weak":7,"Snake Skull":13,"infinitespire:FocusingShard":21,"Omamori":11,"Frozen Egg 2":3,"Question Card":21,"aspiration:RitualStick":13,"WarpedTongs":1,"Replay:Baseball":13,"Gambling Chip":2,"MealTicket":5,"Molten Egg 2":8,"RollingBoulder":15,"Black Star":17,"ReplayTheSpireMod:Lightbulb":6,"halation:PinkSoulGem":20,"Ring of the Snake":0,"Replay:Bottled Steam":20},{"halation:PapillonHeart":62,"Replay:PocketPolymizer":0,"aspiration:TomeofQuesting":29,"aspiration:PoetsPen_weak":25,"Snake Skull":40,"infinitespire:FocusingShard":66,"Omamori":36,"Frozen Egg 2":12,"Question Card":66,"aspiration:RitualStick":40,"WarpedTongs":5,"Replay:Baseball":40,"Gambling Chip":9,"MealTicket":17,"Molten Egg 2":27,"RollingBoulder":51,"Black Star":57,"ReplayTheSpireMod:Lightbulb":20,"halation:PinkSoulGem":62,"Ring of the Snake":0,"Replay:Bottled Steam":62}],"aspiration:RitualStick":[0],"Ring of the Snake":[46],"WarpedTongs":[67]},"card_choices":[{"not_picked":["Outmaneuver","Flying Knee"],"picked":"Blade Dance","floor":1},{"not_picked":["Acrobatics","Backflip"],"picked":"Slice","floor":6},{"not_picked":["Bane","Underhanded Strike"],"picked":"Backstab","floor":7},{"not_picked":["Replay:Poison Smokescreen","PiercingWail"],"picked":"Endless Agony","floor":11},{"not_picked":["Dagger Spray","ReplayTheSpireMod:Speed Training","Poisoned Stab"],"picked":"SKIP","floor":12},{"not_picked":["Bane","Dodge and Roll","Prepared"],"picked":"SKIP","floor":14},{"not_picked":["Replay:Bag of Tricks","aspiration:Lunge"],"picked":"Corpse Explosion","floor":16},{"not_picked":["Slice","Hidden Blade+1"],"picked":"Sucker Punch","floor":18},{"not_picked":["Slice+1","Tactician"],"picked":"Infinite Blades+1","floor":20},{"not_picked":["Replay:Poison Smokescreen","Toxin Wave"],"picked":"Underhanded Strike+1","floor":22},{"not_picked":["Dodge and Roll","Leg Sweep"],"picked":"Eviscerate+1","floor":23},{"not_picked":["Reflex+1","Outmaneuver"],"picked":"Sucker Punch+1","floor":24},{"not_picked":["Deflect","Quick Slash+1"],"picked":"Slice+1","floor":25},{"not_picked":["Sneak Up+1","Prepared+1"],"picked":"Riddle With Holes+1","floor":29},{"not_picked":["ReplayTheSpireMod:Speed Training","Envenom+1"],"picked":"Atom Bomb+1","floor":30},{"not_picked":["Flying Knee+1","Outmaneuver"],"picked":"Blade Dance","floor":31},{"not_picked":["Bullet Time","After Image+1"],"picked":"Unload+1","floor":33},{"not_picked":["ReplayTheSpireMod:Speed Training","Acrobatics"],"picked":"Backstab+1","floor":35},{"not_picked":["Replay:Poison Smokescreen","Slice+1"],"picked":"Blade Dance+1","floor":36},{"not_picked":["Deadly Poison+1","Malaise","Bane+1"],"picked":"SKIP","floor":37},{"not_picked":["infinitespire:TheBestDefense","infinitespire:NeuralNetwork"],"picked":"infinitespire:FinalStrike","floor":38},{"not_picked":["Bane+1","Backstab+1"],"picked":"Heel Hook+1","floor":45},{"not_picked":["Prepared+1","ReplayTheSpireMod:Speed Training","Hidden Blade+1"],"picked":"ReplayTheSpireMod:Shiv Toss+1","floor":46}],"player_experience":446657,"relics_obtained":[{"floor":6,"key":"Gambling Chip"},{"floor":9,"key":"Frozen Egg 2"},{"floor":12,"key":"MealTicket"},{"floor":14,"key":"ReplayTheSpireMod:Lightbulb"},{"floor":23,"key":"Omamori"},{"floor":25,"key":"Snake Skull"},{"floor":26,"key":"Replay:Baseball"},{"floor":30,"key":"RollingBoulder"},{"floor":43,"key":"Replay:Bottled Steam"},{"floor":45,"key":"infinitespire:FocusingShard"},{"floor":45,"key":"Question Card"}],"event_choices":[{"damage_healed":0,"gold_gain":0,"player_choice":"Rummage","damage_taken":0,"relics_obtained":["WarpedTongs"],"max_hp_gain":0,"max_hp_loss":0,"event_name":"Accursed Blacksmith","floor":2,"gold_loss":0,"cards_obtained":["Pain"]},{"damage_healed":0,"gold_gain":0,"cards_transformed":["Defend_R"],"player_choice":"Change","damage_taken":0,"max_hp_gain":0,"max_hp_loss":0,"event_name":"Living Wall","floor":4,"gold_loss":0,"cards_obtained":["Replay:Poison Smokescreen"]},{"damage_healed":0,"gold_gain":0,"player_choice":"Upgraded","damage_taken":0,"max_hp_gain":0,"max_hp_loss":0,"event_name":"Upgrade Shrine","floor":5,"gold_loss":0,"cards_upgraded":["sneckomod:SnekBite"]},{"damage_healed":0,"gold_gain":0,"player_choice":"Ignored","damage_taken":0,"max_hp_gain":0,"max_hp_loss":0,"event_name":"Tomb of Lord Red Mask","floor":39,"gold_loss":0}],"is_beta":false,"boss_relics":[{"not_picked":["Replay:Drink Me","Snecko Eye"],"picked":"aspiration:PoetsPen_weak"},{"not_picked":["Fusion Hammer","Empty Cage"],"picked":"Black Star"}],"items_purged_floors":[3,28],"is_endless":false,"potions_floor_spawned":[1,14,16,20,22,29,31,36,45,46],"killed_by":"Sphere and 2 Shapes","ascension_level":10}}