{"host":"kth2ngi076kd734g","time":1612603635,"event":{"mods":["BaseMod","Colored Map","Filter the Spire","Minty Spire (QoL Compilation)","Relic Stats"],"gold_per_floor":[117,117,132,15,25,54,70,83,107,107,123,123,157,157,157,260,260,274,301,216,36,48,48,80,80,106,136,136,148,173,191,191,290,290,301,314,314,189,208,240,250,270,295,328,343,354,369,42,42,42,42],"floor_reached":50,"language":"ENG","playtime":4832,"items_purged":["Pain"],"score":783,"play_id":"bb2af026-f152-44ee-b0b1-c9a225db3441","local_time":"20210206102715","is_ascension_mode":true,"campfire_choices":[{"floor":10.0,"key":"REST"},{"data":"Chill","floor":12.0,"key":"SMITH"},{"floor":15.0,"key":"REST"},{"data":"Defragment","floor":23.0,"key":"SMITH"},{"data":"Zap","floor":28.0,"key":"SMITH"},{"floor":32.0,"key":"REST"},{"floor":49.0,"key":"RECALL"}],"circlet_count":0,"master_deck":["Zap+1","Dualcast","Skim","Thunder Strike","BootSequence","Thunder Strike","Ball Lightning","Beam Cell","Redo","Thunder Strike","Chill+1","Turbo","Capacitor","Skim","Genetic Algorithm","Conserve Battery","Glacier","Machine Learning","Barrage","Defragment+1","FTL","Go for the Eyes","Hello World","Sunder+1","Steam+1","Storm+1","Creative AI","Storm","Capacitor+1","Recycle+1","Streamline","Leap+1","Tempest+1","Glacier+1","Go for the Eyes+1","Hologram+1","Compile Driver","Apotheosis+1","Tempest+1","Loop","Barrage"],"relics":["Pandora\u0027s Box","WarpedTongs","Akabeko","Omamori","Blood Vial","Busted Crown","Lantern","Mercury Hourglass","Bag of Preparation","Red Mask","Toxic Egg 2","Snecko Eye","Toy Ornithopter","Potion Belt","Regal Pillow","Nunchaku"],"acts_visited":["Exordium","TheCity","TheBeyond"],"potions_floor_usage":[],"damage_taken":[{"damage":2.0,"enemies":"Jaw Worm","floor":1.0,"turns":3.0},{"damage":3.0,"enemies":"Cultist","floor":3.0,"turns":3.0},{"damage":13.0,"enemies":"Small Slimes","floor":5.0,"turns":3.0},{"damage":24.0,"enemies":"3 Sentries","floor":6.0,"turns":5.0},{"damage":7.0,"enemies":"3 Louse","floor":7.0,"turns":4.0},{"damage":9.0,"enemies":"Large Slime","floor":8.0,"turns":4.0},{"damage":0.0,"enemies":"Exordium Wildlife","floor":11.0,"turns":4.0},{"damage":12.0,"enemies":"Lagavulin","floor":13.0,"turns":7.0},{"damage":13.0,"enemies":"The Guardian","floor":16.0,"turns":10.0},{"damage":4.0,"enemies":"3 Byrds","floor":18.0,"turns":4.0},{"damage":2.0,"enemies":"Spheric Guardian","floor":22.0,"turns":4.0},{"damage":25.0,"enemies":"Gremlin Leader","floor":24.0,"turns":7.0},{"damage":0.0,"enemies":"Masked Bandits","floor":27.0,"turns":4.0},{"damage":10.0,"enemies":"Snake Plant","floor":29.0,"turns":5.0},{"damage":0.0,"enemies":"Book of Stabbing","floor":30.0,"turns":5.0},{"damage":0.0,"enemies":"Cultist and Chosen","floor":31.0,"turns":5.0},{"damage":4.0,"enemies":"Champ","floor":33.0,"turns":8.0},{"damage":1.0,"enemies":"3 Shapes","floor":35.0,"turns":4.0},{"damage":0.0,"enemies":"3 Darklings","floor":36.0,"turns":3.0},{"damage":0.0,"enemies":"4 Shapes","floor":39.0,"turns":4.0},{"damage":0.0,"enemies":"Reptomancer","floor":40.0,"turns":4.0},{"damage":0.0,"enemies":"Jaw Worm Horde","floor":41.0,"turns":3.0},{"damage":17.0,"enemies":"Sphere and 2 Shapes","floor":42.0,"turns":4.0},{"damage":11.0,"enemies":"Nemesis","floor":44.0,"turns":3.0},{"damage":23.0,"enemies":"Maw","floor":45.0,"turns":5.0},{"damage":9.0,"enemies":"3 Darklings","floor":46.0,"turns":4.0},{"damage":10.0,"enemies":"Writhing Mass","floor":47.0,"turns":5.0},{"damage":39,"enemies":"Donu and Deca","floor":50,"turns":6}],"seed_played":"3250789373532612805","potions_obtained":[{"floor":3.0,"key":"Block Potion"},{"floor":7.0,"key":"Block Potion"},{"floor":8.0,"key":"Strength Potion"},{"floor":11.0,"key":"Fire Potion"},{"floor":14.0,"key":"EntropicBrew"},{"floor":16.0,"key":"DistilledChaos"},{"floor":24.0,"key":"SpeedPotion"},{"floor":29.0,"key":"SkillPotion"},{"floor":30.0,"key":"Strength Potion"},{"floor":33.0,"key":"FearPotion"},{"floor":35.0,"key":"Explosive Potion"},{"floor":36.0,"key":"FocusPotion"},{"floor":39.0,"key":"LiquidMemories"},{"floor":46.0,"key":"Fruit Juice"}],"is_trial":false,"path_per_floor":["M","?","M","$","M","E","M","M","T","R","M","R","E","?","R","B",null,"M","T","?","$","M","R","E","?","T","?","R","M","E","M","R","B",null,"M","M","?","$","M","E","M","M","T","E","M","M","M","$","R","B"],"character_chosen":"DEFECT","items_purchased":["Capacitor","ColorlessPotion","Defragment","FTL","PowerPotion","Recycle+1","Apotheosis+1","Tempest+1","Loop","Barrage"],"campfire_rested":3,"item_purchase_floors":[4,4,21,21,38,38,48,48,48,48],"current_hp_per_floor":[73,73,70,70,57,33,26,17,17,39,39,39,27,27,49,38,66,64,64,64,64,64,64,41,41,41,43,43,35,37,39,61,59,71,72,74,74,74,75,75,75,58,58,54,33,26,28,28,28,0,0],"gold":42,"neow_bonus":"BOSS_RELIC","is_daily":false,"chose_seed":false,"campfire_upgraded":3,"win_rate":0.0,"timestamp":1612603635,"path_taken":["M","?","?","$","M","E","M","M","T","R","?","R","E","?","R","BOSS","M","?","?","$","M","R","E","?","T","?","R","M","E","M","R","BOSS","M","M","?","$","M","E","M","M","T","E","M","?","M","?","R","BOSS"],"items_purchased_type":["Card","Potion","Card","Card","Potion","Card","Card","Card","Card","Card"],"build_version":"2020-12-22","purchased_purges":1,"victory":false,"max_hp_per_floor":[75,75,75,75,75,75,75,75,75,75,75,75,75,75,75,75,75,75,75,75,75,75,75,75,75,75,75,75,75,75,75,75,75,75,75,75,75,75,75,75,75,75,75,75,75,75,80,80,80,80,80],"relic_stats":{"Blood Vial":33,"Regal Pillow":0,"Nunchaku":[2],"Busted Crown":36,"counters":[28,130],"Snecko Eye":[93,93,100,91],"Pandora\u0027s Box":["Skim","Thunder Strike","BootSequence","Thunder Strike","Ball Lightning","Beam Cell","Redo","Thunder Strike"],"Bag of Preparation":[32],"obtain_stats":[{"Potion Belt":40,"Lantern":20,"Regal Pillow":43,"Omamori":9,"Bag of Preparation":26,"Akabeko":6,"WarpedTongs":2,"Mercury Hourglass":24,"Blood Vial":13,"Nunchaku":44,"Busted Crown":17,"Snecko Eye":34,"Pandora\u0027s Box":0,"Red Mask":27,"Toxic Egg 2":30,"Cracked Core":0,"Toy Ornithopter":37},{"Potion Belt":21,"Lantern":10,"Regal Pillow":23,"Omamori":6,"Bag of Preparation":12,"Akabeko":4,"WarpedTongs":1,"Mercury Hourglass":12,"Blood Vial":8,"Nunchaku":24,"Busted Crown":9,"Snecko Eye":17,"Pandora\u0027s Box":0,"Red Mask":13,"Toxic Egg 2":15,"Cracked Core":0,"Toy Ornithopter":19},{"Potion Belt":100,"Lantern":47,"Regal Pillow":107,"Omamori":22,"Bag of Preparation":58,"Akabeko":14,"WarpedTongs":3,"Mercury Hourglass":58,"Blood Vial":33,"Nunchaku":110,"Busted Crown":43,"Snecko Eye":85,"Pandora\u0027s Box":0,"Red Mask":62,"Toxic Egg 2":72,"Cracked Core":0,"Toy Ornithopter":92}],"Toy Ornithopter":10,"WarpedTongs":[127],"Mercury Hourglass":[295]},"card_choices":[{"not_picked":["Rebound","Capacitor"],"picked":"Chill","floor":1.0},{"not_picked":["Steam","Beam Cell"],"picked":"Turbo","floor":3.0},{"not_picked":["Beam Cell","Compile Driver"],"picked":"Skim","floor":5.0},{"not_picked":["Stack","Compile Driver","Beam Cell"],"picked":"SKIP","floor":6.0},{"not_picked":["Blizzard","Steam Power","Turbo"],"picked":"SKIP","floor":7.0},{"not_picked":["Conserve Battery","Reboot"],"picked":"Genetic Algorithm","floor":8.0},{"not_picked":["Turbo","Heatsinks"],"picked":"Conserve Battery","floor":11.0},{"not_picked":["Beam Cell","Streamline"],"picked":"Glacier","floor":13.0},{"not_picked":["Amplify","Hyperbeam"],"picked":"Machine Learning","floor":16.0},{"not_picked":[],"picked":"Barrage","floor":18.0},{"not_picked":[],"picked":"Go for the Eyes","floor":22.0},{"not_picked":["Skim"],"picked":"SKIP","floor":24.0},{"not_picked":[],"picked":"Hello World","floor":27.0},{"not_picked":[],"picked":"Sunder+1","floor":29.0},{"not_picked":[],"picked":"Steam+1","floor":30.0},{"not_picked":[],"picked":"Storm+1","floor":31.0},{"not_picked":[],"picked":"Creative AI","floor":33.0},{"not_picked":[],"picked":"Storm","floor":35.0},{"not_picked":[],"picked":"Capacitor+1","floor":36.0},{"not_picked":[],"picked":"Streamline","floor":39.0},{"not_picked":[],"picked":"Leap+1","floor":40.0},{"not_picked":[],"picked":"Tempest+1","floor":41.0},{"not_picked":[],"picked":"Glacier+1","floor":42.0},{"not_picked":[],"picked":"Go for the Eyes+1","floor":44.0},{"not_picked":[],"picked":"Hologram+1","floor":45.0},{"not_picked":[],"picked":"Compile Driver","floor":46.0},{"not_picked":["Rebound"],"picked":"SKIP","floor":47.0}],"player_experience":689186,"relics_obtained":[{"floor":6.0,"key":"Akabeko"},{"floor":9.0,"key":"Omamori"},{"floor":13.0,"key":"Blood Vial"},{"floor":24.0,"key":"Mercury Hourglass"},{"floor":26.0,"key":"Bag of Preparation"},{"floor":27.0,"key":"Red Mask"},{"floor":30.0,"key":"Toxic Egg 2"},{"floor":40.0,"key":"Potion Belt"},{"floor":43.0,"key":"Regal Pillow"},{"floor":44.0,"key":"Nunchaku"}],"event_choices":[{"damage_healed":0.0,"max_hp_gain":0.0,"max_hp_loss":0.0,"gold_gain":0.0,"event_name":"Accursed Blacksmith","player_choice":"Rummage","floor":2.0,"gold_loss":0.0,"damage_taken":0.0,"relics_obtained":["WarpedTongs"],"cards_obtained":["Pain"]},{"damage_healed":0.0,"max_hp_gain":0.0,"max_hp_loss":0.0,"gold_gain":0.0,"event_name":"Lab","player_choice":"Got Potions","floor":14.0,"gold_loss":0.0,"damage_taken":0.0},{"damage_healed":0.0,"max_hp_gain":0.0,"max_hp_loss":0.0,"gold_gain":0.0,"event_name":"Addict","player_choice":"Obtained Relic","floor":20.0,"gold_loss":85.0,"damage_taken":0.0,"relics_obtained":["Lantern"]},{"damage_healed":0.0,"max_hp_gain":0.0,"max_hp_loss":0.0,"gold_gain":0.0,"event_name":"Forgotten Altar","player_choice":"Smashed Altar","floor":25.0,"gold_loss":0.0,"damage_taken":0.0,"cards_obtained":["Decay"]},{"damage_healed":0.0,"max_hp_gain":0.0,"max_hp_loss":0.0,"gold_gain":0.0,"event_name":"Masked Bandits","player_choice":"Fought Bandits","floor":27.0,"gold_loss":0.0,"damage_taken":0.0},{"damage_healed":0.0,"max_hp_gain":0.0,"max_hp_loss":0.0,"gold_gain":0.0,"event_name":"WeMeetAgain","player_choice":"Gave Potion","floor":37.0,"gold_loss":0.0,"damage_taken":0.0,"relics_obtained":["Toy Ornithopter"]}],"is_beta":false,"boss_relics":[{"not_picked":["SacredBark","Nuclear Battery"],"picked":"Busted Crown"},{"not_picked":["Tiny House","Cursed Key"],"picked":"Snecko Eye"}],"items_purged_floors":[21],"is_endless":false,"potions_floor_spawned":[3,7,8,11,16,24,29,30,33,35,36,39,46],"killed_by":"Donu and Deca","ascension_level":5}}