{"host":"5m2js577gj4e7pak","time":1612573112,"event":{"mods":["AchievementEnabler","BaseMod","Better Match","BetterRewards","Colored Map","Colored Powertips","Googly Eyes","Highlight Path","Lobotomy","LobotomyExtend","Minty Spire (QoL Compilation)","Quick Restart","Relic Filter","StSLib"],"gold_per_floor":[116,134,62,75,75,75,105,105,105,124,124,94,119,194,194,194,194],"floor_reached":16,"language":"ENG","playtime":540,"items_purged":[],"score":108,"play_id":"7285436b-13d4-468a-9703-9453ab9bf27e","local_time":"20210206015832","is_ascension_mode":false,"campfire_choices":[{"data":"Dagger Spray","floor":6,"key":"SMITH"},{"data":"Blade Dance","floor":11,"key":"SMITH"},{"floor":15,"key":"REST"}],"circlet_count":0,"master_deck":["Strike_G","Strike_G","Strike_G","Strike_G","Strike_G","Defend_G","Defend_G","Defend_G","Defend_G","Defend_G","Survivor","Neutralize","Violence","Backflip","Dagger Spray+1","Dodge and Roll","Poisoned Stab","Outmaneuver","Dagger Spray","Blade Dance+1","All Out Attack"],"relics":["Ring of the Snake","LetterFromLob","MagicBullet_r","WingedGreaves","NlothsMask","Juzu Bracelet"],"acts_visited":["Exordium"],"potions_floor_usage":[7,16,16,16],"damage_taken":[{"damage":2,"enemies":"Jaw Worm","floor":1,"turns":5},{"damage":10,"enemies":"Cultist","floor":2,"turns":4},{"damage":5,"enemies":"2 Louse","floor":4,"turns":2},{"damage":34,"enemies":"Lagavulin","floor":7,"turns":7},{"damage":0,"enemies":"Red Slaver","floor":10,"turns":3},{"damage":11,"enemies":"Gremlin Nob","floor":13,"turns":4},{"damage":35,"enemies":"Hexaghost","floor":16,"turns":11}],"seed_played":"-5544684896595952983","potions_obtained":[{"floor":1,"key":"Block Potion"},{"floor":2,"key":"SmokeBomb"},{"floor":12,"key":"Dexterity Potion"},{"floor":12,"key":"DistilledChaos"},{"floor":13,"key":"Energy Potion"}],"is_trial":false,"path_per_floor":["M","M","$","M","M","R","E","?","T","M","R","?","E","?","R","B"],"character_chosen":"THE_SILENT","items_purchased":["Dodge and Roll","Poisoned Stab"],"campfire_rested":1,"item_purchase_floors":[3,3],"current_hp_per_floor":[47,37,37,32,70,70,36,36,36,36,36,36,25,14,35,0,0],"gold":194,"neow_bonus":"RANDOM_COLORLESS_2","is_daily":false,"chose_seed":false,"campfire_upgraded":2,"win_rate":0.0,"timestamp":1612573112,"path_taken":["M","M","$","M","M","R","E","?","T","?","R","?","E","?","R","BOSS"],"items_purchased_type":["Card","Card"],"build_version":"2020-12-22","purchased_purges":0,"victory":false,"max_hp_per_floor":[70,70,70,70,70,70,70,70,70,70,70,70,70,70,70,70,70],"card_choices":[{"not_picked":["Magnetism","Thinking Ahead"],"picked":"Violence","floor":0},{"not_picked":["Caltrops","Finisher"],"picked":"Backflip","floor":1},{"not_picked":["Flying Knee","Prepared"],"picked":"Dagger Spray","floor":2},{"not_picked":["Flechettes","Escape Plan"],"picked":"Outmaneuver","floor":4},{"not_picked":["Masterful Stab","Footwork"],"picked":"Dagger Spray","floor":7},{"not_picked":["Crippling Poison","Well Laid Plans"],"picked":"Blade Dance","floor":10},{"not_picked":["Escape Plan","Prepared"],"picked":"All Out Attack","floor":13}],"player_experience":50755,"relics_obtained":[{"floor":1,"key":"LetterFromLob"},{"floor":7,"key":"WingedGreaves"},{"floor":13,"key":"Juzu Bracelet"}],"event_choices":[{"damage_healed":0,"gold_gain":0,"player_choice":"Trade","damage_taken":0,"relics_obtained":["NlothsMask"],"max_hp_gain":0,"max_hp_loss":0,"event_name":"FaceTrader","floor":8,"gold_loss":0},{"damage_healed":0,"gold_gain":0,"player_choice":"Bought 2 Potions","damage_taken":0,"max_hp_gain":0,"max_hp_loss":0,"event_name":"The Woman in Blue","floor":12,"gold_loss":0},{"damage_healed":0,"gold_gain":75,"player_choice":"Gather Gold","damage_taken":11,"max_hp_gain":0,"max_hp_loss":0,"event_name":"World of Goop","floor":14,"gold_loss":0}],"is_beta":false,"boss_relics":[],"items_purged_floors":[],"is_endless":false,"potions_floor_spawned":[1,2,13],"killed_by":"Hexaghost","ascension_level":0}}