{"host":"ishme5wb80o83upk","time":1612600138,"event":{"mods":["BaseMod","HololiveMod","Minty Spire (QoL Compilation)","StSLib"],"gold_per_floor":[76,76,76,90,110,110,149,173,198,198,198,238,253,33,33,129,129,147,147,168,181,143,143,181,181,181,181,222,236,285,304,304,408,408,436,436,479,479,514,566,641,684,684,684,727,762,1095,1134,1134,1148,1148,1148,872,916,923],"floor_reached":56,"language":"KOR","playtime":3121,"items_purged":["Hololive_Strike","Hololive_Defend"],"score":2615,"play_id":"de7cbd44-b809-4e05-bc60-ee2faa598cad","local_time":"20210206172858","is_ascension_mode":true,"campfire_choices":[{"data":"Hololive_CallArtia","floor":6,"key":"SMITH"},{"data":"Hololive_CallAZKi","floor":10,"key":"SMITH"},{"data":"Hololive_CallInugamiKorone","floor":15,"key":"SMITH"},{"data":"Hololive_FlareMind","floor":23,"key":"SMITH"},{"data":"Hololive_CallNekomataOkayu","floor":25,"key":"SMITH"},{"data":"Hololive_Recruit","floor":27,"key":"SMITH"},{"data":"Hololive_Nanodesu","floor":32,"key":"SMITH"},{"floor":44,"key":"RECALL"},{"data":"Hololive_CallOkamiMio","floor":49,"key":"SMITH"},{"data":"Hololive_CallTsunomakiWatame","floor":52,"key":"SMITH"}],"circlet_count":0,"master_deck":["AscendersBane","Hololive_Defend","Hololive_CallUsadaPekora","Hololive_CallInugamiKorone+1","Hololive_CallArtia+1","Hololive_CallAZKi+1","Hololive_CallMoonaHoshinova+1","Hololive_Recruit+1","Hololive_CallShiranuiFlare+1","Hololive_CallManoAloe","Hololive_CallRosalyn","Hololive_CallOkamiMio+1","Hololive_FlareMind+1","Hololive_CallNekomataOkayu+1","Hololive_CallAkiRosenthal+1","Hololive_CallTokoyamiTowa+1","Hololive_RevenueBasedLive+1","Hololive_Nanodesu+1","Hololive_CallYozoraMel","Hololive_Thief","Hololive_FlyingPonyTail+1","Discovery+1","Hololive_CallAyundaRisu","Hololive_CallShishiroBotan","Hololive_CallTsunomakiWatame+1","Hololive_RevenueBasedLive"],"relics":["Hololive_TheStar","Pen Nib","Bag of Marbles","Membership Card","Hololive_LightStick","Velvet Choker","GremlinMask","Bottled Tornado","Mercury Hourglass","Gremlin Horn","Pear","Runic Dome","Omamori","FossilizedHelix","HornCleat","War Paint","Bottled Lightning","Prayer Wheel","Anchor","Toy Ornithopter","Sling","Turnip"],"acts_visited":["Exordium","TheCity","TheBeyond","TheEnding"],"potions_floor_usage":[8,28,55,55],"damage_taken":[{"damage":0,"enemies":"Small Slimes","floor":1,"turns":4},{"damage":2,"enemies":"2 Louse","floor":4,"turns":4},{"damage":0,"enemies":"Jaw Worm","floor":5,"turns":4},{"damage":0,"enemies":"Gremlin Nob","floor":7,"turns":6},{"damage":3,"enemies":"Lots of Slimes","floor":8,"turns":5},{"damage":0,"enemies":"Lagavulin","floor":12,"turns":6},{"damage":0,"enemies":"Blue Slaver","floor":13,"turns":4},{"damage":0,"enemies":"Hexaghost","floor":16,"turns":7},{"damage":0,"enemies":"Chosen","floor":18,"turns":4},{"damage":0,"enemies":"2 Thieves","floor":20,"turns":4},{"damage":3,"enemies":"Snake Plant","floor":21,"turns":2},{"damage":0,"enemies":"Gremlin Leader","floor":24,"turns":6},{"damage":0,"enemies":"Slavers","floor":28,"turns":3},{"damage":0,"enemies":"Centurion and Healer","floor":29,"turns":6},{"damage":0,"enemies":"Gremlin Leader","floor":30,"turns":4},{"damage":0,"enemies":"Shelled Parasite and Fungi","floor":31,"turns":3},{"damage":0,"enemies":"Champ","floor":33,"turns":9},{"damage":0,"enemies":"3 Darklings","floor":35,"turns":3},{"damage":0,"enemies":"3 Shapes","floor":37,"turns":3},{"damage":0,"enemies":"3 Darklings","floor":39,"turns":4},{"damage":0,"enemies":"Reptomancer","floor":40,"turns":5},{"damage":0,"enemies":"2 Orb Walkers","floor":41,"turns":4},{"damage":0,"enemies":"Giant Head","floor":42,"turns":7},{"damage":0,"enemies":"Nemesis","floor":45,"turns":7},{"damage":0,"enemies":"Spire Growth","floor":46,"turns":4},{"damage":0,"enemies":"Mind Bloom Boss Battle","floor":48,"turns":5},{"damage":0,"enemies":"Time Eater","floor":50,"turns":11},{"damage":0,"enemies":"Shield and Spear","floor":54,"turns":4},{"damage":0,"enemies":"The Heart","floor":55,"turns":9}],"seed_played":"-4565245583557478702","potions_obtained":[{"floor":5,"key":"Energy Potion"},{"floor":8,"key":"SteroidPotion"},{"floor":16,"key":"DuplicationPotion"},{"floor":28,"key":"Energy Potion"},{"floor":33,"key":"Weak Potion"},{"floor":40,"key":"LiquidBronze"},{"floor":42,"key":"DuplicationPotion"}],"is_trial":false,"path_per_floor":["M","?","?","M","M","R","E","M","T","R","?","E","M","$","R","B",null,"M","?","M","M","$","R","E","R","T","R","E","M","E","M","R","B",null,"M","?","M","?","M","E","?","E","T","R","E","M","?","?","R","B",null,"R","$","E","B",null],"character_chosen":"Hololive_HololiveCharacter","items_purchased":["Membership Card","Hololive_LightStick","Anchor","Toy Ornithopter","Sling"],"campfire_rested":0,"item_purchase_floors":[14,14,53,53,53],"current_hp_per_floor":[32,24,17,15,15,15,15,12,12,12,5,5,5,5,5,5,28,28,28,28,25,25,25,25,25,25,25,25,25,35,35,35,35,43,43,43,43,33,33,33,33,33,33,33,33,33,33,33,33,33,42,42,42,42,45],"gold":923,"neow_bonus":"ONE_RANDOM_RARE_CARD","is_daily":false,"chose_seed":false,"campfire_upgraded":9,"win_rate":0.0,"timestamp":1612600138,"path_taken":["M","?","?","M","M","R","E","M","T","R","?","E","M","$","R","BOSS","M","?","M","M","$","R","E","R","T","R","E","M","E","?","R","BOSS","M","?","M","?","M","E","?","E","T","R","E","?","?","?","R","BOSS","R","$","E","BOSS"],"items_purchased_type":["Relic","Relic","Relic","Relic","Relic"],"build_version":"2020-12-22","purchased_purges":2,"victory":true,"max_hp_per_floor":[35,35,35,35,35,35,35,35,35,35,35,35,35,35,35,35,35,35,35,35,35,35,35,35,35,35,35,35,35,45,45,45,45,45,45,45,45,45,45,45,45,45,45,45,45,45,45,45,45,45,45,45,45,45,45],"card_choices":[{"not_picked":["Hololive_CallMinatoAqua","Hololive_LuckPotion","Hololive_CallAyundaRisu"],"picked":"Hololive_CallShiranuiFlare","floor":1},{"not_picked":["Hololive_Drill","Hololive_CocoNews","Hololive_OvertimeWork","Hololive_Rebound"],"picked":"SKIP","floor":4},{"not_picked":["Hololive_CallYogiri","Hololive_Watashimo","Hololive_LuckPotion"],"picked":"Hololive_CallManoAloe","floor":5},{"not_picked":["Hololive_Teleport","Hololive_Watashimo","Hololive_LuckPotion","Hololive_CallTokoyamiTowa"],"picked":"SKIP","floor":7},{"not_picked":["Hololive_Breathe","Hololive_Trident","Hololive_HighAtkLowDef"],"picked":"Hololive_CallRosalyn","floor":8},{"not_picked":["Hololive_CallUruhaRushia","Hololive_Trident","Hololive_StrengthChampion"],"picked":"Hololive_CallOkamiMio","floor":12},{"not_picked":["Hololive_Sequa","Hololive_CocoNews","Hololive_StrengthChampion","Hololive_DevilCharm"],"picked":"SKIP","floor":13},{"not_picked":["Hololive_DiamondStrike","Hololive_BeCareful","Hololive_DDD"],"picked":"Hololive_FlareMind","floor":16},{"not_picked":["Hololive_CallTsunomakiWatame","Hololive_Trident","Hololive_Psychosis"],"picked":"Hololive_CallNekomataOkayu","floor":18},{"not_picked":["Hololive_CallRoboco","Hololive_CallTokoyamiTowa","Hololive_CandyCastle","Hololive_LuckPotion"],"picked":"SKIP","floor":20},{"not_picked":["Hololive_Breathe","Hololive_SoulCatcher","Hololive_HuntDinosaur"],"picked":"Hololive_CallAkiRosenthal+1","floor":21},{"not_picked":["Hololive_Rebound","Hololive_Trident+1","Hololive_CallUsadaPekora","Hololive_CallOzoraSubaru"],"picked":"SKIP","floor":24},{"not_picked":["Hololive_HuntDinosaur","Hololive_CallShiranuiFlare","Hololive_CocoNews"],"picked":"Hololive_CallTokoyamiTowa+1","floor":28},{"not_picked":["Hololive_CallOzoraSubaru","Hololive_Teleport","Hololive_CallRoboco"],"picked":"Hololive_RevenueBasedLive","floor":29},{"not_picked":["Hololive_CallYozoraMel","Hololive_StrengthChampion","Hololive_LuckPotion"],"picked":"Hololive_Nanodesu","floor":30},{"not_picked":["Hololive_Sequa","Hololive_Breathe","Hololive_LuckPotion"],"picked":"Hololive_CallYozoraMel","floor":31},{"not_picked":["Hololive_DDD","Hololive_HighAtkLowDef","Hololive_DurableLive"],"picked":"Hololive_Thief","floor":33},{"not_picked":["Hololive_CallTokoyamiTowa","Hololive_LuckPotion+1","Hololive_StrengthChampion"],"picked":"Hololive_FlyingPonyTail+1","floor":35},{"not_picked":["Hololive_Rebound","Hololive_CocoNews+1","Hololive_OvertimeWork+1","Hololive_CallUsadaPekora+1"],"picked":"SKIP","floor":37},{"not_picked":["HandOfGreed","Swift Strike","Finesse"],"picked":"Discovery","floor":38},{"not_picked":["Hololive_CallKiryuuCoco","Hololive_StrengthChampion","Hololive_Sequa"],"picked":"Hololive_CallAyundaRisu","floor":39},{"not_picked":["Hololive_CallMoonaHoshinova","Hololive_LuckPotion","Hololive_CallMurasakiShion+1"],"picked":"Hololive_CallShishiroBotan","floor":40},{"not_picked":["Hololive_CallUruhaRushia","Hololive_CallManoAloe","Hololive_Nanodesu"],"picked":"Hololive_CallTsunomakiWatame","floor":42},{"not_picked":["Hololive_CallInugamiKorone","Hololive_CallTokoyamiTowa","Hololive_CallAkiRosenthal+1"],"picked":"Hololive_RevenueBasedLive","floor":45},{"not_picked":["Hololive_Breathe+1","Hololive_CallManoAloe","Hololive_Drill","Hololive_StrengthChampion"],"picked":"SKIP","floor":46},{"not_picked":["Hololive_CallNekomataOkayu","Hololive_DevilCharm","Hololive_CallShiranuiFlare","Hololive_Rebound"],"picked":"SKIP","floor":54}],"player_experience":1106180,"relics_obtained":[{"floor":7,"key":"Pen Nib"},{"floor":12,"key":"Bag of Marbles"},{"floor":24,"key":"Bottled Tornado"},{"floor":26,"key":"Mercury Hourglass"},{"floor":28,"key":"Gremlin Horn"},{"floor":30,"key":"Pear"},{"floor":40,"key":"Omamori"},{"floor":41,"key":"FossilizedHelix"},{"floor":42,"key":"HornCleat"},{"floor":43,"key":"War Paint"},{"floor":45,"key":"Bottled Lightning"},{"floor":48,"key":"Prayer Wheel"},{"floor":54,"key":"Turnip"}],"event_choices":[{"damage_healed":0,"gold_gain":0,"player_choice":"Take Damage","damage_taken":8,"relics_obtained":["Golden Idol"],"max_hp_gain":0,"max_hp_loss":0,"event_name":"Golden Idol","floor":2,"gold_loss":0},{"damage_healed":0,"gold_gain":0,"player_choice":"Entered Light","damage_taken":7,"max_hp_gain":0,"max_hp_loss":0,"event_name":"Shining Light","floor":3,"gold_loss":0,"cards_upgraded":["Hololive_CallShiranuiFlare","Hololive_CallMoonaHoshinova"]},{"cards_removed":["Hololive_Strike"],"damage_healed":0,"gold_gain":0,"player_choice":"Card Removal","damage_taken":7,"max_hp_gain":0,"max_hp_loss":0,"event_name":"Golden Wing","floor":11,"gold_loss":0},{"damage_healed":0,"gold_gain":0,"player_choice":"Trade","damage_taken":0,"relics_obtained":["GremlinMask"],"max_hp_gain":0,"max_hp_loss":0,"event_name":"FaceTrader","floor":19,"gold_loss":0},{"cards_removed":["Hololive_LuckPotion"],"damage_healed":0,"gold_gain":0,"player_choice":"Removed Skill","damage_taken":0,"max_hp_gain":0,"max_hp_loss":0,"event_name":"Falling","floor":36,"gold_loss":0},{"damage_healed":0,"gold_gain":0,"player_choice":"Memory 3","damage_taken":10,"max_hp_gain":0,"max_hp_loss":0,"event_name":"SensoryStone","floor":38,"gold_loss":0},{"damage_healed":0,"gold_gain":0,"player_choice":"Fight","damage_taken":0,"max_hp_gain":0,"max_hp_loss":0,"event_name":"Mysterious Sphere","floor":41,"gold_loss":0},{"damage_healed":0,"gold_gain":333,"player_choice":"Gave Idol","damage_taken":0,"max_hp_gain":0,"max_hp_loss":0,"event_name":"The Moai Head","floor":47,"relics_lost":["Golden Idol"],"gold_loss":0},{"damage_healed":0,"gold_gain":0,"player_choice":"Fight","damage_taken":0,"max_hp_gain":0,"max_hp_loss":0,"event_name":"MindBloom","floor":48,"gold_loss":0}],"is_beta":false,"boss_relics":[{"not_picked":["Calling Bell","Ectoplasm"],"picked":"Velvet Choker"},{"not_picked":["Hololive_TopUpMoneyS","Tiny House"],"picked":"Runic Dome"}],"items_purged_floors":[22,53],"is_endless":false,"potions_floor_spawned":[5,8,16,18,21,28,33,35,40,41,42,48],"ascension_level":13}}