{"host":"jwbw4f4imxd0v0b0","time":1612574679,"event":{"mods":["BaseMod","Colored Map","Highlight Path","Minty Spire (QoL Compilation)","Relic Stats","StSLib"],"gold_per_floor":[110,110,110,129,150,150,193,193,193,20,5,5,44,63,63,159,159,175,225,11,29,29,29,62,62,89,89,89,89,44,44,44,139,139,152,183,183,183,183,217,139,139,139,139,173,50,83,103,103,103,103],"floor_reached":52,"language":"ENG","playtime":4689,"items_purged":["Strike_B","Doubt"],"score":2187,"play_id":"ce9422ec-2224-4af3-a05b-3e530ad34c5b","local_time":"20210205192439","is_ascension_mode":true,"campfire_choices":[{"data":"Barrage","floor":6.0,"key":"SMITH"},{"data":"Darkness","floor":8.0,"key":"SMITH"},{"data":"Zap","floor":12.0,"key":"SMITH"},{"data":"Loop","floor":15.0,"key":"SMITH"},{"floor":23.0,"key":"REST"},{"floor":29.0,"key":"REST"},{"data":"Apotheosis","floor":32.0,"key":"SMITH"},{"data":"Fission","floor":42.0,"key":"SMITH"},{"data":"Defragment","floor":44.0,"key":"SMITH"},{"data":"Capacitor","floor":49.0,"key":"SMITH"}],"circlet_count":0,"master_deck":["AscendersBane","Zap+1","Dualcast","Sweeping Beam","Barrage+1","Darkness+1","Hologram","Cold Snap","Loop+1","Buffer","Redo+1","Apotheosis+1","Fission+1","Electrodynamics","Coolheaded","Static Discharge","Skim","Turbo+1","BootSequence","Shame","Decay","Loop","Coolheaded","Decay","Biased Cognition","Defragment+1","Buffer","Stack","Stack","Electrodynamics","Heatsinks","Hologram","Multi-Cast","Skim","Compile Driver+1","Injury","Capacitor+1"],"relics":["Cracked Core","Ancient Tea Set","Golden Idol","Dead Branch","Bird Faced Urn","Membership Card","Juzu Bracelet","Cursed Key","Orrery","Nilry\u0027s Codex","Centennial Puzzle","StrikeDummy","Toy Ornithopter","Darkstone Periapt","Pandora\u0027s Box","Ginger","Singing Bowl","Gremlin Horn","HornCleat","OrangePellets","MealTicket"],"acts_visited":["Exordium","TheCity","TheBeyond"],"potions_floor_usage":[51,51],"damage_taken":[{"damage":2.0,"enemies":"2 Louse","floor":1.0,"turns":3.0},{"damage":2.0,"enemies":"Jaw Worm","floor":4.0,"turns":3.0},{"damage":5.0,"enemies":"Small Slimes","floor":5.0,"turns":2.0},{"damage":14.0,"enemies":"3 Sentries","floor":7.0,"turns":6.0},{"damage":12.0,"enemies":"Lagavulin","floor":13.0,"turns":5.0},{"damage":1.0,"enemies":"3 Louse","floor":14.0,"turns":3.0},{"damage":7.0,"enemies":"Hexaghost","floor":16.0,"turns":9.0},{"damage":9.0,"enemies":"Spheric Guardian","floor":18.0,"turns":5.0},{"damage":19.0,"enemies":"Shell Parasite","floor":21.0,"turns":7.0},{"damage":27.0,"enemies":"Gremlin Leader","floor":24.0,"turns":6.0},{"damage":0.0,"enemies":"Champ","floor":33.0,"turns":7.0},{"damage":16.0,"enemies":"Orb Walker","floor":35.0,"turns":4.0},{"damage":1.0,"enemies":"Mind Bloom Boss Battle","floor":36.0,"turns":7.0},{"damage":0.0,"enemies":"Giant Head","floor":40.0,"turns":8.0},{"damage":0.0,"enemies":"Reptomancer","floor":45.0,"turns":4.0},{"damage":7.0,"enemies":"Nemesis","floor":47.0,"turns":11.0},{"damage":10.0,"enemies":"3 Shapes","floor":48.0,"turns":4.0},{"damage":13.0,"enemies":"Donu and Deca","floor":50.0,"turns":8.0},{"damage":86,"enemies":"Awakened One","floor":51,"turns":25}],"seed_played":"9116793608023601243","potions_obtained":[{"floor":4.0,"key":"Energy Potion"},{"floor":7.0,"key":"ColorlessPotion"},{"floor":16.0,"key":"FocusPotion"},{"floor":21.0,"key":"Swift Potion"},{"floor":45.0,"key":"EssenceOfSteel"},{"floor":48.0,"key":"FocusPotion"}],"is_trial":false,"path_per_floor":["M","?","?","M","M","R","E","R","T","$","$","R","E","M","R","B",null,"M","?","$","M","?","R","E","?","T","?","?","R","$","T","R","B",null,"M","?","?","?","?","E","$","R","T","R","E","$","E","M","R","B","B",null],"character_chosen":"DEFECT","items_purchased":["Membership Card","Hologram","Apotheosis","Orrery","Defragment","PowerPotion","OrangePellets","Capacitor"],"campfire_rested":2,"item_purchase_floors":[10,11,20,20,30,41,46,46],"current_hp_per_floor":[62,62,67,65,60,60,46,46,46,46,46,46,40,39,39,34,60,57,57,57,52,31,51,36,36,36,36,36,56,56,56,56,69,69,55,69,69,66,66,68,68,68,74,74,76,76,78,80,80,80,31],"gold":103,"neow_bonus":"RANDOM_COMMON_RELIC","is_daily":false,"chose_seed":false,"campfire_upgraded":8,"win_rate":0.0,"timestamp":1612574679,"path_taken":["M","?","?","M","M","R","E","R","T","?","$","R","E","M","R","BOSS","M","?","$","M","?","R","E","?","T","?","?","R","$","?","R","BOSS","M","?","?","?","?","E","$","R","T","R","E","$","E","M","R","BOSS","BOSS"],"items_purchased_type":["Relic","Card","Card","Relic","Card","Potion","Relic","Card"],"build_version":"2020-12-22","purchased_purges":2,"victory":true,"max_hp_per_floor":[71,64,69,69,69,69,69,69,69,69,69,69,69,69,69,69,69,69,69,69,69,69,69,69,69,69,69,69,69,69,69,69,69,69,69,69,69,66,66,68,68,68,74,74,76,76,78,80,80,80,80],"relic_stats":{"Darkstone Periapt":6,"Singing Bowl":8,"Gremlin Horn":[11,12],"counters":[19,125],"Golden Idol":153,"Dead Branch":[78],"Juzu Bracelet":1,"Ginger":[4],"Cursed Key":3,"OrangePellets":[7],"Centennial Puzzle":[18],"Bird Faced Urn":[130],"Pandora\u0027s Box":["Stack","Stack","Electrodynamics","Heatsinks","Hologram","Multi-Cast","Skim"],"MealTicket":0,"obtain_stats":[{"Darkstone Periapt":31,"Singing Bowl":40,"Gremlin Horn":43,"Golden Idol":2,"Nilry\u0027s Codex":22,"Dead Branch":7,"Juzu Bracelet":13,"Ginger":36,"Ancient Tea Set":0,"Cursed Key":17,"OrangePellets":46,"Centennial Puzzle":24,"HornCleat":45,"Bird Faced Urn":9,"Orrery":20,"Pandora\u0027s Box":34,"MealTicket":47,"Membership Card":10,"Cracked Core":0,"StrikeDummy":25,"Toy Ornithopter":26},{"Darkstone Periapt":10,"Singing Bowl":14,"Gremlin Horn":14,"Golden Idol":1,"Nilry\u0027s Codex":9,"Dead Branch":4,"Juzu Bracelet":5,"Ginger":13,"Ancient Tea Set":0,"Cursed Key":7,"OrangePellets":15,"Centennial Puzzle":10,"HornCleat":15,"Bird Faced Urn":4,"Orrery":8,"Pandora\u0027s Box":11,"MealTicket":16,"Membership Card":4,"Cracked Core":0,"StrikeDummy":10,"Toy Ornithopter":10},{"Darkstone Periapt":49,"Singing Bowl":75,"Gremlin Horn":75,"Golden Idol":3,"Nilry\u0027s Codex":43,"Dead Branch":14,"Juzu Bracelet":19,"Ginger":67,"Ancient Tea Set":0,"Cursed Key":31,"OrangePellets":79,"Centennial Puzzle":49,"HornCleat":79,"Bird Faced Urn":14,"Orrery":36,"Pandora\u0027s Box":56,"MealTicket":89,"Membership Card":14,"Cracked Core":0,"StrikeDummy":49,"Toy Ornithopter":49}],"Toy Ornithopter":7},"card_choices":[{"not_picked":["Stack","Beam Cell"],"picked":"Cold Snap","floor":1.0},{"not_picked":["Gash","Storm"],"picked":"Sweeping Beam","floor":4.0},{"not_picked":["Force Field","Melter"],"picked":"Barrage","floor":5.0},{"not_picked":["Hologram","Fission"],"picked":"Darkness","floor":7.0},{"not_picked":["Steam","Gash"],"picked":"Cold Snap","floor":13.0},{"not_picked":["Redo","Stack"],"picked":"Loop","floor":14.0},{"not_picked":["Thunder Strike","Fission"],"picked":"Buffer","floor":16.0},{"not_picked":["Leap","Gash"],"picked":"Redo+1","floor":18.0},{"not_picked":["Recycle","Undo"],"picked":"Fission","floor":20.0},{"not_picked":["Ball Lightning","Gash"],"picked":"Electrodynamics","floor":20.0},{"not_picked":["Barrage","Sunder"],"picked":"Coolheaded","floor":20.0},{"not_picked":["Barrage","Steam"],"picked":"Static Discharge","floor":20.0},{"not_picked":["FTL","Cold Snap"],"picked":"Skim","floor":20.0},{"not_picked":["Coolheaded","Hologram"],"picked":"Turbo+1","floor":21.0},{"not_picked":["Hyperbeam","Coolheaded"],"picked":"BootSequence","floor":24.0},{"not_picked":["Rainbow","Machine Learning"],"picked":"Buffer","floor":33.0},{"not_picked":["Fusion","Redo+1"],"picked":"Compile Driver+1","floor":35.0},{"not_picked":["Cold Snap","Streamline","Hologram"],"picked":"Singing Bowl","floor":40.0},{"not_picked":["FTL","Genetic Algorithm","Steam"],"picked":"Singing Bowl","floor":45.0},{"not_picked":["Compile Driver+1","Darkness","Doom and Gloom"],"picked":"Singing Bowl","floor":47.0},{"not_picked":["Melter+1","Redo","Turbo"],"picked":"Singing Bowl","floor":48.0}],"player_experience":1208717,"relics_obtained":[{"floor":7.0,"key":"Dead Branch"},{"floor":9.0,"key":"Bird Faced Urn"},{"floor":13.0,"key":"Juzu Bracelet"},{"floor":22.0,"key":"Nilry\u0027s Codex"},{"floor":24.0,"key":"Centennial Puzzle"},{"floor":26.0,"key":"Toy Ornithopter"},{"floor":31.0,"key":"Darkstone Periapt"},{"floor":36.0,"key":"Ginger"},{"floor":40.0,"key":"Singing Bowl"},{"floor":43.0,"key":"Gremlin Horn"},{"floor":45.0,"key":"HornCleat"},{"floor":47.0,"key":"MealTicket"}],"event_choices":[{"damage_healed":0.0,"max_hp_gain":0.0,"max_hp_loss":7.0,"gold_gain":0.0,"event_name":"Golden Idol","player_choice":"Lose Max HP","floor":2.0,"gold_loss":0.0,"damage_taken":0.0,"relics_obtained":["Golden Idol"]},{"damage_healed":0.0,"max_hp_gain":5.0,"max_hp_loss":0.0,"gold_gain":0.0,"event_name":"Big Fish","player_choice":"Donut","floor":3.0,"gold_loss":0.0,"damage_taken":0.0},{"damage_healed":0.0,"max_hp_gain":0.0,"max_hp_loss":0.0,"gold_gain":50.0,"event_name":"Nest","player_choice":"Stole From Cult","floor":19.0,"gold_loss":0.0,"damage_taken":0.0},{"damage_healed":0.0,"max_hp_gain":0.0,"max_hp_loss":0.0,"gold_gain":0.0,"event_name":"Cursed Tome","player_choice":"Obtained Book","floor":22.0,"gold_loss":0.0,"damage_taken":21.0},{"damage_healed":0.0,"max_hp_gain":0.0,"max_hp_loss":0.0,"gold_gain":0.0,"event_name":"Addict","player_choice":"Stole Relic","floor":25.0,"gold_loss":0.0,"damage_taken":0.0,"relics_obtained":["StrikeDummy"],"cards_obtained":["Shame"]},{"damage_healed":0.0,"max_hp_gain":0.0,"max_hp_loss":0.0,"gold_gain":0.0,"event_name":"The Library","player_choice":"Read","floor":27.0,"gold_loss":0.0,"damage_taken":0.0,"cards_obtained":["Loop"]},{"damage_healed":0.0,"max_hp_gain":0.0,"max_hp_loss":0.0,"gold_gain":0.0,"event_name":"Match and Keep!","player_choice":"3 cards matched","floor":28.0,"gold_loss":0.0,"damage_taken":0.0,"cards_obtained":["Coolheaded","Decay","Biased Cognition"]},{"damage_healed":0.0,"max_hp_gain":0.0,"max_hp_loss":0.0,"gold_gain":0.0,"event_name":"MindBloom","player_choice":"Fight","floor":36.0,"gold_loss":0.0,"damage_taken":0.0},{"cards_removed":["Cold Snap"],"damage_healed":0.0,"max_hp_gain":0.0,"max_hp_loss":0.0,"gold_gain":0.0,"event_name":"Falling","player_choice":"Removed Attack","floor":37.0,"gold_loss":0.0,"damage_taken":0.0},{"damage_healed":0.0,"max_hp_gain":0.0,"max_hp_loss":3.0,"gold_gain":0.0,"event_name":"Winding Halls","player_choice":"Max HP","floor":38.0,"gold_loss":0.0,"damage_taken":0.0},{"damage_healed":0.0,"max_hp_gain":0.0,"max_hp_loss":0.0,"gold_gain":0.0,"event_name":"Tomb of Lord Red Mask","player_choice":"Ignored","floor":39.0,"gold_loss":0.0,"damage_taken":0.0}],"is_beta":false,"boss_relics":[{"not_picked":["Sozu","Coffee Dripper"],"picked":"Cursed Key"},{"not_picked":["Astrolabe","Tiny House"],"picked":"Pandora\u0027s Box"}],"items_purged_floors":[20,41],"is_endless":false,"potions_floor_spawned":[4,7,16,21,45,48],"ascension_level":20}}