{"host":"2j5d0uw0vihq8b8w","time":1612623770,"event":{"mods":["2.2 Compatiblity","AchievementEnabler","BaseMod","BetterRewards","Colored Map","Colored Powertips","Custom Start","DeckTracker","Minty Spire (QoL Compilation)","Permanent Neow","Quick Restart","Rare Cards Sparkle","StSLib","SuperFastMode"],"gold_per_floor":[113,124,124,124,149,149,167,198,223,236,186,186,202,233,233,363,363,382,50,50,50,71,71,85,85,138,151,165,209,209,209,209,330,330,344,344,344,677,694,720,645,645,645,695,142,155,173,193,193,193],"floor_reached":51,"language":"KOR","playtime":2820,"items_purged":["Strike_R","Strike_R"],"score":1207,"play_id":"e9117a4f-301d-4b8f-8049-2bc379b42ee3","local_time":"20210207000250","is_ascension_mode":true,"campfire_choices":[{"floor":6.0,"key":"REST"},{"data":"Fire Breathing","floor":12.0,"key":"SMITH"},{"data":"Bash","floor":15.0,"key":"SMITH"},{"data":"Sword Boomerang","floor":23.0,"key":"SMITH"},{"data":"Shrug It Off","floor":25.0,"key":"SMITH"},{"data":"Power Through","floor":30,"key":"SMITH"},{"data":"Impervious","floor":32,"key":"SMITH"},{"floor":42,"key":"REST"},{"floor":49,"key":"REST"}],"circlet_count":0,"master_deck":["Strike_R","Strike_R","Strike_R","Defend_R","Defend_R+1","Bash+1","Fire Breathing+1","Body Slam+1","True Grit+1","Shrug It Off+1","Feel No Pain","Reaper","Impervious+1","Sword Boomerang+1","Evolve+1","Necronomicurse","Shrug It Off+1","Metallicize+1","Power Through+1","Double Tap","Flex+1","Mayhem+1","Deep Breath","Infernal Blade+1","Corruption+1","Sentinel+1","Uppercut+1"],"relics":["Burning Blood","Thread and Needle","Pocketwatch","Shuriken","Centennial Puzzle","Regal Pillow","Bronze Scales","Sozu","Frozen Egg 2","Necronomicon","Red Skull","Dream Catcher","Fusion Hammer","StrikeDummy","Smiling Mask","TungstenRod","Bag of Preparation","War Paint"],"acts_visited":["Exordium","TheCity","TheBeyond"],"potions_floor_usage":[],"damage_taken":[{"damage":3.0,"enemies":"Jaw Worm","floor":1.0,"turns":4.0},{"damage":13.0,"enemies":"2 Louse","floor":2.0,"turns":3.0},{"damage":0.0,"enemies":"Small Slimes","floor":5.0,"turns":4.0},{"damage":0.0,"enemies":"Looter","floor":7.0,"turns":3.0},{"damage":1.0,"enemies":"3 Sentries","floor":8.0,"turns":5.0},{"damage":14.0,"enemies":"Large Slime","floor":10.0,"turns":4.0},{"damage":0.0,"enemies":"3 Louse","floor":13.0,"turns":5.0},{"damage":12.0,"enemies":"Gremlin Nob","floor":14.0,"turns":3.0},{"damage":26.0,"enemies":"Hexaghost","floor":16.0,"turns":10.0},{"damage":0.0,"enemies":"Shell Parasite","floor":18.0,"turns":4.0},{"damage":12.0,"enemies":"3 Byrds","floor":22.0,"turns":3.0},{"damage":7.0,"enemies":"Snake Plant","floor":24.0,"turns":3.0},{"damage":0.0,"enemies":"Cultist and Chosen","floor":27.0,"turns":5.0},{"damage":0.0,"enemies":"Chosen and Byrds","floor":28.0,"turns":5.0},{"damage":9,"enemies":"Gremlin Leader","floor":29,"turns":8},{"damage":62,"enemies":"Automaton","floor":33,"turns":9},{"damage":19,"enemies":"3 Darklings","floor":35,"turns":6},{"damage":0,"enemies":"3 Shapes","floor":39,"turns":5},{"damage":21,"enemies":"Reptomancer","floor":40,"turns":4},{"damage":0,"enemies":"Mind Bloom Boss Battle","floor":44,"turns":3},{"damage":38,"enemies":"Writhing Mass","floor":46,"turns":5},{"damage":11,"enemies":"Sphere and 2 Shapes","floor":47,"turns":6},{"damage":0,"enemies":"Spire Growth","floor":48,"turns":5},{"damage":20,"enemies":"Donu and Deca","floor":50,"turns":7}],"seed_played":"5621489043791152318","potions_obtained":[{"floor":1.0,"key":"GamblersBrew"},{"floor":7.0,"key":"FearPotion"},{"floor":10.0,"key":"AttackPotion"},{"floor":16.0,"key":"DistilledChaos"}],"is_trial":false,"path_per_floor":["M","M","?","?","M","R","M","E","T","M","?","R","M","E","R","B",null,"M","$","?","?","M","R","M","R","T","M","M","E","R","?","R","B",null,"M","?","?","?","M","E","$","R","T","?","$","M","M","M","R","B",null],"character_chosen":"IRONCLAD","items_purchased":["Pocketwatch","Shuriken","Fire Breathing","Frozen Egg 2","Evolve+1","Corruption+1","Sentinel","Bag of Preparation","War Paint"],"campfire_rested":3,"item_purchase_floors":[0,0,0,19,19,45,45,45,45],"current_hp_per_floor":[39,32,16,16,22,44,50,55,55,47,47,47,53,47,47,34,64,70,70,54,54,59,59,58,58,58,64,74,74,74,74,74,47,67,71,61,61,61,67,59,59,74,74,74,74,42,53,73,74,63],"gold":193,"neow_bonus":"","is_daily":false,"chose_seed":false,"campfire_upgraded":6,"win_rate":0.0,"timestamp":1612623770,"path_taken":["M","M","?","?","M","R","M","E","T","M","?","R","M","E","R","BOSS","M","$","?","?","M","R","M","R","T","M","M","E","R","?","R","BOSS","M","?","?","?","M","E","$","R","T","?","?","M","?","?","R","BOSS"],"items_purchased_type":["Relic","Relic","Card","Relic","Card","Card","Card","Relic","Relic"],"build_version":"2020-12-22","purchased_purges":2,"victory":true,"max_hp_per_floor":[80,80,80,74,74,74,74,74,74,74,74,74,74,74,74,74,74,74,74,74,74,74,74,74,74,74,74,74,74,74,74,74,74,74,74,74,74,74,74,74,74,74,74,74,74,74,74,74,74,74],"card_choices":[{"not_picked":["Anger","Thunderclap"],"picked":"Body Slam","floor":1.0},{"not_picked":["Perfected Strike","Thunderclap"],"picked":"True Grit","floor":2.0},{"not_picked":["Clothesline","Perfected Strike","Clash"],"picked":"SKIP","floor":5.0},{"not_picked":["Heavy Blade","Clothesline","Rupture"],"picked":"SKIP","floor":7.0},{"not_picked":["Dual Wield","Burning Pact","Flex"],"picked":"SKIP","floor":8.0},{"not_picked":["Battle Trance","Sword Boomerang"],"picked":"Shrug It Off","floor":10.0},{"not_picked":["Thunderclap","Anger"],"picked":"Feel No Pain","floor":13.0},{"not_picked":["Cleave","Clash"],"picked":"Reaper","floor":14.0},{"not_picked":["Feed","Brutality"],"picked":"Impervious","floor":16.0},{"not_picked":["Perfected Strike","Headbutt"],"picked":"Sword Boomerang","floor":18.0},{"not_picked":["Intimidate","Perfected Strike+1","Clash+1"],"picked":"SKIP","floor":22.0},{"not_picked":["Pommel Strike+1","Anger"],"picked":"Shrug It Off+1","floor":24.0},{"not_picked":["Armaments","Dual Wield+1"],"picked":"Metallicize+1","floor":27.0},{"not_picked":["Shrug It Off","Ghostly Armor","Pommel Strike"],"picked":"SKIP","floor":28.0},{"not_picked":["Sword Boomerang","Flex"],"picked":"Power Through","floor":29},{"not_picked":["Demon Form+1","Exhume"],"picked":"Double Tap","floor":33},{"not_picked":["Shrug It Off+1","Sword Boomerang"],"picked":"Flex+1","floor":35},{"not_picked":["Blind","Enlightenment"],"picked":"Mayhem+1","floor":36},{"not_picked":["Mind Blast","Madness"],"picked":"Deep Breath","floor":36},{"not_picked":["Perfected Strike","Clash","Body Slam"],"picked":"SKIP","floor":39},{"not_picked":["Metallicize+1","Iron Wave","Body Slam"],"picked":"SKIP","floor":40},{"not_picked":["Armaments","Flex"],"picked":"Infernal Blade+1","floor":44},{"not_picked":["Wild Strike","Heavy Blade"],"picked":"Uppercut+1","floor":46},{"not_picked":["Iron Wave+1","Inflame+1","Havoc"],"picked":"SKIP","floor":47},{"not_picked":["Flex","Cleave","Blood for Blood"],"picked":"SKIP","floor":48}],"player_experience":652516,"relics_obtained":[{"floor":8.0,"key":"Centennial Puzzle"},{"floor":9.0,"key":"Regal Pillow"},{"floor":14.0,"key":"Bronze Scales"},{"floor":20.0,"key":"Necronomicon"},{"floor":26.0,"key":"Red Skull"},{"floor":29,"key":"Dream Catcher"},{"floor":40,"key":"StrikeDummy"},{"floor":43,"key":"Smiling Mask"},{"floor":44,"key":"TungstenRod"}],"event_choices":[{"damage_healed":0.0,"max_hp_gain":0.0,"max_hp_loss":0.0,"gold_gain":0.0,"event_name":"Shining Light","player_choice":"Entered Light","floor":3.0,"gold_loss":0.0,"damage_taken":16.0,"cards_upgraded":["Body Slam","True Grit"]},{"damage_healed":0.0,"max_hp_gain":0.0,"max_hp_loss":6.0,"gold_gain":0.0,"event_name":"Golden Idol","player_choice":"Lose Max HP","floor":4.0,"gold_loss":0.0,"damage_taken":0.0,"relics_obtained":["Golden Idol"]},{"cards_removed":["Defend_R"],"damage_healed":0.0,"max_hp_gain":0.0,"max_hp_loss":0.0,"gold_gain":0.0,"event_name":"The Cleric","player_choice":"Card Removal","floor":11.0,"gold_loss":50.0,"damage_taken":0.0},{"damage_healed":0.0,"max_hp_gain":0.0,"max_hp_loss":0.0,"gold_gain":0.0,"event_name":"Cursed Tome","player_choice":"Obtained Book","floor":20.0,"gold_loss":0.0,"damage_taken":16.0},{"damage_healed":0,"gold_gain":0,"player_choice":"Ignored","damage_taken":0,"max_hp_gain":0,"max_hp_loss":0,"event_name":"Ghosts","floor":31,"gold_loss":0},{"damage_healed":0,"gold_gain":0,"player_choice":"Memory 3","damage_taken":10,"max_hp_gain":0,"max_hp_loss":0,"event_name":"SensoryStone","floor":36,"gold_loss":0},{"cards_removed":["Defend_R"],"damage_healed":0,"gold_gain":0,"player_choice":"Removed Skill","damage_taken":0,"max_hp_gain":0,"max_hp_loss":0,"event_name":"Falling","floor":37,"gold_loss":0},{"damage_healed":0,"gold_gain":333,"player_choice":"Gave Idol","damage_taken":0,"max_hp_gain":0,"max_hp_loss":0,"event_name":"The Moai Head","floor":38,"relics_lost":["Golden Idol"],"gold_loss":0},{"damage_healed":0,"gold_gain":0,"player_choice":"Fight","damage_taken":0,"max_hp_gain":0,"max_hp_loss":0,"event_name":"MindBloom","floor":44,"gold_loss":0}],"is_beta":false,"boss_relics":[{"not_picked":["Cursed Key","Astrolabe"],"picked":"Sozu"},{"not_picked":["Snecko Eye","Runic Cube"],"picked":"Fusion Hammer"}],"items_purged_floors":[41,45],"is_endless":false,"potions_floor_spawned":[1,7,10,16,18,24,28,29,39,46,48],"ascension_level":7}}