{"host":"92ge7uk92o4z80va","time":1612577429,"event":{"mods":["AchievementEnabler","Act Like it!","BaseMod","Better Third Choice","BetterRewards","Curses Come First","Evolution","Hubris","Infinite Spire","Lobotomy","LobotomyExtend","Marisa????????","Minty Spire (QoL Compilation)","Quick Restart","Replay The Spire","Robot Space Explorer","Spire Arcade","StSLib","The Blue Laboratory","The Bug Knight","The Runesmith"],"gold_per_floor":[118,132,151,166,178,178,192,226,278,304,317,317,332,407,407,507,507,518,110,110,110,128,128,128,128],"floor_reached":24,"language":"ENG","playtime":1228,"items_purged":[],"score":210,"play_id":"d61ce8b5-97ea-430c-b8e3-a02728b13f19","local_time":"20210205211029","is_ascension_mode":false,"campfire_choices":[{"data":"Runesmith:CraftIncendium","floor":6,"key":"SMITH"},{"floor":12,"key":"REST"},{"floor":15,"key":"REST"},{"floor":23,"key":"REST"}],"circlet_count":0,"master_deck":["Runesmith:HeatExchange","Runesmith:Strike_RS+1","Runesmith:Strike_RS+1","Runesmith:Strike_RS+1","Runesmith:Defend_RS+1","Runesmith:Defend_RS+1","Runesmith:Defend_RS+1","Runesmith:Defend_RS+1","Runesmith:CraftFirestone","Runesmith:Fortify+1","Runesmith:CraftMagma","Runesmith:CraftIncendium+1","Runesmith:HammerAndChisel","Runesmith:CraftPrismatica","Runesmith:Attraction","Runesmith:CraftProtectio","Runesmith:ShiftingStrike","Runesmith:Electrocute","Runesmith:ChiselStab","Runesmith:PoweredAnvil","Runesmith:MetallurgicalResearch","Runesmith:BackupBattery","Runesmith:PoweredAnvil","Runesmith:StaticCage","Runesmith:NanitesCloud+1"],"relics":["Runesmith:BrokenRuby","EVO:Axolotl","Bronze Scales","Runesmith:AutoHammer","infinitespire:Lychee Nut","LetterFromLob","Kunai","Ancient Tea Set","Gremlin Food","Sling","Oddly Smooth Stone"],"acts_visited":["Exordium","TheCity"],"potions_floor_usage":[16,16,18],"damage_taken":[{"damage":3,"enemies":"Cultist","floor":1,"turns":4},{"damage":1,"enemies":"Jaw Worm","floor":2,"turns":4},{"damage":3,"enemies":"Small Slimes","floor":3,"turns":3},{"damage":1,"enemies":"2 Fungi Beasts","floor":4,"turns":2},{"damage":20,"enemies":"Exordium Thugs","floor":5,"turns":4},{"damage":5,"enemies":"3 Louse","floor":7,"turns":2},{"damage":5,"enemies":"HollowMod:MossKnight","floor":8,"turns":10},{"damage":18,"enemies":"3 Sentries","floor":10,"turns":4},{"damage":5,"enemies":"Blue Slaver","floor":11,"turns":3},{"damage":7,"enemies":"Large Slime","floor":13,"turns":4},{"damage":5,"enemies":"Slime Boss","floor":16,"turns":8},{"damage":1,"enemies":"3 Byrds","floor":18,"turns":2},{"damage":18,"enemies":"Shell Parasite","floor":22,"turns":5}],"seed_played":"-1832908061784515794","potions_obtained":[{"floor":2,"key":"ColorlessPotion"},{"floor":3,"key":"blueLaboratory:FrostheartPotion"},{"floor":8,"key":"Fire Potion"},{"floor":10,"key":"AttackPotion"},{"floor":16,"key":"DistilledChaos"}],"is_trial":false,"path_per_floor":["M","M","M","M","M","R","M","E","T","E","M","R","M","?","R","B",null,"M","$","?","?","M","R","?"],"character_chosen":"RUNESMITH_CLASS","items_purchased":["Bronze Scales","Runesmith:AutoHammer","Sling","Oddly Smooth Stone","Runesmith:PoweredAnvil","Runesmith:StaticCage"],"campfire_rested":3,"item_purchase_floors":[0,0,19,19,19,19],"current_hp_per_floor":[33,38,41,43,29,29,27,28,28,16,16,30,29,18,32,33,47,46,46,46,39,27,42,0,0],"gold":128,"neow_bonus":"","is_daily":false,"chose_seed":false,"campfire_upgraded":1,"win_rate":0.0,"timestamp":1612577429,"path_taken":["M","M","M","M","M","R","?","E","T","E","M","R","M","?","R","BOSS","M","$","?","?","M","R","?"],"items_purchased_type":["Relic","Relic","Relic","Relic","Card","Card"],"build_version":"2020-12-22","purchased_purges":0,"victory":false,"max_hp_per_floor":[47,47,47,47,47,47,47,47,47,47,47,47,47,47,47,47,47,47,47,47,52,52,52,52,52],"card_choices":[{"not_picked":["Runesmith:EnergizedChisel","Runesmith:Accelerate"],"picked":"Runesmith:CraftMagma","floor":1},{"not_picked":["Runesmith:EarthShield","Runesmith:CraftVitae"],"picked":"Runesmith:CraftIncendium","floor":2},{"not_picked":["Runesmith:RunicBlueprint","Runesmith:EnergizedChisel"],"picked":"Runesmith:HammerAndChisel","floor":3},{"not_picked":["Runesmith:ElementalConversion","Runesmith:UnstableHammer"],"picked":"Runesmith:CraftPrismatica","floor":4},{"not_picked":["Runesmith:StaticCage","Runesmith:CraftReservo"],"picked":"Runesmith:Attraction","floor":5},{"not_picked":["Runesmith:CraftMagma","Runesmith:RuneHurl"],"picked":"Runesmith:CraftProtectio","floor":7},{"not_picked":["Runesmith:MakeshiftArmor","Runesmith:HeatedChisel"],"picked":"Runesmith:ShiftingStrike","floor":8},{"not_picked":["Runesmith:HammerTime","Runesmith:CraftReservo"],"picked":"Runesmith:Electrocute","floor":10},{"not_picked":["Runesmith:MakeshiftArmor","Runesmith:RunicBlueprint"],"picked":"Runesmith:ChiselStab","floor":11},{"not_picked":["Runesmith:ShiftingStrike","Runesmith:NanitesCloud"],"picked":"Runesmith:PoweredAnvil","floor":13},{"not_picked":["Runesmith:CraftPrismatica","Runesmith:DuctTape"],"picked":"Runesmith:MetallurgicalResearch","floor":16},{"not_picked":["Runesmith:ShiftingStrike","Runesmith:CraftMagma"],"picked":"Runesmith:BackupBattery","floor":18},{"not_picked":["Runesmith:HammerAndChisel","Runesmith:EnergizedChisel"],"picked":"Runesmith:NanitesCloud","floor":22}],"player_experience":43061,"relics_obtained":[{"floor":1,"key":"LetterFromLob"},{"floor":8,"key":"Kunai"},{"floor":9,"key":"Ancient Tea Set"},{"floor":10,"key":"Gremlin Food"}],"event_choices":[{"damage_healed":0,"gold_gain":75,"player_choice":"Gold","damage_taken":11,"max_hp_gain":0,"max_hp_loss":0,"event_name":"betterThird:BetterGoop","floor":14,"gold_loss":0},{"damage_healed":0,"gold_gain":0,"player_choice":"Simplicity","damage_taken":0,"max_hp_gain":0,"max_hp_loss":6,"event_name":"betterThird:BetterWriting","floor":20,"gold_loss":0},{"damage_healed":0,"gold_gain":0,"player_choice":"Shed Blood","damage_taken":12,"max_hp_gain":5,"max_hp_loss":0,"event_name":"Forgotten Altar","floor":21,"gold_loss":0}],"is_beta":false,"boss_relics":[{"not_picked":["Philosopher\u0027s Stone","Cursed Key","Coffee Dripper"]}],"items_purged_floors":[],"is_endless":false,"potions_floor_spawned":[2,3,8,10,16],"ascension_level":0}}