{"host":"i0m6ffz3lpe3z1ky","time":1612648544,"event":{"mods":["Aspiration","BaseMod","Bestiary","BetterRewards","Colored Map","Conspire","Energized Spire","Highlight Path","Hubris","Ironclad Rager","Minty Spire (QoL Compilation)","Quick Restart","Reliquary","Shop Mod","Spicy Shops","StSLib","Thieving Mod"],"gold_per_floor":[109,2,2,2,114,114,149,149,200,320,438,567,567,692,692,867,867,984,1103,1218,1333,1333,1365,1365,1024,1024,286,336,466,578,703,703,875,875,991,232,247,357,467,597,597,707,785,785,100,113,226,346,346,346,346,346,346,6,33,33],"floor_reached":57,"language":"KOR","playtime":3526,"items_purged":["Strike_G","Strike_G","Strike_G"],"score":2928,"play_id":"79bc3a93-82e9-4cc1-8de4-8f7a0b46e6fd","local_time":"20210207065544","is_ascension_mode":true,"campfire_choices":[{"data":"Catalyst","floor":6.0,"key":"SMITH"},{"data":"Venomology","floor":8.0,"key":"SMITH"},{"data":"Footwork","floor":15.0,"key":"SMITH"},{"data":"A Thousand Cuts","floor":32.0,"key":"SMITH"},{"data":"Adrenaline","floor":41.0,"key":"SMITH"},{"floor":44.0,"key":"RECALL"},{"data":"Noxious Fumes","floor":49.0,"key":"SMITH"},{"data":"Catalyst","floor":53.0,"key":"SMITH"}],"circlet_count":0,"master_deck":["AscendersBane","Strike_G","Defend_G","Defend_G","Defend_G","Defend_G","Defend_G","Survivor","Neutralize","Bouncing Flask","All Out Attack+1","Catalyst+1","Venomology+1","Noxious Fumes+1","Footwork+1","Corpse Explosion","PiercingWail","Catalyst+1","A Thousand Cuts+1","Catalyst+1","Master of Strategy","hubris:EnhanceAbility","Infinite Blades","Adrenaline+1","Master of Strategy","Catalyst+1","Calculated Gamble+1","Noxious Fumes+1","Panacea","Noxious Fumes+1","Footwork+1","Blur"],"relics":["Ring of the Serpent","Membership Card","ClockworkSouvenir","hubris:64BitClover","Potion Belt","reliquary:PartyBalloon","hubris:Icosahedron","Ancient Tea Set","reliquary:WeakTea","hubris:SphereOfDissonance","Turnip","Gremlin Horn","reliquary:BallBearing","reliquary:TatteredRug","hubris:ToyBattleship","Lee\u0027s Waffle","HandDrill","aspiration:StickyExplosives_weak","PreservedInsect","OrangePellets","Bag of Marbles","reliquary:SharkskinSheath","reliquary:BrokenClock","Orichalcum","aspiration:Lifesprig","reliquary:HotPoker","Omamori","Sling","Ornamental Fan","Bronze Scales","DollysMirror","reliquary:BoilingFlask","aspiration:ChemicalBlood","The Courier","hubris:MedicalManual","hubris:AncientText","hubris:Reverence","Toolbox","Vajra","reliquary:Boomerang","Boot","Frozen Egg 2","Ice Cream","reliquary:FerryPass","Bottled Lightning","Snake Skull","Strawberry","aspiration:FetidBarrel","StoneCalendar"],"acts_visited":["Exordium","TheCity","TheBeyond","TheEnding"],"potions_floor_usage":[56,56,56,56],"damage_taken":[{"damage":0.0,"enemies":"2 Louse","floor":1.0,"turns":2.0},{"damage":0.0,"enemies":"Cultist","floor":5.0,"turns":3.0},{"damage":2.0,"enemies":"Gremlin Nob","floor":7.0,"turns":3.0},{"damage":2.0,"enemies":"Small Slimes","floor":10.0,"turns":3.0},{"damage":3.0,"enemies":"Blue Slaver","floor":11.0,"turns":3.0},{"damage":10.0,"enemies":"Lagavulin","floor":12.0,"turns":4.0},{"damage":10.0,"enemies":"3 Sentries","floor":14.0,"turns":3.0},{"damage":8.0,"enemies":"Hexaghost","floor":16.0,"turns":6.0},{"damage":12.0,"enemies":"Shell Parasite","floor":18.0,"turns":6.0},{"damage":0.0,"enemies":"3 Byrds","floor":19.0,"turns":2.0},{"damage":8.0,"enemies":"Centurion and Healer","floor":20.0,"turns":6.0},{"damage":10.0,"enemies":"Cultist and Chosen","floor":21.0,"turns":4.0},{"damage":34.0,"enemies":"Slavers","floor":23.0,"turns":2.0},{"damage":3.0,"enemies":"Gremlin Leader","floor":29.0,"turns":4.0},{"damage":16.0,"enemies":"Chosen and Byrds","floor":30.0,"turns":5.0},{"damage":8.0,"enemies":"conspire:Head Lice","floor":31.0,"turns":4.0},{"damage":33.0,"enemies":"conspire:MysteriousRune","floor":33.0,"turns":5.0},{"damage":38.0,"enemies":"3 Darklings","floor":35.0,"turns":3.0},{"damage":14.0,"enemies":"Orb Walker","floor":37.0,"turns":3.0},{"damage":0.0,"enemies":"Transient","floor":38.0,"turns":3.0},{"damage":33.0,"enemies":"3 Darklings","floor":39.0,"turns":3.0},{"damage":5.0,"enemies":"Nemesis","floor":40.0,"turns":3.0},{"damage":0.0,"enemies":"Sphere and 2 Shapes","floor":42.0,"turns":2.0},{"damage":7.0,"enemies":"Transient","floor":46.0,"turns":5.0},{"damage":7.0,"enemies":"Maw","floor":47.0,"turns":4.0},{"damage":0.0,"enemies":"3 Darklings","floor":48.0,"turns":2.0},{"damage":50.0,"enemies":"Awakened One","floor":50.0,"turns":6.0},{"damage":42.0,"enemies":"Time Eater","floor":51.0,"turns":4.0},{"damage":0,"enemies":"Shield and Spear","floor":55,"turns":2},{"damage":69,"enemies":"The Heart","floor":56,"turns":5}],"seed_played":"-9014527769232302364","potions_obtained":[{"floor":1.0,"key":"EssenceOfSteel"},{"floor":5.0,"key":"SpeedPotion"},{"floor":11.0,"key":"SteroidPotion"},{"floor":12.0,"key":"CunningPotion"},{"floor":18.0,"key":"SkillPotion"},{"floor":20.0,"key":"Fire Potion"},{"floor":21.0,"key":"LiquidBronze"},{"floor":38.0,"key":"Fruit Juice"},{"floor":46.0,"key":"Weak Potion"},{"floor":47.0,"key":"SkillPotion"},{"floor":48.0,"key":"AttackPotion"}],"is_trial":false,"path_per_floor":["M","$","?","?","M","R","E","R","T","M","M","E","?","E","R","B",null,"M","M","M","M","?","E","?","$","T","$","?","E","M","E","R","B",null,"M","$","M","M","M","E","R","M","T","R","$","M","M","M","R","B","B",null,"R","$","E","B",null],"character_chosen":"THE_SILENT","items_purchased":["Membership Card","Bouncing Flask","ClockworkSouvenir","hubris:64BitClover","Potion Belt","Fire Potion","SkillPotion","All Out Attack","reliquary:PartyBalloon","reliquary:TatteredRug","hubris:ToyBattleship","Lee\u0027s Waffle","HandDrill","aspiration:StickyExplosives_weak","Catalyst","Master of Strategy","PreservedInsect","OrangePellets","Bag of Marbles","reliquary:SharkskinSheath","reliquary:BrokenClock","Orichalcum","hubris:EnhanceAbility","Infinite Blades","Omamori","Sling","Ornamental Fan","Master of Strategy","Bronze Scales","DollysMirror","reliquary:BoilingFlask","hubris:MedicalManual","hubris:AncientText","hubris:Reverence","Panacea","Toolbox","Vajra","reliquary:Boomerang","Boot","Frozen Egg 2","Noxious Fumes+1","Ice Cream","reliquary:FerryPass","Bottled Lightning","Snake Skull","Strawberry","aspiration:FetidBarrel"],"campfire_rested":0,"item_purchase_floors":[0,0,0,0,0,0,0,2,2,25,25,25,25,25,25,25,27,27,27,27,27,27,27,27,36,36,36,36,36,36,36,45,45,45,45,45,45,45,45,45,45,45,45,54,54,54,54],"current_hp_per_floor":[28,28,28,28,28,28,64,64,64,62,59,49,49,39,39,31,57,45,45,37,36,36,32,32,73,73,73,73,70,54,46,46,13,58,20,20,59,59,31,26,26,26,26,26,6,71,64,64,64,14,36,68,68,75,75,6],"gold":33,"neow_bonus":"","is_daily":false,"chose_seed":false,"campfire_upgraded":7,"win_rate":0.0,"timestamp":1612648544,"path_taken":["M","$","?","?","M","R","E","R","T","M","?","E","?","E","R","BOSS","M","M","M","M","?","E","?","?","T","$","?","E","M","E","R","BOSS","M","$","M","M","M","E","R","M","T","R","$","M","M","M","R","BOSS","BOSS","R","$","E","BOSS"],"items_purchased_type":["Relic","Card","Relic","Relic","Relic","Potion","Potion","Card","Relic","Relic","Relic","Relic","Relic","Relic","Card","Card","Relic","Relic","Relic","Relic","Relic","Relic","Card","Card","Relic","Relic","Relic","Card","Relic","Relic","Relic","Relic","Relic","Relic","Card","Relic","Relic","Relic","Relic","Relic","Card","Relic","Relic","Relic","Relic","Relic","Relic"],"build_version":"2020-12-22","purchased_purges":3,"victory":true,"max_hp_per_floor":[66,66,66,66,66,66,66,66,66,66,66,66,66,66,66,66,66,66,66,66,66,66,66,66,73,73,73,73,73,73,73,73,73,73,73,73,73,73,78,78,78,78,78,78,78,78,78,78,78,78,78,78,78,85,85,85],"card_choices":[{"not_picked":["Deadly Poison","Flying Knee","Dodge and Roll"],"picked":"SKIP","floor":1.0},{"not_picked":["hubris:SlightOfHand","Dodge and Roll"],"picked":"Catalyst","floor":5.0},{"not_picked":["Underhanded Strike","Storm of Steel"],"picked":"Venomology","floor":7.0},{"not_picked":["Skewer","Prepared","Dagger Throw"],"picked":"SKIP","floor":10.0},{"not_picked":["Crippling Poison","Underhanded Strike","Prepared"],"picked":"SKIP","floor":11.0},{"not_picked":["conspire:DoublingDagger","Slice"],"picked":"Noxious Fumes","floor":12.0},{"not_picked":["Outmaneuver","hubris:TrickCloak"],"picked":"Footwork","floor":14.0},{"not_picked":["Malaise","After Image"],"picked":"Corpse Explosion","floor":16.0},{"not_picked":["hubris:SlightOfHand","Bane"],"picked":"PiercingWail","floor":18.0},{"not_picked":["Accuracy","Expertise","Eviscerate"],"picked":"SKIP","floor":19.0},{"not_picked":["Heel Hook","Deadly Poison"],"picked":"Catalyst+1","floor":20.0},{"not_picked":["Accuracy","Quick Slash+1"],"picked":"A Thousand Cuts","floor":21.0},{"not_picked":["hubris:Counter","Endless Agony+1","Blade Dance"],"picked":"SKIP","floor":23.0},{"not_picked":["PiercingWail","Infinite Blades","Blade Dance+1"],"picked":"SKIP","floor":29.0},{"not_picked":["Slice","Quick Slash+1","Prepared+1"],"picked":"SKIP","floor":30.0},{"not_picked":["Blade Dance","hubris:SlightOfHand","Malaise"],"picked":"SKIP","floor":31.0},{"not_picked":["Grand Finale","Corpse Explosion"],"picked":"Adrenaline","floor":33.0},{"not_picked":["Predator","Tactician+1","PiercingWail"],"picked":"SKIP","floor":35.0},{"not_picked":["Backflip","Deflect","Underhanded Strike"],"picked":"SKIP","floor":37.0},{"not_picked":["Riddle With Holes+1","Tactician"],"picked":"Calculated Gamble+1","floor":38.0},{"not_picked":["Outmaneuver","Infinite Blades","hubris:SlightOfHand"],"picked":"SKIP","floor":39.0},{"not_picked":["Acrobatics+1","Grand Finale","Flying Knee"],"picked":"SKIP","floor":40.0},{"not_picked":["Deadly Poison","Quick Slash"],"picked":"Noxious Fumes","floor":42.0},{"not_picked":["Infinite Blades+1","Dodge and Roll","Dagger Throw"],"picked":"SKIP","floor":46.0},{"not_picked":["Riddle With Holes","Bane","Dagger Throw"],"picked":"SKIP","floor":47.0},{"not_picked":["Outmaneuver","Dodge and Roll"],"picked":"Footwork+1","floor":48.0},{"not_picked":["Prepared","Quick Slash"],"picked":"Blur","floor":55}],"player_experience":517187,"relics_obtained":[{"floor":7.0,"key":"Ancient Tea Set"},{"floor":9.0,"key":"reliquary:WeakTea"},{"floor":12.0,"key":"hubris:SphereOfDissonance"},{"floor":14.0,"key":"Turnip"},{"floor":19.0,"key":"Gremlin Horn"},{"floor":23.0,"key":"reliquary:BallBearing"},{"floor":29.0,"key":"aspiration:Lifesprig"},{"floor":31.0,"key":"reliquary:HotPoker"},{"floor":38.0,"key":"aspiration:ChemicalBlood"},{"floor":43.0,"key":"The Courier"},{"floor":55,"key":"StoneCalendar"}],"event_choices":[{"damage_healed":0.0,"max_hp_gain":0.0,"max_hp_loss":0.0,"gold_gain":0.0,"event_name":"Upgrade Shrine","player_choice":"Upgraded","floor":4.0,"gold_loss":0.0,"damage_taken":0.0,"cards_upgraded":["All Out Attack"]},{"damage_healed":0.0,"max_hp_gain":0.0,"max_hp_loss":0.0,"gold_gain":0.0,"event_name":"Living Wall","player_choice":"Grow","floor":13.0,"gold_loss":0.0,"damage_taken":0.0,"cards_upgraded":["Noxious Fumes"]},{"damage_healed":0.0,"max_hp_gain":0.0,"max_hp_loss":0.0,"gold_gain":0.0,"event_name":"Vampires","player_choice":"Ignored","floor":22.0,"gold_loss":0.0,"damage_taken":0.0},{"cards_removed":["Strike_G"],"damage_healed":0.0,"max_hp_gain":0.0,"max_hp_loss":0.0,"gold_gain":0.0,"event_name":"Back to Basics","player_choice":"Elegance","floor":24.0,"gold_loss":0.0,"damage_taken":0.0},{"damage_healed":0.0,"max_hp_gain":0.0,"max_hp_loss":0.0,"gold_gain":100.0,"event_name":"The Joust","player_choice":"Bet on Murderer","floor":28.0,"gold_loss":50.0,"damage_taken":0.0}],"is_beta":false,"boss_relics":[{"not_picked":["Velvet Choker","energizedSpire:SpiderWeb","aspiration:PoetsPen_weak"]},{"not_picked":["reliquary:KinkedSpring","Cursed Key"],"picked":"Ring of the Serpent"}],"items_purged_floors":[25,27,36],"is_endless":false,"potions_floor_spawned":[1,5,11,12,18,20,21,38,46,47,48],"ascension_level":20}}