{"host":"uuef13iiy6j2c50k","time":1612598867,"event":{"mods":["BaseMod","Minty Spire (QoL Compilation)","Quick Restart","Relic Stats","Slay-I","StSLib","SuperFastMode"],"gold_per_floor":[113,133,143,16,27,53,71,91,117,17,52,52,84,49,49,152,152,165,165,179,80,98,98,129,141,153,165,191,203,215,237,249,261,261],"floor_reached":33,"language":"ENG","playtime":1080,"items_purged":["Strike_B","Strike_B"],"score":359,"play_id":"58bbd70e-3ffc-4ec6-bc96-cda322712510","local_time":"20210205220747","is_ascension_mode":true,"campfire_choices":[{"floor":12,"key":"REST"},{"data":"Hyperbeam","floor":15,"key":"SMITH"},{"data":"Hyperbeam","floor":23,"key":"SMITH"},{"data":"Self Repair","floor":29,"key":"SMITH"},{"floor":32,"key":"REST"}],"circlet_count":0,"master_deck":["Defend_B","Defend_B","Defend_B","Defend_B","Dualcast","Hyperbeam+1","Melter","Go for the Eyes","Sweeping Beam","Conserve Battery","Steam","Conserve Battery","Leap","Recycle","Hyperbeam+1","Force Field+1","Meteor Strike+1","Buffer+1","Undo+1","Turbo","Beam Cell","Double Energy+1","Self Repair+1","Go for the Eyes+1","Self Repair"],"relics":["Cracked Core","Calipers","Art of War","Thread and Needle","Centennial Puzzle","Astrolabe","MawBank","Tiny Chest"],"acts_visited":["Exordium","TheCity"],"potions_floor_usage":[7,13,18,30],"damage_taken":[{"damage":6,"enemies":"Cultist","floor":1,"turns":3},{"damage":6,"enemies":"2 Louse","floor":2,"turns":2},{"damage":0,"enemies":"Small Slimes","floor":3,"turns":1},{"damage":4,"enemies":"Blue Slaver","floor":5,"turns":2},{"damage":39,"enemies":"Lagavulin","floor":6,"turns":8},{"damage":2,"enemies":"Exordium Wildlife","floor":7,"turns":3},{"damage":0,"enemies":"Looter","floor":8,"turns":3},{"damage":5,"enemies":"3 Sentries","floor":11,"turns":5},{"damage":12,"enemies":"Gremlin Nob","floor":13,"turns":3},{"damage":17,"enemies":"Slime Boss","floor":16,"turns":8},{"damage":0,"enemies":"3 Byrds","floor":18,"turns":2},{"damage":0,"enemies":"Spheric Guardian","floor":20,"turns":2},{"damage":0,"enemies":"Cultist and Chosen","floor":22,"turns":7},{"damage":46,"enemies":"Gremlin Leader","floor":24,"turns":6},{"damage":1,"enemies":"Chosen and Byrds","floor":28,"turns":6},{"damage":19,"enemies":"Colosseum Slavers","floor":30,"turns":4},{"damage":0,"enemies":"Snecko","floor":31,"turns":4},{"damage":47,"enemies":"Champ","floor":33,"turns":11}],"seed_played":"9177614922325622896","potions_obtained":[{"floor":1,"key":"Fruit Juice"},{"floor":11,"key":"AttackPotion"},{"floor":13,"key":"Swift Potion"},{"floor":18,"key":"Ancient Potion"},{"floor":24,"key":"SpeedPotion"},{"floor":31,"key":"Ancient Potion"}],"is_trial":false,"path_per_floor":["M","M","M","$","M","E","M","M","T","$","E","R","E","?","R","B",null,"M","?","M","$","M","R","E","?","T","?","M","R","?","M","R","B"],"character_chosen":"DEFECT","items_purchased":["Conserve Battery","Turbo","Beam Cell"],"campfire_rested":2,"item_purchase_floors":[4,21,21],"current_hp_per_floor":[69,63,63,63,59,20,23,23,23,23,18,42,30,50,50,33,68,68,68,68,68,68,68,22,22,22,22,28,28,9,19,43,0,0],"gold":261,"neow_bonus":"ONE_RANDOM_RARE_CARD","is_daily":false,"chose_seed":false,"campfire_upgraded":3,"win_rate":0.0,"timestamp":1612598867,"path_taken":["M","M","M","?","M","E","M","?","T","$","E","R","E","?","R","BOSS","M","?","M","$","M","R","E","?","T","?","?","R","?","M","R","BOSS"],"items_purchased_type":["Card","Card","Card"],"build_version":"2020-12-22","purchased_purges":2,"victory":false,"max_hp_per_floor":[75,75,75,75,75,75,80,80,80,80,80,80,80,80,80,80,80,80,80,80,80,80,80,80,80,80,80,80,80,80,80,80,80,80],"relic_stats":{"Centennial Puzzle":[15],"counters":[18,80],"Astrolabe":["Force Field","Meteor Strike","Buffer"],"Tiny Chest":0,"Art of War":[7],"MawBank":108,"obtain_stats":[{"Centennial Puzzle":13,"Calipers":6,"Astrolabe":17,"Thread and Needle":11,"Tiny Chest":25,"Art of War":9,"Cracked Core":0,"MawBank":24},{"Centennial Puzzle":9,"Calipers":5,"Astrolabe":10,"Thread and Needle":8,"Tiny Chest":14,"Art of War":7,"Cracked Core":0,"MawBank":14},{"Centennial Puzzle":30,"Calipers":16,"Astrolabe":38,"Thread and Needle":27,"Tiny Chest":55,"Art of War":22,"Cracked Core":0,"MawBank":55}]},"card_choices":[{"not_picked":["Stack","Doom and Gloom"],"picked":"Melter","floor":1},{"not_picked":["Rip and Tear","Turbo"],"picked":"Go for the Eyes","floor":2},{"not_picked":["Ball Lightning","Rebound"],"picked":"Sweeping Beam","floor":3},{"not_picked":["Gash","Darkness"],"picked":"Steam","floor":5},{"not_picked":["Gash","Steam"],"picked":"Conserve Battery","floor":6},{"not_picked":["Chaos","Blizzard"],"picked":"Leap","floor":7},{"not_picked":["Gash","Barrage","Streamline"],"picked":"SKIP","floor":8},{"not_picked":["All For One","Lockon","Scrape"],"picked":"SKIP","floor":11},{"not_picked":["Leap","Tempest"],"picked":"Recycle","floor":13},{"not_picked":["Amplify","Reboot"],"picked":"Hyperbeam","floor":16},{"not_picked":["Go for the Eyes","Rebound","Scrape"],"picked":"SKIP","floor":18},{"not_picked":["Darkness+1","Lockon"],"picked":"Undo+1","floor":20},{"not_picked":["Cold Snap","Leap+1"],"picked":"Double Energy+1","floor":22},{"not_picked":["Ball Lightning","Turbo+1"],"picked":"Self Repair","floor":24},{"not_picked":["Tempest","Chill"],"picked":"Go for the Eyes+1","floor":28},{"not_picked":["Streamline","Sweeping Beam+1"],"picked":"Self Repair","floor":31}],"player_experience":47383,"relics_obtained":[{"floor":6,"key":"Calipers"},{"floor":9,"key":"Art of War"},{"floor":11,"key":"Thread and Needle"},{"floor":13,"key":"Centennial Puzzle"},{"floor":24,"key":"MawBank"}],"event_choices":[{"damage_healed":20,"gold_gain":0,"player_choice":"Healed","damage_taken":0,"max_hp_gain":0,"max_hp_loss":0,"event_name":"The Cleric","floor":14,"gold_loss":35},{"damage_healed":0,"gold_gain":0,"player_choice":"Ignored","damage_taken":0,"max_hp_gain":0,"max_hp_loss":0,"event_name":"Vampires","floor":19,"gold_loss":0},{"damage_healed":0,"gold_gain":0,"player_choice":"Opened","damage_taken":0,"relics_obtained":["Tiny Chest"],"max_hp_gain":0,"max_hp_loss":0,"event_name":"The Mausoleum","floor":25,"gold_loss":0,"cards_obtained":["Writhe"]},{"cards_removed":["Writhe"],"damage_healed":0,"gold_gain":0,"player_choice":"Elegance","damage_taken":0,"max_hp_gain":0,"max_hp_loss":0,"event_name":"Back to Basics","floor":27,"gold_loss":0},{"damage_healed":0,"gold_gain":0,"player_choice":"Fight","damage_taken":0,"max_hp_gain":0,"max_hp_loss":0,"event_name":"Colosseum","floor":30,"gold_loss":0},{"damage_healed":0,"gold_gain":0,"player_choice":"Fled From Nobs","damage_taken":0,"max_hp_gain":0,"max_hp_loss":0,"event_name":"Colosseum","floor":30,"gold_loss":0}],"is_beta":false,"boss_relics":[{"not_picked":["Coffee Dripper","Ectoplasm"],"picked":"Astrolabe"}],"items_purged_floors":[4,10],"is_endless":false,"potions_floor_spawned":[1,11,13,18,24,31],"killed_by":"Champ","ascension_level":5}}