{"host":"ej105hmlhg4ikw5v","time":1612649341,"event":{"mods":["AchievementEnabler","BaseMod","Better Sensory Stone","Better Skull","Better Vampires","Block Reminder","CapriCore","Colored Map","Colored Powertips","DeckTracker","Dio Mod","GifTheSpireLib","Highlight Path","Lobotomy","LobotomyExtend","Marisa????????","Minty Spire (QoL Compilation)","Permanent Neow","Quick Restart","Relic Stats","Remilia??????","Replay The Spire","Shop Mod","Spicy Shops","StSLib","The Immortal","The Senshi","The Wild Card","Waifu the Spire"],"gold_per_floor":[114,114,41,67,78,78,78,78],"floor_reached":7,"language":"SPA","playtime":351,"items_purged":[],"score":43,"play_id":"0d2aac25-c2c3-41f0-917a-7802760e8f56","local_time":"20210206190901","is_ascension_mode":true,"campfire_choices":[{"data":"theWildCard:Attunement","floor":6,"key":"SMITH"}],"circlet_count":0,"master_deck":["theWildCard:BasicStrike","theWildCard:BasicStrike","theWildCard:BasicStrike","theWildCard:BasicStrike","theWildCard:BasicDefend","theWildCard:BasicDefend","theWildCard:BasicDefend","theWildCard:BasicDefend","theWildCard:CallToAdventure","theWildCard:Arsene","SpiderBud","theWildCard:SacrificialStroke","Mind Blast","theWildCard:Attunement+1","VoidDream","theWildCard:StingingStrike"],"relics":["theWildCard:VelvetContract","CogitoBucket","LetterFromLob","Pet Ghost"],"acts_visited":["Exordium"],"potions_floor_usage":[],"damage_taken":[{"damage":0,"enemies":"Cultist","floor":1,"turns":4},{"damage":12,"enemies":"Small Slimes","floor":5,"turns":4},{"damage":49,"enemies":"Gremlin Nob","floor":7,"turns":4}],"seed_played":"-5108271723295249397","potions_obtained":[],"is_trial":false,"path_per_floor":["M","?","$","T","M","R","E"],"character_chosen":"THE_WILD_CARD","items_purchased":["theWildCard:Attunement"],"campfire_rested":0,"item_purchase_floors":[3],"current_hp_per_floor":[60,60,60,60,48,48,0,0],"gold":78,"neow_bonus":"","is_daily":false,"chose_seed":false,"campfire_upgraded":1,"win_rate":0.0,"timestamp":1612649341,"path_taken":["M","?","$","?","M","R","E"],"items_purchased_type":["Card"],"build_version":"2020-12-22","purchased_purges":0,"victory":false,"max_hp_per_floor":[60,60,60,60,60,60,60,60],"relic_stats":{"counters":[3,12],"obtain_stats":[{"theWildCard:VelvetContract":0,"CogitoBucket":0,"LetterFromLob":1,"Pet Ghost":4},{"theWildCard:VelvetContract":0,"CogitoBucket":0,"LetterFromLob":1,"Pet Ghost":1},{"theWildCard:VelvetContract":0,"CogitoBucket":0,"LetterFromLob":4,"Pet Ghost":4}]},"card_choices":[{"not_picked":["DespairKnight","MHz"],"picked":"SpiderBud","floor":1},{"not_picked":["theWildCard:EnergizedStroke","theWildCard:Loki"],"picked":"theWildCard:SacrificialStroke","floor":1},{"not_picked":["ReplayTheSpireMod:Uncanny Aura","PanicButton"],"picked":"Mind Blast","floor":2},{"not_picked":["Mercenary","BeautyBeast"],"picked":"VoidDream","floor":5},{"not_picked":["theWildCard:StalwartBlade","theWildCard:MasterPlan"],"picked":"theWildCard:StingingStrike","floor":5}],"player_experience":329772,"relics_obtained":[{"floor":1,"key":"LetterFromLob"},{"floor":4,"key":"Pet Ghost"}],"event_choices":[{"damage_healed":0,"gold_gain":1,"player_choice":"1","damage_taken":0,"max_hp_gain":0,"max_hp_loss":0,"event_name":"betterStone:BetterStone","floor":2,"gold_loss":0}],"is_beta":false,"boss_relics":[],"items_purged_floors":[],"is_endless":false,"potions_floor_spawned":[],"killed_by":"Gremlin Nob","ascension_level":2}}