{"host":"d61fcf2p3sjwe6yo","time":1612646387,"event":{"mods":["BaseMod","Colored Map","Koishi","Marisa????????","Minty Spire (QoL Compilation)","Reimu??????","StSLib","SuperFastMode","The Servant 0.9.4"],"gold_per_floor":[112,127,138,157,175,207,226,226,277,277,317,417,442,482,482,606,606,625,724,659,400,423,463,478,90,90,90,113,113,128,148,148,267,267,291,291,305,320,320,355,375,413,438,478,478,229,292,307,307,307,307,307,5,41,41,41],"floor_reached":55,"language":"ENG","playtime":3542,"items_purged":["Strike_S"],"score":1099,"play_id":"86274268-10e1-4769-ad02-278e8fd3f19f","local_time":"20210207001947","is_ascension_mode":true,"campfire_choices":[{"data":"Sunlight","floor":8,"key":"SMITH"},{"data":"Moondial","floor":15,"key":"SMITH"},{"data":"Apotheosis","floor":27,"key":"SMITH"},{"data":"TheWorld","floor":29,"key":"SMITH"},{"floor":32,"key":"RECALL"},{"data":"TheWorld","floor":49,"key":"SMITH"},{"data":"Luminosity","floor":52,"key":"SMITH"}],"circlet_count":0,"master_deck":["Strike_S","Strike_S","Strike_S","Defend_S+1","Defend_S","Defend_S","Defend_S","Exchange","Sunlight+1","FastForward","BottledTime","Rewind","InstantArmor","TheWorld+1","Barrier","BottledTime","Moondial+1","Manipulate+1","LightFlow","BottledTime+1","Apotheosis+1","FlawlessForm","Rearm+1","ShiftingGears","TheWorld+1","Moondial","Decay","BottledTime+1","Rearm","Luminosity+1","Solidify"],"relics":["Uniform","Blue Candle","Orichalcum","Golden Idol","MealTicket","Tea:ReiMu","Coffee Dripper","PreservedInsect","Membership Card","Bag of Marbles","Meat on the Bone","War Paint","Centennial Puzzle","OrangePellets","Bottled Lightning","RedLine:ReiMu","Lantern","Mastiff:ReiMu","CeramicFish","Ginger","Sling","Torii","Pear","Toolbox","Blood Vial","Anchor"],"acts_visited":["Exordium","TheCity","TheBeyond","TheEnding"],"potions_floor_usage":[6,55,55,55],"damage_taken":[{"damage":1,"enemies":"2 Louse","floor":1,"turns":2},{"damage":4,"enemies":"Jaw Worm","floor":2,"turns":4},{"damage":1,"enemies":"Cultist","floor":3,"turns":3},{"damage":10,"enemies":"2 Fungi Beasts","floor":4,"turns":3},{"damage":3,"enemies":"Exordium Thugs","floor":5,"turns":5},{"damage":22,"enemies":"Lagavulin","floor":6,"turns":9},{"damage":3,"enemies":"Blue Slaver","floor":7,"turns":3},{"damage":2,"enemies":"Gremlin Nob","floor":11,"turns":4},{"damage":1,"enemies":"Gremlin Gang","floor":13,"turns":2},{"damage":0,"enemies":"3 Sentries","floor":14,"turns":3},{"damage":0,"enemies":"Hexaghost","floor":16,"turns":11},{"damage":0,"enemies":"Chosen","floor":18,"turns":2},{"damage":0,"enemies":"Shell Parasite","floor":22,"turns":2},{"damage":0,"enemies":"Gremlin Leader","floor":23,"turns":4},{"damage":0,"enemies":"Snake Plant","floor":24,"turns":5},{"damage":0,"enemies":"Cultist and Chosen","floor":28,"turns":3},{"damage":0,"enemies":"Chosen and Byrds","floor":30,"turns":4},{"damage":0,"enemies":"3 Cultists","floor":31,"turns":3},{"damage":4,"enemies":"Automaton","floor":33,"turns":9},{"damage":0,"enemies":"3 Darklings","floor":35,"turns":3},{"damage":0,"enemies":"Orb Walker","floor":37,"turns":2},{"damage":0,"enemies":"4 Shapes","floor":38,"turns":3},{"damage":0,"enemies":"Reptomancer","floor":40,"turns":3},{"damage":0,"enemies":"Maw","floor":41,"turns":7},{"damage":0,"enemies":"Giant Head","floor":42,"turns":4},{"damage":1,"enemies":"Nemesis","floor":44,"turns":5},{"damage":0,"enemies":"Mind Bloom Boss Battle","floor":47,"turns":4},{"damage":0,"enemies":"3 Darklings","floor":48,"turns":3},{"damage":8,"enemies":"Awakened One","floor":50,"turns":23},{"damage":0,"enemies":"Shield and Spear","floor":54,"turns":2},{"damage":75,"enemies":"The Heart","floor":55,"turns":11}],"seed_played":"6447176495580797238","potions_obtained":[{"floor":1,"key":"ColorlessPotion"},{"floor":5,"key":"GamblersBrew"},{"floor":11,"key":"SteroidPotion"},{"floor":13,"key":"SmokeBomb"},{"floor":14,"key":"BlessingOfTheForge"},{"floor":23,"key":"Swift Potion"},{"floor":24,"key":"DuplicationPotion"}],"is_trial":false,"path_per_floor":["M","M","M","M","M","E","M","R","T","?","E","?","M","E","R","B",null,"M","?","?","$","M","E","M","$","T","R","M","R","M","M","R","B",null,"M","?","M","M","?","E","M","E","T","E","T","$","?","M","R","B",null,"R","$","E","B"],"character_chosen":"THE_SERVANT","items_purchased":["Membership Card","Bag of Marbles","Apotheosis","FlawlessForm","War Paint","Centennial Puzzle","OrangePellets","Ginger","Sling","Luminosity","Solidify","Pear","Toolbox","Blood Vial"],"campfire_rested":0,"item_purchase_floors":[21,21,25,25,25,25,25,46,46,46,53,53,53,53],"current_hp_per_floor":[64,60,59,49,46,24,21,21,21,21,19,19,18,18,18,18,60,60,60,60,60,60,60,60,60,60,60,60,60,60,60,60,56,60,60,60,60,60,60,60,60,60,60,59,59,60,60,60,60,52,60,60,70,70,0,0],"gold":41,"neow_bonus":"ONE_RANDOM_RARE_CARD","is_daily":false,"chose_seed":false,"campfire_upgraded":6,"win_rate":0.0,"timestamp":1612646387,"path_taken":["M","M","M","M","M","E","M","R","T","?","E","?","M","E","R","BOSS","M","?","?","$","M","E","?","$","T","R","M","R","M","M","R","BOSS","M","?","M","?","?","E","M","E","T","E","?","$","?","M","R","BOSS","R","$","E","BOSS"],"items_purchased_type":["Relic","Relic","Card","Card","Relic","Relic","Relic","Relic","Relic","Card","Card","Relic","Relic","Relic"],"build_version":"2020-12-22","purchased_purges":1,"victory":false,"max_hp_per_floor":[65,65,65,65,65,65,65,65,65,60,60,60,60,60,60,60,60,60,60,60,60,60,60,60,60,60,60,60,60,60,60,60,60,60,60,60,60,60,60,60,60,60,60,60,60,60,60,60,60,60,60,60,70,70,70,70],"card_choices":[{"not_picked":["Rearm","Unruled"],"picked":"FastForward","floor":1},{"not_picked":["Desolation","StarChef"],"picked":"BottledTime","floor":2},{"not_picked":["Replace","Starlight"],"picked":"Rewind","floor":3},{"not_picked":["Foresight","TimeWarp"],"picked":"InstantArmor","floor":4},{"not_picked":["InstantArmor","Starlight","Collapse"],"picked":"SKIP","floor":5},{"not_picked":["Defy","Unruled"],"picked":"TheWorld","floor":6},{"not_picked":["Potential","Starlight"],"picked":"Barrier","floor":7},{"not_picked":["WasteNot","RealityMarble"],"picked":"BottledTime","floor":11},{"not_picked":["Rearm","Collapse"],"picked":"Moondial","floor":13},{"not_picked":["DoubleEdge","Rearm"],"picked":"Manipulate","floor":14},{"not_picked":["ForgedInTime","Solidify"],"picked":"LightFlow","floor":16},{"not_picked":["Rearm","InstantArmor"],"picked":"BottledTime+1","floor":18},{"not_picked":["TimeWarp+1","Spin","FanOfKnives+1"],"picked":"SKIP","floor":22},{"not_picked":["Sunlight","Alleviate","Rewind"],"picked":"SKIP","floor":23},{"not_picked":["Barrier","Spin+1","Collapse"],"picked":"SKIP","floor":24},{"not_picked":["TimeWarp","Deny"],"picked":"Rearm+1","floor":28},{"not_picked":["Unruled","DoubleEdge"],"picked":"ShiftingGears","floor":30},{"not_picked":["Barrier","MoonPhase","GearUp"],"picked":"SKIP","floor":31},{"not_picked":["ForgedInTime","Deny"],"picked":"TheWorld","floor":33},{"not_picked":["Replace+1","ReturningBlade"],"picked":"Moondial","floor":35},{"not_picked":["SilverBlades+1","FanOfKnives","Spin"],"picked":"SKIP","floor":37},{"not_picked":["Luminosity+1","Ricochet+1"],"picked":"BottledTime+1","floor":38},{"not_picked":["WasteNot+1","PendulumOfEternity","Contraction"],"picked":"SKIP","floor":40},{"not_picked":["Spin+1","Comet+1","Rewind"],"picked":"SKIP","floor":41},{"not_picked":["Unruled+1","Foresight+1","Ricochet+1"],"picked":"SKIP","floor":42},{"not_picked":["DoubleEdge","Hightail+1"],"picked":"Rearm","floor":44},{"not_picked":["Alleviate+1","SilverBlades+1","Snipe"],"picked":"SKIP","floor":48},{"not_picked":["Deny","ShatteredReality+1","Replace"],"picked":"SKIP","floor":54}],"player_experience":271882,"relics_obtained":[{"floor":6,"key":"Blue Candle"},{"floor":9,"key":"Orichalcum"},{"floor":11,"key":"MealTicket"},{"floor":14,"key":"Tea:ReiMu"},{"floor":23,"key":"Meat on the Bone"},{"floor":26,"key":"Bottled Lightning"},{"floor":40,"key":"Lantern"},{"floor":42,"key":"Mastiff:ReiMu"},{"floor":45,"key":"CeramicFish"},{"floor":47,"key":"Torii"},{"floor":54,"key":"Anchor"}],"event_choices":[{"damage_healed":0,"gold_gain":0,"player_choice":"Lose Max HP","damage_taken":0,"relics_obtained":["Golden Idol"],"max_hp_gain":0,"max_hp_loss":5,"event_name":"Golden Idol","floor":10,"gold_loss":0},{"damage_healed":0,"gold_gain":100,"player_choice":"Pray","damage_taken":0,"max_hp_gain":0,"max_hp_loss":0,"event_name":"Golden Shrine","floor":12,"gold_loss":0},{"damage_healed":0,"gold_gain":99,"player_choice":"Stole From Cult","damage_taken":0,"max_hp_gain":0,"max_hp_loss":0,"event_name":"Nest","floor":19,"gold_loss":0},{"damage_healed":0,"gold_gain":0,"player_choice":"Paid Gold","damage_taken":0,"relics_obtained":["PreservedInsect"],"max_hp_gain":0,"max_hp_loss":0,"event_name":"WeMeetAgain","floor":20,"gold_loss":65},{"damage_healed":0,"gold_gain":0,"player_choice":"Cursed","damage_taken":0,"max_hp_gain":0,"max_hp_loss":0,"event_name":"Wheel of Change","floor":36,"gold_loss":0,"cards_obtained":["Decay"]},{"cards_removed":["KidneyShot"],"damage_healed":0,"gold_gain":0,"player_choice":"Removed Attack","damage_taken":0,"max_hp_gain":0,"max_hp_loss":0,"event_name":"Falling","floor":39,"gold_loss":0},{"damage_healed":0,"gold_gain":0,"player_choice":"Fight","damage_taken":0,"max_hp_gain":0,"max_hp_loss":0,"event_name":"MindBloom","floor":47,"gold_loss":0}],"is_beta":false,"boss_relics":[{"not_picked":["Tiny House","Fusion Hammer"],"picked":"Coffee Dripper"},{"not_picked":["Black Star","Pandora\u0027s Box"],"picked":"RedLine:ReiMu"}],"items_purged_floors":[21],"is_endless":false,"potions_floor_spawned":[1,5,11,13,14,23,24,30,35,40,47,48,54],"killed_by":"The Heart","ascension_level":1}}