{"host":"tetk82fuf8thwxol","time":1612625599,"event":{"mods":["AchievementEnabler","BaseMod","BetterRewards","GifTheSpireLib","Hermit","Minty Spire (QoL Compilation)","Permanent Neow","Quick Restart","Shop Mod","Spicy Shops","StSLib","The Bug Knight","The Cursed","The Runesmith"],"gold_per_floor":[218,230,150,150,29,56,231,256,256,286,300,2,21,21,21,21,21],"floor_reached":16,"language":"ENG","playtime":452,"items_purged":[],"score":142,"play_id":"2ffeac0a-d816-4c11-8722-21a5b04f8b57","local_time":"20210206093319","is_ascension_mode":true,"campfire_choices":[{"data":"Rampage","floor":15,"key":"SMITH"}],"circlet_count":0,"master_deck":["Strike_R","Strike_R+1","Strike_R+1","Strike_R","Strike_R","Defend_R+1","Defend_R","Defend_R","Defend_R+1","Bash","Flex","Combust","Rampage+1","Doubt","Twin Strike"],"relics":["Burning Blood","Runesmith:Nanobots","Red Skull","War Paint","Eternal Feather","Bag of Marbles","Ice Cream","Omamori","PrismaticShard"],"acts_visited":["Exordium"],"potions_floor_usage":[6,10,16],"damage_taken":[{"damage":6,"enemies":"Cultist","floor":1,"turns":3},{"damage":3,"enemies":"Small Slimes","floor":2,"turns":3},{"damage":28,"enemies":"3 Sentries","floor":6,"turns":7},{"damage":18,"enemies":"Gremlin Nob","floor":8,"turns":3},{"damage":21,"enemies":"Lagavulin","floor":10,"turns":6},{"damage":0,"enemies":"2 Louse","floor":11,"turns":1},{"damage":0,"enemies":"Red Slaver","floor":13,"turns":1},{"damage":27,"enemies":"Hexaghost","floor":16,"turns":7}],"seed_played":"-2422380451132869894","potions_obtained":[{"floor":1,"key":"FearPotion"},{"floor":8,"key":"Block Potion"},{"floor":13,"key":"SkillPotion"}],"is_trial":false,"path_per_floor":["M","M","$","?","$","E","?","E","T","E","M","$","M","?","R","B"],"character_chosen":"IRONCLAD","items_purchased":["Combust","Runesmith:Nanobots","Ice Cream","Omamori","PrismaticShard"],"campfire_rested":0,"item_purchase_floors":[3,5,12,12,12],"current_hp_per_floor":[80,80,80,64,64,42,42,30,30,15,21,21,27,53,62,35,35],"gold":21,"neow_bonus":"HUNDRED_GOLD","is_daily":false,"chose_seed":false,"campfire_upgraded":1,"win_rate":0.0,"timestamp":1612625599,"path_taken":["M","M","?","?","$","E","?","E","T","E","M","$","M","?","R","BOSS"],"items_purchased_type":["Card","Relic","Relic","Relic","Relic"],"build_version":"2020-12-22","purchased_purges":0,"victory":false,"max_hp_per_floor":[80,80,80,80,80,80,80,80,80,80,80,80,80,80,80,80,80],"card_choices":[{"not_picked":["Entrench","Headbutt"],"picked":"Flex","floor":1},{"not_picked":["True Grit","Pommel Strike","Headbutt"],"picked":"SKIP","floor":2},{"not_picked":["Anger","Offering"],"picked":"Rampage","floor":6},{"not_picked":["Seeing Red","Metallicize","Iron Wave"],"picked":"SKIP","floor":8},{"not_picked":["Armaments","Rampage","Sword Boomerang"],"picked":"SKIP","floor":10},{"not_picked":["Perfected Strike","Warcry"],"picked":"Twin Strike","floor":11},{"not_picked":["Runesmith:MakeshiftArmor","Omniscience","TheCursedMod:Grudge"],"picked":"SKIP","floor":13}],"player_experience":286051,"relics_obtained":[{"floor":6,"key":"Red Skull"},{"floor":8,"key":"War Paint"},{"floor":9,"key":"Eternal Feather"},{"floor":10,"key":"Bag of Marbles"}],"event_choices":[{"damage_healed":0,"gold_gain":0,"player_choice":"Entered Light","damage_taken":16,"max_hp_gain":0,"max_hp_loss":0,"event_name":"Shining Light","floor":4,"gold_loss":0,"cards_upgraded":["Strike_R","Strike_R"]},{"damage_healed":0,"gold_gain":175,"player_choice":"AGREE","damage_taken":0,"max_hp_gain":0,"max_hp_loss":0,"event_name":"Liars Game","floor":7,"gold_loss":0,"cards_obtained":["Doubt"]},{"damage_healed":26,"gold_gain":0,"player_choice":"Banana","damage_taken":0,"max_hp_gain":0,"max_hp_loss":0,"event_name":"Big Fish","floor":14,"gold_loss":0}],"is_beta":false,"boss_relics":[],"items_purged_floors":[],"is_endless":false,"potions_floor_spawned":[1,8,13],"killed_by":"Hexaghost","ascension_level":4}}