{"host":"z7zr8l1bcqywwl4w","time":1612603523,"event":{"mods":["BaseMod","Minty Spire (QoL Compilation)","SOS¡]´µ¤Ú?¤§¤l¡^","StSLib","The Servant 0.9.4","Yuyuko"],"gold_per_floor":[118,118,37,47,77,113,113,144,144,191,191,366,366,407,407,431,431,449,449,449,474,503,423,423],"floor_reached":23,"language":"ZHT","playtime":1312,"items_purged":[],"score":249,"play_id":"8c8c07ee-95e9-4de3-a6fb-70b59be67784","local_time":"20210206172523","is_ascension_mode":false,"campfire_choices":[{"data":"Pandora","floor":7,"key":"SMITH"},{"floor":11,"key":"REST"},{"data":"DT","floor":13,"key":"SMITH"},{"floor":15,"key":"REST"}],"circlet_count":0,"master_deck":["Attack_a","Attack_a","Attack_b","Shoot","Shoot","Provocation","Defend_Dante","Defend_Dante","Defend_Dante","Redorb","Honeycombofire","Pain","Honeycombofire","Holywater","Pandora+1","Greenorb","Doubleshoot","DT+1","Doubt","Royalguard","Honeycombofire+1","Royaldefend"],"relics":["SSS","Combocheck","NeowsBlessing","WarpedTongs","Toy Ornithopter","Mercury Hourglass","Tiny Chest","SlaversCollar","Nunchaku"],"acts_visited":["Exordium","TheCity"],"potions_floor_usage":[8,8,16,16,23],"damage_taken":[{"damage":0.0,"enemies":"Jaw Worm","floor":1.0,"turns":1.0},{"damage":0.0,"enemies":"Cultist","floor":4.0,"turns":1.0},{"damage":3.0,"enemies":"Small Slimes","floor":5.0,"turns":3.0},{"damage":27,"enemies":"Lagavulin","floor":6,"turns":5},{"damage":19,"enemies":"3 Sentries","floor":8,"turns":5},{"damage":15,"enemies":"Exordium Wildlife","floor":10,"turns":4},{"damage":9,"enemies":"3 Louse","floor":14,"turns":2},{"damage":4,"enemies":"Slime Boss","floor":16,"turns":6},{"damage":34,"enemies":"3 Byrds","floor":18,"turns":4},{"damage":18,"enemies":"Chosen","floor":22,"turns":5},{"damage":40,"enemies":"Book of Stabbing","floor":23,"turns":3}],"seed_played":"-8316347211178653112","potions_obtained":[{"floor":1.0,"key":"LiquidMemories"},{"floor":4.0,"key":"Dexterity Potion"},{"floor":6,"key":"Fire Potion"},{"floor":8,"key":"Explosive Potion"},{"floor":18,"key":"Strength Potion"}],"is_trial":false,"path_per_floor":["M","?","$","M","M","E","R","E","T","M","R","?","R","M","R","B",null,"M","?","?","T","M","E"],"character_chosen":"DANTE","items_purchased":["Honeycombofire"],"campfire_rested":2,"item_purchase_floors":[3],"current_hp_per_floor":[80,80,80,80,77,50,50,51,51,39,63,63,63,61,80,77,80,48,48,48,48,31,0,0],"gold":423,"neow_bonus":"THREE_ENEMY_KILL","is_daily":false,"chose_seed":false,"campfire_upgraded":2,"win_rate":0.0,"timestamp":1612603523,"path_taken":["M","?","$","M","?","E","R","E","T","M","R","?","R","M","R","BOSS","M","?","?","?","M","E"],"items_purchased_type":["Card"],"build_version":"2020-12-22","purchased_purges":0,"victory":false,"max_hp_per_floor":[80,80,80,80,80,80,80,80,80,80,80,80,80,80,80,80,80,80,80,80,80,80,80,80],"card_choices":[{"not_picked":["Unrisingdragon","LucifercomboD"],"picked":"Honeycombofire","floor":1.0},{"not_picked":["Swordmaster","Kick13"],"picked":"Holywater","floor":4.0},{"not_picked":["DevilstarS","Lucifer"],"picked":"Pandora","floor":5.0},{"not_picked":["LucifercomboB","Millionstab"],"picked":"Greenorb","floor":6},{"not_picked":["Holywater","Fullhouse"],"picked":"Doubleshoot","floor":8},{"not_picked":["Dash1","Millionkick"],"picked":"DT","floor":10},{"not_picked":["Swordmaster","LucifercomboA","Millionstab"],"picked":"SKIP","floor":14},{"not_picked":["Enemystep","Purpleorb"],"picked":"Royalguard","floor":16},{"not_picked":["LucifercomboB","Gunstinger"],"picked":"Honeycombofire+1","floor":18},{"not_picked":["Millionstab","Unrisingdragon","Ecstasy+1"],"picked":"SKIP","floor":22}],"player_experience":152699,"relics_obtained":[{"floor":6,"key":"Toy Ornithopter"},{"floor":8,"key":"Mercury Hourglass"},{"floor":9,"key":"Tiny Chest"},{"floor":21,"key":"Nunchaku"}],"event_choices":[{"damage_healed":0.0,"max_hp_gain":0.0,"max_hp_loss":0.0,"gold_gain":0.0,"event_name":"Accursed Blacksmith","player_choice":"Rummage","floor":2.0,"gold_loss":0.0,"damage_taken":0.0,"relics_obtained":["WarpedTongs"],"cards_obtained":["Pain"]},{"damage_healed":0,"gold_gain":175,"player_choice":"AGREE","damage_taken":0,"max_hp_gain":0,"max_hp_loss":0,"event_name":"Liars Game","floor":12,"gold_loss":0,"cards_obtained":["Doubt"]},{"damage_healed":0,"gold_gain":0,"player_choice":"Read","damage_taken":0,"max_hp_gain":0,"max_hp_loss":0,"event_name":"The Library","floor":19,"gold_loss":0,"cards_obtained":["Royaldefend"]},{"cards_removed":["Defend_Dante"],"damage_healed":0,"gold_gain":0,"player_choice":"Elegance","damage_taken":0,"max_hp_gain":0,"max_hp_loss":0,"event_name":"Back to Basics","floor":20,"gold_loss":0}],"is_beta":false,"boss_relics":[{"not_picked":["Tiny House","Busted Crown"],"picked":"SlaversCollar"}],"items_purged_floors":[],"is_endless":false,"potions_floor_spawned":[1,4,6,8,18],"killed_by":"Book of Stabbing","ascension_level":0}}