{"host":"x5w9zppki4gdwvc7","time":1612618260,"event":{"mods":["AchievementEnabler","BaseMod","DeckTracker","Minty Spire (QoL Compilation)"],"gold_per_floor":[363,383,393,343,343,360,360,360,406,427,458,476,476,476],"floor_reached":13,"language":"ENG","playtime":706,"items_purged":[],"score":87,"play_id":"3b68450e-990f-4f52-a403-78823f9ef421","local_time":"20210206143100","is_ascension_mode":false,"campfire_choices":[{"data":"Deadly Poison","floor":8,"key":"SMITH"}],"circlet_count":0,"master_deck":["Strike_G","Strike_G","Strike_G","Defend_G","Defend_G","Defend_G","Defend_G","Defend_G","Survivor","Neutralize","Blur","Deadly Poison+1","Quick Slash","Dagger Spray","Burst","Acrobatics"],"relics":["Ring of the Snake","Golden Idol","Dream Catcher","Blood Vial"],"acts_visited":["Exordium"],"potions_floor_usage":[13],"damage_taken":[{"damage":0,"enemies":"2 Louse","floor":1,"turns":4},{"damage":3,"enemies":"Small Slimes","floor":2,"turns":5},{"damage":0,"enemies":"Jaw Worm","floor":3,"turns":5},{"damage":2,"enemies":"Looter","floor":6,"turns":4},{"damage":2,"enemies":"Blue Slaver","floor":10,"turns":4},{"damage":36,"enemies":"Lagavulin","floor":11,"turns":9},{"damage":9,"enemies":"Lots of Slimes","floor":12,"turns":5},{"damage":16,"enemies":"Gremlin Nob","floor":13,"turns":3}],"seed_played":"2541874360127689052","potions_obtained":[{"floor":3,"key":"SpeedPotion"},{"floor":6,"key":"Fire Potion"},{"floor":10,"key":"ColorlessPotion"}],"is_trial":false,"path_per_floor":["M","M","M","?","?","M","?","R","T","M","E","M","E"],"character_chosen":"THE_SILENT","items_purchased":[],"campfire_rested":0,"item_purchase_floors":[],"current_hp_per_floor":[63,60,60,60,53,51,51,51,51,49,13,6,0,0],"gold":476,"neow_bonus":"TWO_FIFTY_GOLD","is_daily":false,"chose_seed":false,"campfire_upgraded":1,"win_rate":0.0,"timestamp":1612618260,"path_taken":["M","M","M","?","?","M","?","R","T","M","E","M","E"],"items_purchased_type":[],"build_version":"2020-12-22","purchased_purges":0,"victory":false,"max_hp_per_floor":[63,63,63,63,63,63,58,58,58,58,58,58,58,58],"card_choices":[{"not_picked":["Dodge and Roll","Deflect"],"picked":"Blur","floor":1},{"not_picked":["Quick Slash","Reflex"],"picked":"Deadly Poison","floor":2},{"not_picked":["Dodge and Roll","Endless Agony"],"picked":"Quick Slash","floor":3},{"not_picked":["Quick Slash","Deflect","Calculated Gamble"],"picked":"SKIP","floor":6},{"not_picked":["Eviscerate","Underhanded Strike"],"picked":"Dagger Spray","floor":10},{"not_picked":["Deflect","Acrobatics"],"picked":"Burst","floor":11},{"not_picked":["Poisoned Stab","Outmaneuver"],"picked":"Acrobatics","floor":12}],"player_experience":505065,"relics_obtained":[{"floor":9,"key":"Dream Catcher"},{"floor":11,"key":"Blood Vial"}],"event_choices":[{"cards_removed":["Strike_G"],"damage_healed":0,"gold_gain":0,"player_choice":"Card Removal","damage_taken":0,"max_hp_gain":0,"max_hp_loss":0,"event_name":"The Cleric","floor":4,"gold_loss":50},{"cards_removed":["Strike_G"],"damage_healed":0,"gold_gain":0,"player_choice":"Card Removal","damage_taken":7,"max_hp_gain":0,"max_hp_loss":0,"event_name":"Golden Wing","floor":5,"gold_loss":0},{"damage_healed":0,"gold_gain":0,"player_choice":"Lose Max HP","damage_taken":0,"relics_obtained":["Golden Idol"],"max_hp_gain":0,"max_hp_loss":5,"event_name":"Golden Idol","floor":7,"gold_loss":0}],"is_beta":false,"boss_relics":[],"items_purged_floors":[],"is_endless":false,"potions_floor_spawned":[3,6,10],"killed_by":"Gremlin Nob","ascension_level":0}}