{"host":"0jugj35n0ams2iav","time":1612625132,"event":{"mods":["BaseMod","Downfall","Hubris","Minty Spire (QoL Compilation)","Replay The Spire","StSLib","The Cursed","The Marked"],"gold_per_floor":[117,130,130,144,8,36,36,46,69,144,174,187,187,187,187,290,290,310,330,605,624,369,369,369],"floor_reached":23,"language":"ENG","playtime":7414,"items_purged":["Defend_B","Regret"],"score":249,"play_id":"5dbcef2b-6426-4438-a9f3-973137f63bb3","local_time":"20210206162532","is_ascension_mode":true,"campfire_choices":[{"data":"Buffer","floor":7.0,"key":"SMITH"},{"data":"Conserve Battery","floor":13.0,"key":"SMITH"},{"data":"Defend_B","floor":15.0,"key":"SMITH"}],"circlet_count":0,"master_deck":["Strike_B","Strike_B","Strike_B","Defend_B+1","Defend_B","Defend_B","Zap","Dualcast","Conserve Battery+1","Sweeping Beam+1","ReplayGash","ReplayGash","Buffer+1","Barrage","Scrape"],"relics":["hubris:TerracottaHorce","hubris:BallOfYels","ReplayFunnel","InkBottle","hubris:Backtick","Replay:Multitool","Happy Flower"],"acts_visited":["Exordium","TheCity"],"potions_floor_usage":[23],"damage_taken":[{"damage":4.0,"enemies":"Small Slimes","floor":1.0,"turns":3.0},{"damage":7.0,"enemies":"Jaw Worm","floor":2.0,"turns":4.0},{"damage":0.0,"enemies":"Cultist","floor":4.0,"turns":3.0},{"damage":14.0,"enemies":"Gremlin Nob","floor":6.0,"turns":4.0},{"damage":0.0,"enemies":"3 Louse","floor":8.0,"turns":2.0},{"damage":0.0,"enemies":"Lagavulin","floor":11.0,"turns":6.0},{"damage":3.0,"enemies":"Gremlin Gang","floor":12.0,"turns":4.0},{"damage":7.0,"enemies":"The Guardian","floor":16.0,"turns":10.0},{"damage":7.0,"enemies":"2 Thieves","floor":18.0,"turns":4.0},{"damage":0.0,"enemies":"Spheric Guardian","floor":19.0,"turns":4.0},{"damage":38.0,"enemies":"Snecko","floor":21.0,"turns":6.0},{"damage":24,"enemies":"Slavers","floor":23,"turns":2}],"seed_played":"-7464621377796935289","potions_obtained":[{"floor":1.0,"key":"Reflective Coating"},{"floor":6.0,"key":"FocusPotion"},{"floor":8.0,"key":"Block Potion"},{"floor":16.0,"key":"PowerPotion"},{"floor":21.0,"key":"Adrenaline Potion"}],"is_trial":false,"path_per_floor":["M","M","?","M","$","E","R","M","T","?","E","M","R","?","R","B",null,"M","M","?","M","$","E"],"character_chosen":"DEFECT","items_purchased":["ReplayGash","Happy Flower"],"campfire_rested":0,"item_purchase_floors":[5,22],"current_hp_per_floor":[71,64,64,64,64,50,50,50,50,39,39,36,36,41,41,34,69,62,62,62,24,24,0,0],"gold":369,"neow_bonus":"BOSS_RELIC","is_daily":false,"chose_seed":false,"campfire_upgraded":3,"win_rate":0.0,"timestamp":1612625132,"path_taken":["M","M","?","M","$","E","R","M","T","?","E","M","R","?","R","BOSS","M","M","?","?","$","E"],"items_purchased_type":["Card","Relic"],"build_version":"2020-12-22","purchased_purges":2,"victory":false,"max_hp_per_floor":[75,75,75,75,75,75,75,75,75,75,75,75,75,80,80,80,80,80,80,80,80,80,80,80],"card_choices":[{"not_picked":["Ball Lightning","Rebound"],"picked":"Conserve Battery","floor":1.0},{"not_picked":["Conserve Battery","Coolheaded","hubris:Ukulele"],"picked":"SKIP","floor":2.0},{"not_picked":["Hologram","Barrage","Undo"],"picked":"SKIP","floor":4.0},{"not_picked":["Chill","Darkness"],"picked":"Buffer","floor":6.0},{"not_picked":["BasicCrystalCard","Streamline","Rip and Tear"],"picked":"SKIP","floor":8.0},{"not_picked":["Tempest","Chill"],"picked":"Barrage","floor":11.0},{"not_picked":["Coolheaded","Conserve Battery","Recycle"],"picked":"SKIP","floor":12.0},{"not_picked":["hubris:Ukulele","Turbo"],"picked":"Scrape","floor":18.0},{"not_picked":["Defragment","Reinforced Body+1","Darkness"],"picked":"SKIP","floor":19.0},{"not_picked":["BootSequence","Ball Lightning","Conserve Battery"],"picked":"SKIP","floor":21.0}],"player_experience":171841,"relics_obtained":[{"floor":6.0,"key":"hubris:BallOfYels"},{"floor":9.0,"key":"ReplayFunnel"},{"floor":11.0,"key":"InkBottle"}],"event_choices":[{"damage_healed":0.0,"max_hp_gain":0.0,"max_hp_loss":0.0,"gold_gain":75.0,"event_name":"World of Goop","player_choice":"Gather Gold","floor":10.0,"gold_loss":0.0,"damage_taken":11.0},{"damage_healed":0.0,"max_hp_gain":5.0,"max_hp_loss":0.0,"gold_gain":0.0,"event_name":"Big Fish","player_choice":"Donut","floor":14.0,"gold_loss":0.0,"damage_taken":0.0},{"damage_healed":0.0,"max_hp_gain":0.0,"max_hp_loss":0.0,"gold_gain":275.0,"event_name":"Golden Shrine","player_choice":"Desecrate","floor":20.0,"gold_loss":0.0,"damage_taken":0.0,"cards_obtained":["Regret"]}],"is_beta":false,"boss_relics":[{"not_picked":["hubris:ScarierMask","Tiny House"],"picked":"hubris:Backtick"}],"items_purged_floors":[5,22],"is_endless":false,"potions_floor_spawned":[1,6,8,16,21],"killed_by":"Slavers","ascension_level":2}}