{"host":"q8mjpf3krl0t4p3x","time":1612642994,"event":{"mods":["BaseMod","Colored Map","Colored Powertips","Googly Eyes","Minty Spire (QoL Compilation)","Quick Restart","StSLib","everything is the same but u backflip on backflip","slay the spire mod where everything is the same but ironclad has a cowboy hat"],"gold_per_floor":[116,116,131,131,131,131,161,161,161,222,222,252,47,58,58,157,157,176,188,188,38,38,38,38,38,64,163,14,14,28,59,59,161,161,175,0,15,15,26,26,38,54,54,54,5,5,5,20,20,20],"floor_reached":51,"language":"ENG","playtime":2593,"items_purged":["Strike_R"],"score":1123,"play_id":"1ef66620-a805-40f2-94ac-064613becaa2","local_time":"20210206122314","is_ascension_mode":true,"campfire_choices":[{"data":"Rampage","floor":6.0,"key":"SMITH"},{"data":"Anger","floor":8.0,"key":"SMITH"},{"floor":15.0,"key":"REST"},{"data":"Inflame","floor":23.0,"key":"SMITH"},{"data":"True Grit","floor":29.0,"key":"SMITH"},{"floor":32.0,"key":"REST"},{"data":"Bludgeon","floor":40.0,"key":"SMITH"},{"floor":44.0,"key":"REST"},{"data":"Bash","floor":47.0,"key":"SMITH"},{"floor":49.0,"key":"REST"}],"circlet_count":0,"master_deck":["AscendersBane","Strike_R","Strike_R","Strike_R","Strike_R","Defend_R","Defend_R","Defend_R","Defend_R","Bash+1","Rampage+1","Armaments","Anger+1","True Grit+1","Anger+1","Inflame+1","Necronomicurse","Bludgeon+1","Inflame+1"],"relics":["Burning Blood","FossilizedHelix","Singing Bowl","Centennial Puzzle","Meat on the Bone","Potion Belt","Snecko Eye","Necronomicon","Lantern","Pen Nib","Torii","Runic Dome","Red Mask","Art of War"],"acts_visited":["Exordium","TheCity","TheBeyond"],"potions_floor_usage":[50,50],"damage_taken":[{"damage":13.0,"enemies":"Jaw Worm","floor":1.0,"turns":4.0},{"damage":10.0,"enemies":"Cultist","floor":3.0,"turns":5.0},{"damage":30.0,"enemies":"Lagavulin","floor":7.0,"turns":7.0},{"damage":28.0,"enemies":"Lagavulin Event","floor":10.0,"turns":6.0},{"damage":16.0,"enemies":"Gremlin Nob","floor":12.0,"turns":4.0},{"damage":0.0,"enemies":"2 Louse","floor":14.0,"turns":2.0},{"damage":29.0,"enemies":"The Guardian","floor":16.0,"turns":13.0},{"damage":33.0,"enemies":"Spheric Guardian","floor":18.0,"turns":6.0},{"damage":35.0,"enemies":"Shell Parasite","floor":19.0,"turns":7.0},{"damage":37.0,"enemies":"Snake Plant","floor":30.0,"turns":4.0},{"damage":31.0,"enemies":"Slavers","floor":31.0,"turns":5.0},{"damage":39.0,"enemies":"Champ","floor":33.0,"turns":9.0},{"damage":1.0,"enemies":"Orb Walker","floor":35.0,"turns":3.0},{"damage":29.0,"enemies":"3 Darklings","floor":37.0,"turns":4.0},{"damage":0.0,"enemies":"Spire Growth","floor":39.0,"turns":4.0},{"damage":19.0,"enemies":"Writhing Mass","floor":41.0,"turns":3.0},{"damage":30.0,"enemies":"Jaw Worm Horde","floor":42.0,"turns":4.0},{"damage":24.0,"enemies":"4 Shapes","floor":48.0,"turns":5.0},{"damage":137,"enemies":"Time Eater","floor":50,"turns":9}],"seed_played":"-126568337038193118","potions_obtained":[{"floor":7.0,"key":"Ancient Potion"},{"floor":12.0,"key":"Explosive Potion"},{"floor":16.0,"key":"BlessingOfTheForge"},{"floor":18.0,"key":"ColorlessPotion"},{"floor":31.0,"key":"Block Potion"},{"floor":35.0,"key":"FairyPotion"},{"floor":37.0,"key":"ColorlessPotion"}],"is_trial":false,"path_per_floor":["M","?","M","?","?","R","E","R","T","?","?","E","$","M","R","B",null,"M","M","?","$","?","R","$","$","T","?","$","R","M","E","R","B",null,"M","?","M","?","M","R","M","M","T","R","$","$","R","M","R","B",null],"character_chosen":"IRONCLAD","items_purchased":["Potion Belt","SkillPotion","Inflame","Pen Nib","Fire Potion"],"campfire_rested":4,"item_purchase_floors":[13,13,21,28,45],"current_hp_per_floor":[73,73,69,74,74,74,50,50,50,28,28,20,20,40,69,60,89,62,47,80,80,64,64,64,64,64,64,64,64,47,36,67,46,90,97,97,76,76,84,84,73,63,63,97,97,97,97,81,116,41],"gold":20,"neow_bonus":"TEN_PERCENT_HP_BONUS","is_daily":false,"chose_seed":false,"campfire_upgraded":6,"win_rate":0.0,"timestamp":1612642994,"path_taken":["M","?","?","?","?","R","E","R","T","?","?","E","?","?","R","BOSS","M","M","?","$","?","R","?","$","T","?","?","R","M","E","R","BOSS","M","?","M","?","?","R","M","M","T","R","?","$","R","M","R","BOSS"],"items_purchased_type":["Relic","Potion","Card","Relic","Potion"],"build_version":"2020-12-22","purchased_purges":1,"victory":true,"max_hp_per_floor":[88,88,88,93,93,93,93,93,93,93,93,95,95,97,97,99,99,99,101,101,101,101,101,101,101,101,101,101,101,103,105,105,105,105,107,107,109,109,111,111,113,115,115,115,115,115,115,117,117,117],"card_choices":[{"not_picked":["Heavy Blade","Clash"],"picked":"Rampage","floor":1.0},{"not_picked":["Feel No Pain","Headbutt"],"picked":"Armaments","floor":3.0},{"not_picked":["Clash","Flex"],"picked":"Anger","floor":7.0},{"not_picked":["Headbutt","Uppercut"],"picked":"True Grit","floor":10.0},{"not_picked":["Offering","Reckless Charge","Fiend Fire"],"picked":"Singing Bowl","floor":12.0},{"not_picked":["Thunderclap","Armaments","Shrug It Off"],"picked":"Singing Bowl","floor":14.0},{"not_picked":["Berserk","Limit Break","Bludgeon"],"picked":"Singing Bowl","floor":16.0},{"not_picked":["Headbutt","Intimidate"],"picked":"Anger+1","floor":18.0},{"not_picked":["Whirlwind","Second Wind+1","Havoc+1"],"picked":"Singing Bowl","floor":19.0},{"not_picked":["Warcry","Shrug It Off+1","Sentinel"],"picked":"Singing Bowl","floor":30.0},{"not_picked":["Hemokinesis","Clash+1","Warcry"],"picked":"Singing Bowl","floor":31.0},{"not_picked":["Limit Break","Offering"],"picked":"Bludgeon","floor":33.0},{"not_picked":["Flame Barrier","Perfected Strike+1","Blood for Blood"],"picked":"Singing Bowl","floor":35.0},{"not_picked":["Metallicize","True Grit","Cleave+1"],"picked":"Singing Bowl","floor":37.0},{"not_picked":["Combust+1","Dual Wield+1","Warcry+1"],"picked":"Singing Bowl","floor":39.0},{"not_picked":["Perfected Strike","Havoc+1","Heavy Blade"],"picked":"Singing Bowl","floor":41.0},{"not_picked":["Body Slam+1","Infernal Blade","Carnage+1"],"picked":"Singing Bowl","floor":42.0},{"not_picked":["Cleave","Perfected Strike+1","Armaments+1"],"picked":"Singing Bowl","floor":48.0}],"player_experience":322732,"relics_obtained":[{"floor":7.0,"key":"FossilizedHelix"},{"floor":9.0,"key":"Singing Bowl"},{"floor":10.0,"key":"Centennial Puzzle"},{"floor":12.0,"key":"Meat on the Bone"},{"floor":22.0,"key":"Necronomicon"},{"floor":26.0,"key":"Lantern"},{"floor":31.0,"key":"Torii"},{"floor":43.0,"key":"Art of War"}],"event_choices":[{"damage_healed":0.0,"max_hp_gain":0.0,"max_hp_loss":0.0,"gold_gain":0.0,"event_name":"The Woman in Blue","player_choice":"Bought 0 Potions","floor":2.0,"gold_loss":0.0,"damage_taken":0.0},{"damage_healed":0.0,"max_hp_gain":5.0,"max_hp_loss":0.0,"gold_gain":0.0,"event_name":"Big Fish","player_choice":"Donut","floor":4.0,"gold_loss":0.0,"damage_taken":0.0},{"damage_healed":0.0,"max_hp_gain":0.0,"max_hp_loss":0.0,"gold_gain":0.0,"event_name":"The Cleric","player_choice":"Leave","floor":5.0,"gold_loss":0.0,"damage_taken":0.0},{"damage_healed":0.0,"max_hp_gain":0.0,"max_hp_loss":0.0,"gold_gain":0.0,"event_name":"Dead Adventurer","player_choice":"Searched \u00272\u0027 times","floor":10.0,"gold_loss":0.0,"damage_taken":0.0},{"damage_healed":0.0,"max_hp_gain":0.0,"max_hp_loss":0.0,"gold_gain":0.0,"event_name":"Golden Idol","player_choice":"Ignored","floor":11.0,"gold_loss":0.0,"damage_taken":0.0},{"damage_healed":33.0,"max_hp_gain":0.0,"max_hp_loss":0.0,"gold_gain":0.0,"event_name":"The Library","player_choice":"Heal","floor":20.0,"gold_loss":0.0,"damage_taken":0.0},{"damage_healed":0.0,"max_hp_gain":0.0,"max_hp_loss":0.0,"gold_gain":0.0,"event_name":"Cursed Tome","player_choice":"Obtained Book","floor":22.0,"gold_loss":0.0,"damage_taken":16.0},{"damage_healed":0.0,"max_hp_gain":0.0,"max_hp_loss":0.0,"gold_gain":99.0,"event_name":"Nest","player_choice":"Stole From Cult","floor":27.0,"gold_loss":0.0,"damage_taken":0.0},{"damage_healed":0.0,"max_hp_gain":0.0,"max_hp_loss":0.0,"gold_gain":0.0,"event_name":"Tomb of Lord Red Mask","player_choice":"Paid","floor":36.0,"gold_loss":175.0,"damage_taken":0.0,"relics_obtained":["Red Mask"]},{"damage_healed":0.0,"max_hp_gain":0.0,"max_hp_loss":0.0,"gold_gain":0.0,"event_name":"Duplicator","player_choice":"Copied","floor":38.0,"gold_loss":0.0,"damage_taken":0.0,"cards_obtained":["Inflame"]}],"is_beta":false,"boss_relics":[{"not_picked":["Cursed Key","Fusion Hammer"],"picked":"Snecko Eye"},{"not_picked":["Velvet Choker","Runic Pyramid"],"picked":"Runic Dome"}],"items_purged_floors":[21],"is_endless":false,"potions_floor_spawned":[7,12,16,18,30,31,35,37],"ascension_level":11}}