{"host":"oopoa2qluour3scl","time":1612593575,"event":{"mods":["2.2 Compatiblity","AchievementEnabler","AlwaysNeverKeys","BaseMod","Better Match","Better Note","Better Sensory Stone","Better Third Choice","Better Vampires","BetterRewards","Colored Powertips","Communication Mod","Minty Spire (QoL Compilation)","Practice Mode","Random Character Button","Relic Stats","StSLib","SuperFastMode","Swap Starting Deck Mod"],"gold_per_floor":[118,118,118,118,134,134,134],"floor_reached":6,"language":"ENG","playtime":147,"items_purged":[],"score":59,"play_id":"46546187-0808-4632-a74e-07b326b958d0","local_time":"20210206073935","is_ascension_mode":false,"campfire_choices":[],"circlet_count":0,"master_deck":["Slice","Slice","Slice","Finisher","Cloak And Dagger","Cloak And Dagger","Cloak And Dagger","Cloak And Dagger","Blade Dance","Blade Dance","Burn"],"relics":["Ring of the Snake","Golden Idol"],"acts_visited":["Exordium"],"potions_floor_usage":[],"damage_taken":[{"damage":0,"enemies":"2 Louse","floor":1,"turns":1},{"damage":0,"enemies":"Small Slimes","floor":5,"turns":2},{"damage":14,"enemies":"Lagavulin","floor":6,"turns":2}],"seed_played":"-5006548358719284925","potions_obtained":[{"floor":5,"key":"SneckoOil"}],"is_trial":false,"path_per_floor":["M","?","?","?","M","E"],"character_chosen":"THE_SILENT","items_purchased":[],"campfire_rested":0,"item_purchase_floors":[],"current_hp_per_floor":[35,18,11,11,11,0,0],"gold":134,"neow_bonus":"","is_daily":false,"chose_seed":false,"campfire_upgraded":0,"win_rate":0.0,"timestamp":1612593575,"path_taken":["M","?","?","?","M","E"],"items_purchased_type":[],"build_version":"2020-12-22","purchased_purges":0,"victory":false,"max_hp_per_floor":[70,70,70,70,70,70,70],"relic_stats":{"counters":[61,219],"Golden Idol":3,"obtain_stats":[{"Regal Pillow":0,"Singing Bowl":25,"CeramicFish":48,"Vajra":28,"Snake Skull":0,"Bag of Preparation":4,"Whetstone":26,"Bottled Tornado":43,"Sling":20,"Sozu":0,"Nunchaku":53,"Centennial Puzzle":13,"HornCleat":30,"Mummified Hand":0,"Pantograph":0,"WingedGreaves":0,"Cracked Core":0,"Ring of the Snake":0,"Girya":37,"Golden Idol":0,"The Courier":9,"Letter Opener":24,"Frozen Egg 2":23,"Orichalcum":0,"Question Card":38,"GoldenEye":8,"Cables":0,"DataDisk":40,"Bottled Flame":10,"Shuriken":38,"Bronze Scales":0,"Bird Faced Urn":9,"Snecko Eye":17,"Orrery":0,"Molten Egg 2":26,"Coffee Dripper":34,"Black Star":17,"Bottled Lightning":54,"StrikeDummy":6,"Toy Ornithopter":23,"Pocketwatch":6},{"Regal Pillow":33,"Singing Bowl":19,"CeramicFish":30,"Vajra":20,"Snake Skull":46,"Bag of Preparation":48,"Whetstone":4,"Bottled Tornado":28,"Sling":43,"Sozu":0,"Nunchaku":31,"Centennial Puzzle":52,"HornCleat":21,"Mummified Hand":0,"Pantograph":0,"WingedGreaves":46,"Cracked Core":0,"Ring of the Snake":0,"Girya":25,"Golden Idol":0,"The Courier":50,"Letter Opener":45,"Frozen Egg 2":17,"Orichalcum":46,"Question Card":25,"GoldenEye":38,"Cables":0,"DataDisk":27,"Bottled Flame":39,"Shuriken":25,"Bronze Scales":0,"Bird Faced Urn":9,"Snecko Eye":42,"Orrery":46,"Molten Egg 2":19,"Coffee Dripper":23,"Black Star":54,"Bottled Lightning":32,"StrikeDummy":37,"Toy Ornithopter":3,"Pocketwatch":9},{"Regal Pillow":102,"Singing Bowl":61,"CeramicFish":94,"Vajra":64,"Snake Skull":169,"Bag of Preparation":176,"Whetstone":18,"Bottled Tornado":90,"Sling":156,"Sozu":0,"Nunchaku":96,"Centennial Puzzle":191,"HornCleat":66,"Mummified Hand":0,"Pantograph":0,"WingedGreaves":169,"Cracked Core":0,"Ring of the Snake":0,"Girya":81,"Golden Idol":0,"The Courier":182,"Letter Opener":167,"Frozen Egg 2":54,"Orichalcum":169,"Question Card":81,"GoldenEye":124,"Cables":0,"DataDisk":86,"Bottled Flame":133,"Shuriken":81,"Bronze Scales":0,"Bird Faced Urn":31,"Snecko Eye":150,"Orrery":169,"Molten Egg 2":61,"Coffee Dripper":73,"Black Star":200,"Bottled Lightning":99,"StrikeDummy":121,"Toy Ornithopter":14,"Pocketwatch":31}],"Ring of the Snake":[30]},"card_choices":[{"not_picked":["Dodge and Roll","Backflip"],"picked":"Blade Dance","floor":1},{"not_picked":["Underhanded Strike","Heel Hook","Flying Knee"],"picked":"SKIP","floor":5}],"player_experience":450085,"relics_obtained":[],"event_choices":[{"damage_healed":0,"gold_gain":0,"player_choice":"Take Damage","damage_taken":17,"relics_obtained":["Golden Idol"],"max_hp_gain":0,"max_hp_loss":0,"event_name":"Golden Idol","floor":2,"gold_loss":0},{"cards_removed":["Slice"],"damage_healed":0,"gold_gain":0,"player_choice":"Card Removal","damage_taken":7,"max_hp_gain":0,"max_hp_loss":0,"event_name":"Golden Wing","floor":3,"gold_loss":0},{"damage_healed":11,"gold_gain":0,"player_choice":"Embrace Burn","damage_taken":0,"max_hp_gain":0,"max_hp_loss":70,"event_name":"betterThird:BetterShining","floor":4,"gold_loss":0}],"is_beta":false,"boss_relics":[],"items_purged_floors":[],"is_endless":false,"potions_floor_spawned":[5],"killed_by":"Lagavulin","ascension_level":0}}