{"host":"43ljbksi7ebmxfn8","time":1612615859,"event":{"mods":["Act Like it!","BaseMod","Gensokyo","Minty Spire (QoL Compilation)","MostiFishMod","Pale of the Ancients","Quick Restart","Shop Mod","Spicy Shops","StSLib","TestMod","篝火指南"],"gold_per_floor":[111,7,19,337,337,370,383,411,411,430,430,17,43,63,63,167,167,185,65,78,95,114,141,158,190,190,215,227,245,279,26,26,131,131,145,145,161,161,161,186,67,92,92,104,124,157,174,33,33,33,45,57,457,111,111,129,129,129,129,129],"floor_reached":61,"language":"ZHS","playtime":2807,"items_purged":["Eruption","Strike_P","Defend_P","Strike_P+1","Defend_P+1","ClearTheMind+1"],"score":2326,"play_id":"e8ff0f6c-a523-4da0-b4f4-1a8559e0115d","local_time":"20210206205059","is_ascension_mode":true,"campfire_choices":[{"floor":15.0,"key":"RECALL"},{"data":"MostiFishMod:Speedup","floor":32,"key":"SMITH"},{"data":"Adaptation","floor":49,"key":"SMITH"},{"data":"LessonLearned","floor":55,"key":"SMITH"},{"data":"Defend_P","floor":57,"key":"SMITH"}],"circlet_count":0,"master_deck":["Strike_P+1","Strike_P","Defend_P+1","Defend_P+1","MostiFishMod:Speedup+1","Tantrum+1","Wallop+1","LessonLearned+1","Adaptation+1","MostiFishMod:FlowState+1","InnerPeace+1"],"relics":["PureWater","testmod-TestBox","testmod-ObsoleteBoomerang","Civilization","SynthV:TestCard","SynthV:C4","Tiny Chest","Singing Bowl","Bottled Tornado","Gensokyo:Justice","MerchantsRug","Toxic Egg 2","Gremlin Horn","FeatherPendant","Gensokyo:FoxMask","Mummified Hand","testmod-Déjàvu","testmod-IndustrialRevolution","Damaru","OrangePellets","PatriotShield","Pen Nib","testmod-Nyarlathotep","InkBottle","ImprovedEquipment","paleoftheancients:Timepiece","paleoftheancients:KeyRelic","Anchor","Coffee Dripper","Letter Opener","paleoftheancients:SoulOfTheIroncluck","PrismaticShard","Shuriken"],"acts_visited":["Exordium","Gensokyo:Gensokyo","Gensokyo:Gensokyoer","Gensokyo:Gensokyoest"],"potions_floor_usage":[],"damage_taken":[{"damage":0.0,"enemies":"Gensokyo:3_Fairies","floor":1.0,"turns":2.0},{"damage":11.0,"enemies":"Gensokyo:2_Kodama","floor":3.0,"turns":4.0},{"damage":7.0,"enemies":"Gensokyo:Gryphon","floor":4.0,"turns":4.0},{"damage":0.0,"enemies":"Gensokyo:Mamizou","floor":6.0,"turns":5.0},{"damage":0.0,"enemies":"Gensokyo:3_Kodama","floor":7.0,"turns":4.0},{"damage":9.0,"enemies":"Gensokyo:Cirno","floor":8.0,"turns":6.0},{"damage":0.0,"enemies":"Gensokyo:Kitsune","floor":10.0,"turns":1.0},{"damage":0.0,"enemies":"Gensokyo:Mamizou","floor":13.0,"turns":4.0},{"damage":0.0,"enemies":"Gensokyo:Gryphon_and_Rabbit","floor":14.0,"turns":1.0},{"damage":48.0,"enemies":"Gensokyo:Yukari","floor":16.0,"turns":4.0},{"damage":0,"enemies":"Gensokyo:Chomper","floor":18,"turns":1},{"damage":0,"enemies":"Gensokyo:2_Gloops","floor":20,"turns":1},{"damage":0,"enemies":"Gensokyo:Mirror_and_Dog","floor":21,"turns":2},{"damage":0,"enemies":"Gensokyo:Chomper_and_Gloop","floor":22,"turns":2},{"damage":0,"enemies":"Gensokyo:Tenshi","floor":23,"turns":1},{"damage":0,"enemies":"Gensokyo:Slime_Group","floor":24,"turns":4},{"damage":0,"enemies":"Gensokyo:Reisen","floor":25,"turns":1},{"damage":0,"enemies":"Gensokyo:Tenshi","floor":27,"turns":2},{"damage":7,"enemies":"Gensokyo:Monolith_and_Dog","floor":28,"turns":2},{"damage":0,"enemies":"Gensokyo:Swordslinger","floor":29,"turns":1},{"damage":0,"enemies":"Gensokyo:Koishi","floor":30,"turns":1},{"damage":0,"enemies":"Gensokyo:Eternal_Rivals","floor":33,"turns":2},{"damage":0,"enemies":"Gensokyo:3_Bats","floor":35,"turns":1},{"damage":0,"enemies":"Gensokyo:AncientGuardian","floor":37,"turns":1},{"damage":0,"enemies":"Gensokyo:Kasen","floor":40,"turns":2},{"damage":0,"enemies":"Gensokyo:Doremy","floor":42,"turns":1},{"damage":0,"enemies":"Gensokyo:Rafflesia","floor":44,"turns":1},{"damage":0,"enemies":"Gensokyo:AtlasGolem","floor":45,"turns":1},{"damage":0,"enemies":"Gensokyo:Kasen","floor":46,"turns":1},{"damage":0,"enemies":"Gensokyo:SeedOfUnknown","floor":47,"turns":1},{"damage":0,"enemies":"Gensokyo:Scarlet_Devils","floor":50,"turns":2},{"damage":0,"enemies":"Gensokyo:Scarlet_Devils","floor":51,"turns":1},{"damage":0,"enemies":"Gensokyo:Scarlet_Devils","floor":52,"turns":1},{"damage":0,"enemies":"Gensokyo:Scarlet_Devils","floor":56,"turns":1},{"damage":0,"enemies":"paleoftheancients:N","floor":60,"turns":2}],"seed_played":"1793462957188661445","potions_obtained":[{"floor":6.0,"key":"ColorlessPotion"},{"floor":10.0,"key":"SpeedPotion"},{"floor":13.0,"key":"DuplicationPotion"},{"floor":14.0,"key":"BottledMiracle"},{"floor":20,"key":"BottledMiracle"},{"floor":42,"key":"PowerPotion"},{"floor":44,"key":"PowerPotion"},{"floor":45,"key":"BottledMiracle"},{"floor":56,"key":"Swift Potion"}],"is_trial":false,"path_per_floor":["M","COS","M","M","?","E","M","E","T","M","?","R","E","M","R","B",null,"M","?","M","M","M","E","M","E","T","E","M","M","E","$","R","B",null,"M","?","M","T","?","E","R","E","T","M","M","E","M","$","R","B","M","M","?","$","R","M","R","T","?","B",null],"character_chosen":"WATCHER","items_purchased":["MerchantsRug","Toxic Egg 2","OrangePellets","PrismaticShard"],"campfire_rested":0,"item_purchase_floors":[12,12,31,54],"current_hp_per_floor":[72,72,63,59,52,58,63,59,59,66,66,66,71,76,76,33,115,122,122,127,134,141,146,151,158,158,165,165,172,177,177,177,184,191,198,198,205,205,205,212,212,219,219,226,233,240,247,247,247,252,259,266,266,266,266,273,273,273,273,278],"gold":129,"neow_bonus":"RANDOM_COMMON_RELIC","is_daily":false,"chose_seed":false,"campfire_upgraded":4,"win_rate":0.0,"timestamp":1612615859,"path_taken":["M","COS","M","M","?","E","M","E","T","M","?","R","E","M","R","BOSS","BOSS","M","?","M","M","M","E","M","E","T","E","M","M","E","$","R","BOSS","M","?","M","?","?","E","R","E","T","M","M","E","M","$","R","BOSS","M","M","?","$","R","M","R","T","?","BOSS"],"items_purchased_type":["Relic","Relic","Relic","Relic"],"build_version":"2020-12-22","purchased_purges":6,"victory":true,"max_hp_per_floor":[72,72,74,77,77,83,88,93,93,100,100,100,105,110,110,115,115,122,122,127,134,141,146,151,158,158,165,172,179,184,184,184,191,191,198,198,205,205,205,212,212,219,219,226,233,240,247,247,247,252,259,266,266,266,266,273,273,273,273,278],"card_choices":[{"not_picked":["ClearTheMind","EmptyFist","Vengeance"],"picked":"SKIP","floor":1.0},{"not_picked":["MostiFishMod:ScryFuture","Evaluate","Halt","Crescendo","FlurryOfBlows"],"picked":"SKIP","floor":3.0},{"not_picked":["FlurryOfBlows","WaveOfTheHand","Nirvana","PathToVictory","Protect"],"picked":"SKIP","floor":4.0},{"not_picked":["Fasting2","CutThroughFate","MentalFortress","Brilliance","Crescendo"],"picked":"Singing Bowl","floor":6.0},{"not_picked":["FollowUp","CrushJoints","MostiFishMod:PathToVictory","CutThroughFate"],"picked":"MostiFishMod:Speedup","floor":7.0},{"not_picked":["CrushJoints","MostiFishMod:Nomercy","ReachHeaven","JustLucky"],"picked":"Tantrum","floor":8.0},{"not_picked":["ThirdEye","MostiFishMod:LegendTransform","PathToVictory","EmptyFist","MostiFishMod:StarHerder"],"picked":"Singing Bowl","floor":10.0},{"not_picked":["Conclude","Crescendo+1","Weave","Halt+1"],"picked":"ClearTheMind+1","floor":13.0},{"not_picked":["ClearTheMind+1","Sanctity+1","BowlingBash","FlurryOfBlows"],"picked":"Wallop","floor":14.0},{"not_picked":["MostiFishMod:StarLaLaLa+1","Alpha+1","Ragnarok","MostiFishMod:StarOceanP+1"],"picked":"LessonLearned","floor":16},{"not_picked":["Prostrate+1","Halt+1","LikeWater+1","CutThroughFate+1","PathToVictory+1"],"picked":"Singing Bowl","floor":18},{"not_picked":["SandsOfTime","EmptyFist","PathToVictory+1","Study+1"],"picked":"MostiFishMod:Dust","floor":20},{"not_picked":["EmptyBody+1","SashWhip","ClearTheMind+1","MostiFishMod:Nomercy","Sanctity+1"],"picked":"Singing Bowl","floor":21},{"not_picked":["Swivel+1","Halt+1","Conclude","FearNoEvil+1","Consecrate"],"picked":"Singing Bowl","floor":22},{"not_picked":["ReachHeaven","EmptyFist","InnerPeace+1","WheelKick"],"picked":"Adaptation","floor":23},{"not_picked":["JustLucky+1","MostiFishMod:Unraveling+1","CutThroughFate","Weave"],"picked":"MostiFishMod:FlowState+1","floor":24},{"not_picked":["MasterReality","ForeignInfluence+1","Indignation+1","BattleHymn","MostiFishMod:StarLaLaLa+1"],"picked":"Singing Bowl","floor":25},{"not_picked":["Consecrate","FollowUp+1","Evaluate+1","Perseverance+1","BowlingBash"],"picked":"Singing Bowl","floor":27},{"not_picked":["Worship+1","Crescendo+1","MostiFishMod:Speedup","FollowUp","SandsOfTime"],"picked":"Singing Bowl","floor":28},{"not_picked":["FlyingSleeves","BowlingBash","EmptyBody+1","FollowUp","ClearTheMind+1"],"picked":"Singing Bowl","floor":29},{"not_picked":["SandsOfTime","FearNoEvil+1","MostiFishMod:Nomercy","BowlingBash+1"],"picked":"InnerPeace+1","floor":30},{"not_picked":["Blasphemy+1","MostiFishMod:Minus+1","Brilliance","DeusExMachina+1","Wish+1"],"picked":"Singing Bowl","floor":33},{"not_picked":["Sanctity+1","FollowUp","FlyingSleeves","CrushJoints","CutThroughFate+1"],"picked":"Singing Bowl","floor":35},{"not_picked":["FollowUp","FlyingSleeves","BattleHymn+1","JustLucky","ClearTheMind+1"],"picked":"Singing Bowl","floor":37},{"not_picked":["MostiFishMod:LegendTransform","Perseverance+1","Worship+1","Crescendo+1","FlyingSleeves"],"picked":"Singing Bowl","floor":40},{"not_picked":["SandsOfTime+1","Wireheading","ReachHeaven","Adaptation","CrushJoints"],"picked":"Singing Bowl","floor":42},{"not_picked":["Evaluate+1","JustLucky","CrushJoints+1","CutThroughFate","Weave+1"],"picked":"Singing Bowl","floor":44},{"not_picked":["EmptyMind+1","Collect+1","FearNoEvil","Tantrum","SashWhip+1"],"picked":"Singing Bowl","floor":45},{"not_picked":["Evaluate+1","Protect+1","Devotion","CutThroughFate","SandsOfTime"],"picked":"Singing Bowl","floor":46},{"not_picked":["ReachHeaven","Consecrate","Evaluate+1","BowlingBash+1","FollowUp+1"],"picked":"Singing Bowl","floor":47},{"not_picked":["JustLucky","Indignation+1","Crescendo+1","ThirdEye+1","SandsOfTime"],"picked":"Singing Bowl","floor":51},{"not_picked":["Nirvana+1","Prostrate+1","FlurryOfBlows+1","Perseverance+1","MostiFishMod:Disappear"],"picked":"Singing Bowl","floor":52},{"not_picked":["Pommel Strike+1","PathToVictory+1","Entrench+1","FlurryOfBlows","Quick Slash+1"],"picked":"Singing Bowl","floor":56}],"player_experience":427329,"relics_obtained":[{"floor":1.0,"key":"SynthV:TestCard"},{"floor":6.0,"key":"Singing Bowl"},{"floor":8.0,"key":"Bottled Tornado"},{"floor":13.0,"key":"Gremlin Horn"},{"floor":23,"key":"Mummified Hand"},{"floor":25,"key":"Bag of Marbles"},{"floor":26,"key":"testmod-Déjàvu"},{"floor":27,"key":"testmod-IndustrialRevolution"},{"floor":30,"key":"Damaru"},{"floor":38,"key":"Pen Nib"},{"floor":40,"key":"Meat on the Bone"},{"floor":42,"key":"testmod-Nyarlathotep"},{"floor":43,"key":"InkBottle"},{"floor":46,"key":"ImprovedEquipment"},{"floor":51,"key":"paleoftheancients:SoulOfTheIroncluck"},{"floor":58,"key":"Shuriken"}],"event_choices":[{"damage_healed":0,"gold_gain":0,"player_choice":"Swap Relic","damage_taken":0,"relics_obtained":["testmod-TestBox"],"max_hp_gain":0,"max_hp_loss":0,"event_name":"给自己的盒子","floor":36,"relics_lost":["DaveBox"],"gold_loss":0},{"damage_healed":0,"gold_gain":400,"player_choice":"Sell","damage_taken":0,"max_hp_gain":0,"max_hp_loss":0,"event_name":"恩洛斯的盘子","floor":53,"relics_lost":["testmod-TestBox"],"gold_loss":0}],"is_beta":false,"boss_relics":[{"not_picked":["testmod-DreamHouse","Runic Dome"],"picked":"FeatherPendant"},{"not_picked":["Snecko Eye","Calling Bell"],"picked":"PatriotShield"}],"items_purged_floors":[12,31,41,41,48,54],"is_endless":false,"potions_floor_spawned":[6,10,13,14,20,23,27,29,40,42,44,45,56],"ascension_level":4}}