{"host":"edan538w829056nc","time":1612651865,"event":{"mods":["AchievementEnabler","BaseMod","Custom Start","Highlight Path","Infinite Spire","Minty Spire (QoL Compilation)","Remilia??????","StSLib"],"gold_per_floor":[117,117,130,130,146,146,173,98,149,179,198,273,273,292,292,292,292],"floor_reached":16,"language":"ENG","playtime":397,"items_purged":["Strike_P"],"score":120,"play_id":"98e3407e-a47f-4aaa-b588-a12caaf01bab","local_time":"20210206235105","is_ascension_mode":true,"campfire_choices":[{"data":"ClearTheMind","floor":13,"key":"SMITH"},{"data":"Pray","floor":15,"key":"SMITH"}],"circlet_count":0,"master_deck":["Strike_P","Strike_P","Defend_P","Defend_P+1","Defend_P","Eruption","Vigilance+1","FollowUp","Protect","Pray+1","ClearTheMind+1"],"relics":["PureWater","NeowsBlessing","War Paint","Lantern","MealTicket"],"acts_visited":["Exordium"],"potions_floor_usage":[7,7,11,16],"damage_taken":[{"damage":0,"enemies":"Jaw Worm","floor":1,"turns":1},{"damage":0,"enemies":"Cultist","floor":3,"turns":1},{"damage":0,"enemies":"2 Louse","floor":5,"turns":1},{"damage":6,"enemies":"Gremlin Nob","floor":7,"turns":3},{"damage":0,"enemies":"Exordium Thugs","floor":11,"turns":2},{"damage":0,"enemies":"Blue Slaver","floor":14,"turns":4},{"damage":48,"enemies":"The Guardian","floor":16,"turns":9}],"seed_played":"1256971588591088570","potions_obtained":[{"floor":1,"key":"Block Potion"},{"floor":3,"key":"ColorlessPotion"},{"floor":4,"key":"StancePotion"},{"floor":4,"key":"DistilledChaos"},{"floor":14,"key":"GamblersBrew"}],"is_trial":false,"path_per_floor":["M","?","M","?","M","?","E","$","T","?","M","?","R","M","R","B"],"character_chosen":"WATCHER","items_purchased":[],"campfire_rested":0,"item_purchase_floors":[],"current_hp_per_floor":[72,65,65,65,65,65,59,59,59,59,59,48,48,48,48,0,0],"gold":292,"neow_bonus":"THREE_ENEMY_KILL","is_daily":false,"chose_seed":false,"campfire_upgraded":2,"win_rate":0.0,"timestamp":1612651865,"path_taken":["M","?","M","?","?","?","E","?","T","?","M","?","R","M","R","BOSS"],"items_purchased_type":[],"build_version":"2020-12-22","purchased_purges":1,"victory":false,"max_hp_per_floor":[72,72,72,72,72,72,72,72,72,72,72,72,72,72,72,72,72],"card_choices":[{"not_picked":["Conclude","Tantrum"],"picked":"FollowUp","floor":1},{"not_picked":["CrushJoints","EmptyFist"],"picked":"Protect","floor":3},{"not_picked":["PathToVictory","FlyingSleeves","WheelKick"],"picked":"SKIP","floor":5},{"not_picked":["FollowUp","Weave","DeceiveReality"],"picked":"SKIP","floor":7},{"not_picked":["SashWhip","Consecrate"],"picked":"ClearTheMind","floor":11},{"not_picked":["EmptyBody","Consecrate","CutThroughFate"],"picked":"SKIP","floor":14}],"player_experience":475020,"relics_obtained":[{"floor":7,"key":"War Paint"},{"floor":9,"key":"Lantern"}],"event_choices":[{"cards_removed":["Strike_P"],"damage_healed":0,"gold_gain":0,"player_choice":"Card Removal","damage_taken":7,"max_hp_gain":0,"max_hp_loss":0,"event_name":"Golden Wing","floor":2,"gold_loss":0},{"damage_healed":0,"gold_gain":0,"player_choice":"Got Potions","damage_taken":0,"max_hp_gain":0,"max_hp_loss":0,"event_name":"Lab","floor":4,"gold_loss":0},{"damage_healed":0,"gold_gain":0,"cards_transformed":["Defend_P"],"player_choice":"Transformed","damage_taken":0,"max_hp_gain":0,"max_hp_loss":0,"event_name":"Transmorgrifier","floor":6,"gold_loss":0,"cards_obtained":["Pray"]},{"damage_healed":0,"gold_gain":30,"player_choice":"Searched \u00272\u0027 times","damage_taken":0,"relics_obtained":["MealTicket"],"max_hp_gain":0,"max_hp_loss":0,"event_name":"Dead Adventurer","floor":10,"gold_loss":0},{"damage_healed":0,"gold_gain":75,"player_choice":"Gather Gold","damage_taken":11,"max_hp_gain":0,"max_hp_loss":0,"event_name":"World of Goop","floor":12,"gold_loss":0}],"is_beta":false,"boss_relics":[],"items_purged_floors":[8],"is_endless":false,"potions_floor_spawned":[1,3,14],"killed_by":"The Guardian","ascension_level":4}}