{"host":"9whf1n4a9wpiw119","time":1612603500,"event":{"mods":["Aspiration","BaseMod","Beaked The Cultist","Bestiary","Better Altar","Better Note","Better Skull","Better Third Choice","Challenge The Spire","Colored Map","Colored Powertips","Conspire","Emptier Cage","Energized Spire","GifTheSpireLib","Halation","Hermit","Highlight Path","Hubris","Infinite Spire","Minty Spire (QoL Compilation)","Quick Restart","Rare Cards Sparkle","Relic Stats","Reliquary","Replay The Spire","Shop Mod","Spikes Relics","StSLib","Stuff the Spire","SuperFastMode","Synergy Search","The Construct"],"gold_per_floor":[113,131,13,13,24,50,50,82,107,135,135,148,177,189,189,294,294,311,329,329,329,329,359,359,377,430,212,252,252,285,305,305,310,310],"floor_reached":33,"language":"ENG","playtime":3304,"items_purged":["Strike_P"],"score":606,"play_id":"4f8b890c-7e37-44b3-8dc6-eb108f96d9f1","local_time":"20210206122500","is_ascension_mode":true,"campfire_choices":[{"data":"LikeWater","floor":11.0,"key":"SMITH"},{"floor":15.0,"key":"REST"},{"data":"LikeWater","floor":29.0,"key":"SMITH"},{"data":"PathToVictory","floor":32.0,"key":"SMITH"}],"circlet_count":0,"master_deck":["Strike_P","Strike_P","Defend_P","Defend_P","Defend_P","Defend_P","Eruption","Vigilance","Replay:BluntJabs","ClearTheMind","PathToVictory+1","PathToVictory","LikeWater+1","FearNoEvil","ThirdEye","Crescendo","Wallop","Judgement","Conclude","LikeWater+1","Evaluate","Protect+1","Assess","StuffTheSpire:FreeRealEstate","Crow Ritual","Assess","PathToVictory+1","Protect","Perseverance+1"],"relics":["PureWater","aspiration:Nostalgia","Cracked Core","hubris:Icosahedron","InkBottle","aspiration:HummingbirdHeart","halation:VictoryRuler","conspire:BottledYoYo","ChewingGum","Juzu Bracelet","HornCleat","aspiration:RitualDagger","BrokenLever","infinitespire:Lucky Rock","ReplayTheSpireMod:ShopPack","StuffTheSpire:HeavyRock","Orichalcum"],"acts_visited":["Exordium","TheCity"],"potions_floor_usage":[],"damage_taken":[{"damage":0.0,"enemies":"Cultist","floor":1.0,"turns":3.0},{"damage":2.0,"enemies":"conspire:RoseBush","floor":2.0,"turns":4.0},{"damage":0.0,"enemies":"Small Slimes","floor":5.0,"turns":3.0},{"damage":28.0,"enemies":"Gremlin Nob","floor":6.0,"turns":4.0},{"damage":9.0,"enemies":"Replay:BlueRogue","floor":8.0,"turns":5.0},{"damage":12.0,"enemies":"Lagavulin","floor":10.0,"turns":4.0},{"damage":1.0,"enemies":"Blue Slaver","floor":12.0,"turns":3.0},{"damage":3.0,"enemies":"Gremlin Nob","floor":13.0,"turns":5.0},{"damage":0.0,"enemies":"2 Fungi Beasts","floor":14.0,"turns":3.0},{"damage":0.0,"enemies":"Slime Boss","floor":16.0,"turns":5.0},{"damage":7.0,"enemies":"Chosen","floor":18.0,"turns":5.0},{"damage":11.0,"enemies":"2 Thieves","floor":19.0,"turns":3.0},{"damage":44.0,"enemies":"Nightmare","floor":23.0,"turns":10.0},{"damage":16.0,"enemies":"Centurion and Healer","floor":25.0,"turns":4.0},{"damage":15.0,"enemies":"Replay:Snechameleon","floor":28.0,"turns":5.0},{"damage":15.0,"enemies":"Book of Stabbing","floor":30.0,"turns":5.0},{"damage":12.0,"enemies":"Shelled Parasite and Fungi","floor":31.0,"turns":4.0},{"damage":52,"enemies":"conspire:MysteriousRune","floor":33,"turns":10}],"seed_played":"-4141809633043830585","potions_obtained":[{"floor":1.0,"key":"infinitespire:BlackPotion"},{"floor":2.0,"key":"BottledMiracle"},{"floor":6.0,"key":"Block Potion"},{"floor":12.0,"key":"Ancient Potion"},{"floor":14.0,"key":"AttackPotion"},{"floor":19.0,"key":"Reflective Coating"},{"floor":23.0,"key":"AttackPotion"},{"floor":24.0,"key":"Strength Potion"},{"floor":24.0,"key":"Cursed Concoction"}],"is_trial":false,"path_per_floor":["M","M","$","?","M","E","$","E","T","E","R","M","E","M","R","B",null,"M","M","?","?","AVR","NM","?","M","T","$","E","R","E","M","R","B"],"character_chosen":"WATCHER","items_purchased":["PathToVictory","LikeWater","Assess","ReplayTheSpireMod:ShopPack"],"campfire_rested":1,"item_purchase_floors":[3,3,27,27],"current_hp_per_floor":[65,63,63,63,63,35,35,26,26,14,14,13,10,10,31,31,62,55,44,44,44,44,72,72,69,69,69,58,58,50,40,40,0,0],"gold":310,"neow_bonus":"NOSTALGIA","is_daily":false,"chose_seed":false,"campfire_upgraded":3,"win_rate":0.0,"timestamp":1612603500,"path_taken":["M","M","?","?","M","E","$","E","T","E","R","M","E","M","R","BOSS","M","M","?","?","AVR","NM","?","M","T","$","E","R","E","M","R","BOSS"],"items_purchased_type":["Card","Card","Card","Relic"],"build_version":"2020-12-22","purchased_purges":1,"victory":false,"max_hp_per_floor":[72,72,72,72,72,72,72,72,72,72,72,72,72,72,72,72,72,72,72,72,72,72,72,72,72,72,72,72,72,72,72,72,72,72],"relic_stats":{"counters":[18,85],"Juzu Bracelet":0,"Orichalcum":[6],"obtain_stats":[{"aspiration:Nostalgia":0,"BrokenLever":23,"aspiration:HummingbirdHeart":8,"Juzu Bracelet":21,"infinitespire:Lucky Rock":26,"Orichalcum":30,"hubris:Icosahedron":4,"HornCleat":22,"StuffTheSpire:HeavyRock":28,"halation:VictoryRuler":10,"ChewingGum":17,"conspire:BottledYoYo":13,"aspiration:RitualDagger":22,"PureWater":0,"Cracked Core":0,"InkBottle":6,"ReplayTheSpireMod:ShopPack":27},{"aspiration:Nostalgia":0,"BrokenLever":13,"aspiration:HummingbirdHeart":5,"Juzu Bracelet":12,"infinitespire:Lucky Rock":14,"Orichalcum":16,"hubris:Icosahedron":2,"HornCleat":12,"StuffTheSpire:HeavyRock":15,"halation:VictoryRuler":6,"ChewingGum":10,"conspire:BottledYoYo":8,"aspiration:RitualDagger":12,"PureWater":0,"Cracked Core":0,"InkBottle":4,"ReplayTheSpireMod:ShopPack":14},{"aspiration:Nostalgia":0,"BrokenLever":57,"aspiration:HummingbirdHeart":19,"Juzu Bracelet":47,"infinitespire:Lucky Rock":61,"Orichalcum":71,"hubris:Icosahedron":7,"HornCleat":47,"StuffTheSpire:HeavyRock":66,"halation:VictoryRuler":23,"ChewingGum":39,"conspire:BottledYoYo":31,"aspiration:RitualDagger":47,"PureWater":0,"Cracked Core":0,"InkBottle":14,"ReplayTheSpireMod:ShopPack":61}],"InkBottle":[22]},"card_choices":[{"not_picked":["ThirdEye","Study"],"picked":"Replay:BluntJabs","floor":1.0},{"not_picked":["Replay:Cycle","JustLucky"],"picked":"ClearTheMind","floor":2.0},{"not_picked":["Halt","ClearTheMind"],"picked":"FearNoEvil","floor":5.0},{"not_picked":["CrushJoints","Nirvana","Pray"],"picked":"SKIP","floor":6.0},{"not_picked":["FollowUp","Omniscience","Replay:ManipulateFuture"],"picked":"SKIP","floor":8.0},{"not_picked":["CarveReality","WindmillStrike"],"picked":"ThirdEye","floor":10.0},{"not_picked":["Worship","ClearTheMind","ForeignInfluence"],"picked":"SKIP","floor":12.0},{"not_picked":["CutThroughFate","CrushJoints"],"picked":"Crescendo","floor":13.0},{"not_picked":["CarveReality","Prostrate"],"picked":"Wallop","floor":14.0},{"not_picked":["DeusExMachina","DevaForm"],"picked":"Judgement","floor":16.0},{"not_picked":["Pray","Replay:ManipulateFuture"],"picked":"Conclude","floor":18.0},{"not_picked":["Swivel","Pray"],"picked":"LikeWater","floor":19.0},{"not_picked":["Sanctity","Perseverance"],"picked":"Evaluate","floor":23.0},{"not_picked":["LikeWater","ThirdEye"],"picked":"Protect+1","floor":25.0},{"not_picked":["Purity","Flash of Steel"],"picked":"StuffTheSpire:FreeRealEstate","floor":27.0},{"not_picked":["StuffTheSpire:Recharge","Violence"],"picked":"Crow Ritual","floor":27.0},{"not_picked":["Transmutation","Degenerate"],"picked":"Assess","floor":27.0},{"not_picked":["FlurryOfBlows+1","SignatureMove+1"],"picked":"PathToVictory+1","floor":28.0},{"not_picked":["ClearTheMind","CarveReality"],"picked":"Protect","floor":30.0},{"not_picked":["Replay:ManipulateFuture+1","CrushJoints+1"],"picked":"Perseverance+1","floor":31.0}],"player_experience":1093356,"relics_obtained":[{"floor":6.0,"key":"InkBottle"},{"floor":8.0,"key":"aspiration:HummingbirdHeart"},{"floor":10.0,"key":"halation:VictoryRuler"},{"floor":13.0,"key":"conspire:BottledYoYo"},{"floor":23.0,"key":"BrokenLever"},{"floor":26.0,"key":"infinitespire:Lucky Rock"},{"floor":28.0,"key":"StuffTheSpire:HeavyRock"},{"floor":30.0,"key":"Orichalcum"}],"event_choices":[{"cards_removed":["Strike_P"],"damage_healed":0.0,"max_hp_gain":0.0,"max_hp_loss":0.0,"gold_gain":0.0,"event_name":"Purifier","player_choice":"Purged","floor":20.0,"gold_loss":0.0,"damage_taken":0.0},{"damage_healed":0.0,"max_hp_gain":0.0,"max_hp_loss":0.0,"gold_gain":0.0,"event_name":"WeMeetAgain","player_choice":"Gave Potion","floor":21.0,"gold_loss":0.0,"damage_taken":0.0,"relics_obtained":["Juzu Bracelet"]},{"damage_healed":0.0,"max_hp_gain":0.0,"max_hp_loss":0.0,"gold_gain":0.0,"event_name":"Lab","player_choice":"Got Potions","floor":24.0,"gold_loss":0.0,"damage_taken":0.0}],"is_beta":false,"boss_relics":[{"not_picked":["aspiration:RunicSpoon","aspiration:BeakedSkillbook"],"picked":"ChewingGum"}],"items_purged_floors":[22],"is_endless":false,"potions_floor_spawned":[1,2,6,12,14,19,23,31],"killed_by":"conspire:MysteriousRune","ascension_level":8}}