{"host":"p0hktren06injwdf","time":1612612046,"event":{"mods":["AchievementEnabler","BaseMod","Colored Map","DeckTracker","Minty Spire (QoL Compilation)","Permanent Neow","StSLib","SuperFastMode"],"gold_per_floor":[19,38,38,52,52,52,81,81,81,81,6,31,46,46,46,117,117,132,166,81,107,57,57,88,88,136,136,136,170,180,180,180,251,251,264,154,171,187,199,199,199],"floor_reached":40,"language":"KOR","playtime":851,"items_purged":["Strike_P","Defend_P"],"score":1160,"play_id":"aab1dca6-c4ca-42f2-83b9-54f847cf3981","local_time":"20210206204726","is_ascension_mode":true,"campfire_choices":[{"data":"Conclude","floor":6.0,"key":"SMITH"},{"data":"Strike_P","floor":8.0,"key":"PURGE"},{"data":"CutThroughFate","floor":10.0,"key":"SMITH"},{"data":"Consecrate","floor":15.0,"key":"SMITH"},{"data":"Halt","floor":23,"key":"SMITH"},{"data":"Strike_P","floor":25,"key":"PURGE"},{"data":"Vigilance","floor":27,"key":"SMITH"},{"floor":32,"key":"REST"}],"circlet_count":0,"master_deck":["AscendersBane","Eruption+1","Vigilance+1","CutThroughFate+1","Halt+1","Consecrate+1","InnerPeace","BowlingBash","Halt","Wish+1"],"relics":["PureWater","Peace Pipe","Pear","Tiny Chest","SacredBark","Red Mask","Mummified Hand","Smiling Mask","InkBottle","Nunchaku","Happy Flower","Black Star"],"acts_visited":["Exordium","TheCity","TheBeyond"],"potions_floor_usage":[29,29,39,40],"damage_taken":[{"damage":7.0,"enemies":"Jaw Worm","floor":1.0,"turns":4.0},{"damage":5.0,"enemies":"2 Louse","floor":2.0,"turns":2.0},{"damage":3.0,"enemies":"Small Slimes","floor":4.0,"turns":3.0},{"damage":0.0,"enemies":"Lagavulin","floor":7.0,"turns":3.0},{"damage":16.0,"enemies":"Gremlin Nob","floor":12.0,"turns":3.0},{"damage":6.0,"enemies":"Looter","floor":13.0,"turns":3.0},{"damage":0,"enemies":"Slime Boss","floor":16,"turns":5},{"damage":7,"enemies":"Chosen","floor":18,"turns":3},{"damage":0,"enemies":"Masked Bandits","floor":19,"turns":2},{"damage":0,"enemies":"Gremlin Leader","floor":24,"turns":3},{"damage":34,"enemies":"Book of Stabbing","floor":29,"turns":6},{"damage":1,"enemies":"3 Byrds","floor":30,"turns":3},{"damage":0,"enemies":"Collector","floor":33,"turns":5},{"damage":12,"enemies":"3 Darklings","floor":35,"turns":3},{"damage":1,"enemies":"3 Shapes","floor":37,"turns":4},{"damage":12,"enemies":"Transient","floor":38,"turns":6},{"damage":0,"enemies":"Sphere and 2 Shapes","floor":39,"turns":2},{"damage":7,"enemies":"Reptomancer","floor":40,"turns":5}],"seed_played":"5730391320444708984","potions_obtained":[{"floor":2.0,"key":"Dexterity Potion"},{"floor":4.0,"key":"CultistPotion"},{"floor":16,"key":"EssenceOfSteel"},{"floor":18,"key":"StancePotion"},{"floor":29,"key":"SmokeBomb"},{"floor":37,"key":"LiquidMemories"},{"floor":38,"key":"CultistPotion"}],"is_trial":false,"path_per_floor":["M","M","?","M","?","R","E","R","T","R","$","E","M","?","R","B",null,"M","?","?","T","$","R","E","R","T","R","?","E","M","?","R","B",null,"M","?","M","M","M","E"],"character_chosen":"WATCHER","items_purchased":[],"campfire_rested":1,"item_purchase_floors":[],"current_hp_per_floor":[54,49,49,46,46,46,46,46,56,56,56,40,34,34,34,34,67,60,60,60,60,60,60,60,60,60,60,38,4,3,3,27,27,69,57,57,56,44,44,37,37],"gold":199,"neow_bonus":"REMOVE_TWO","is_daily":false,"chose_seed":false,"campfire_upgraded":5,"win_rate":0.0,"timestamp":1612612046,"path_taken":["M","M","?","M","?","R","E","R","T","R","$","E","M","?","R","BOSS","M","?","?","?","$","R","E","R","T","R","?","E","M","?","R","BOSS","M","?","M","M","M","E"],"items_purchased_type":[],"build_version":"2020-12-22","purchased_purges":2,"victory":false,"max_hp_per_floor":[68,68,68,68,68,68,68,68,78,78,78,78,78,78,78,78,78,78,78,78,78,78,78,78,78,78,78,83,83,83,83,83,83,83,83,83,83,83,83,83,83],"card_choices":[{"not_picked":["Prostrate","ClearTheMind"],"picked":"CutThroughFate","floor":1.0},{"not_picked":["EmptyFist","EmptyBody"],"picked":"Conclude","floor":2.0},{"not_picked":["CrushJoints","Indignation","ThirdEye"],"picked":"SKIP","floor":4.0},{"not_picked":["Crescendo","Nirvana"],"picked":"Halt","floor":7.0},{"not_picked":["Vengeance","ThirdEye"],"picked":"Consecrate","floor":12.0},{"not_picked":["FlyingSleeves","WreathOfFlame","Evaluate"],"picked":"SKIP","floor":13.0},{"not_picked":["Halt","Prostrate+1"],"picked":"InnerPeace","floor":18},{"not_picked":["ThirdEye","FlyingSleeves","Omniscience"],"picked":"SKIP","floor":24},{"not_picked":["CutThroughFate","FollowUp+1"],"picked":"BowlingBash","floor":29},{"not_picked":["JustLucky","Prostrate","Pray"],"picked":"SKIP","floor":30},{"not_picked":["BowlingBash","FlyingSleeves","BattleHymn+1"],"picked":"SKIP","floor":35},{"not_picked":["BattleHymn","Indignation","JustLucky"],"picked":"SKIP","floor":37},{"not_picked":["FlurryOfBlows","BowlingBash","Judgement"],"picked":"SKIP","floor":38},{"not_picked":["BowlingBash","FlyingSleeves","FollowUp+1"],"picked":"SKIP","floor":39}],"player_experience":1020086,"relics_obtained":[{"floor":7.0,"key":"Peace Pipe"},{"floor":9.0,"key":"Pear"},{"floor":12.0,"key":"Tiny Chest"},{"floor":19,"key":"Red Mask"},{"floor":21,"key":"Smiling Mask"},{"floor":24,"key":"InkBottle"},{"floor":26,"key":"Nunchaku"},{"floor":29,"key":"Happy Flower"}],"event_choices":[{"damage_healed":0.0,"max_hp_gain":0.0,"max_hp_loss":0.0,"gold_gain":0.0,"event_name":"Liars Game","player_choice":"Ignored","floor":3.0,"gold_loss":0.0,"damage_taken":0.0},{"damage_healed":0.0,"max_hp_gain":0.0,"max_hp_loss":0.0,"gold_gain":0.0,"event_name":"Living Wall","player_choice":"Grow","floor":5.0,"gold_loss":0.0,"damage_taken":0.0,"cards_upgraded":["Eruption"]},{"damage_healed":0.0,"max_hp_gain":0.0,"max_hp_loss":0.0,"gold_gain":0.0,"event_name":"The Cleric","player_choice":"Leave","floor":14.0,"gold_loss":0.0,"damage_taken":0.0},{"damage_healed":0,"gold_gain":0,"player_choice":"Fought Bandits","damage_taken":0,"max_hp_gain":0,"max_hp_loss":0,"event_name":"Masked Bandits","floor":19,"gold_loss":0},{"damage_healed":0,"gold_gain":0,"player_choice":"Obtained Relic","damage_taken":0,"relics_obtained":["Mummified Hand"],"max_hp_gain":0,"max_hp_loss":0,"event_name":"Addict","floor":20,"gold_loss":85},{"damage_healed":0,"gold_gain":0,"player_choice":"Shed Blood","damage_taken":27,"max_hp_gain":5,"max_hp_loss":0,"event_name":"Forgotten Altar","floor":28,"gold_loss":0},{"damage_healed":0,"gold_gain":0,"cards_transformed":["Strike_P","Defend_P"],"player_choice":"Became Test Subject","damage_taken":0,"max_hp_gain":0,"max_hp_loss":0,"event_name":"Drug Dealer","floor":31,"gold_loss":0,"cards_obtained":["Halt","Wish"]},{"cards_removed":["Conclude"],"damage_healed":0,"gold_gain":0,"player_choice":"Upgrade and Remove","damage_taken":0,"max_hp_gain":0,"max_hp_loss":0,"event_name":"Designer","floor":36,"gold_loss":110,"cards_upgraded":["Wish"]}],"is_beta":false,"boss_relics":[{"not_picked":["Fusion Hammer","Busted Crown"],"picked":"SacredBark"},{"not_picked":["Runic Pyramid","Coffee Dripper"],"picked":"Black Star"}],"items_purged_floors":[11,22],"is_endless":false,"potions_floor_spawned":[2,4,16,18,29,37,38],"killed_by":"Reptomancer","ascension_level":20}}