{"host":"h5adlgqa5ddydyk8","time":1612611366,"event":{"mods":["2.2 Compatiblity","BaseMod","Colored Map","Colored Powertips","Downfall","Highlight Path","Keyboard Shortcuts","Minty Spire (QoL Compilation)","Relic Stats","StSLib","SuperFastMode","The Marked"],"gold_per_floor":[113,131,145,145,160,178,178,178,453,453,467,62,77,89,89,186,186,196,207,207,220,232,232,232,132,157,157,157,171,188,201,201,201,201,201],"floor_reached":33,"language":"ENG","playtime":2448,"items_purged":["Regret"],"score":290,"play_id":"7e464d40-049f-44b9-a38a-c3d021224472","local_time":"20210206123606","is_ascension_mode":false,"campfire_choices":[{"data":"Guardian:CrystalBeam","floor":8,"key":"SMITH"},{"data":"Guardian:TwinSlam","floor":10,"key":"SMITH"},{"data":"Guardian:RollAttack","floor":15,"key":"SMITH"},{"data":"Guardian:TimeSifter","floor":25,"key":"SMITH"},{"floor":28,"key":"REST"},{"data":"Guardian:PiercingHide","floor":32,"key":"SMITH"}],"circlet_count":0,"master_deck":["Guardian:Defend_Guardian","Guardian:Defend_Guardian","Guardian:Defend_Guardian","Guardian:Defend_Guardian","Guardian:CurlUp","Guardian:TwinSlam+1","Guardian:BronzeArmor","Guardian:CrystalBeam+1","Guardian:ExploitGems","Guardian:ArmoredProtocol","Guardian:ShieldSpikes","Guardian:RollAttack+1","Guardian:Planning","Guardian:TimeSifter+1","Guardian:Reroute","Guardian:PiercingHide+1","Guardian:Recover+1","downfall:Bewildered","Bite","Bite","Bite","Bite","Bite"],"relics":["Guardian:ModeShifter","Matryoshka","Meat on the Bone","bronze:MakeshiftBattery","sneckomod:BabySnecko","Whetstone","downfall:HeartBlessingBlue","Thread and Needle"],"acts_visited":["TheCity"],"potions_floor_usage":[5,16,16,22,26,33,33],"damage_taken":[{"damage":3,"enemies":"Jaw Worm","floor":1,"turns":5},{"damage":1,"enemies":"Cultist","floor":2,"turns":6},{"damage":0,"enemies":"2 Louse","floor":3,"turns":3},{"damage":30,"enemies":"Gremlin Gang","floor":5,"turns":10},{"damage":1,"enemies":"Exordium Wildlife","floor":6,"turns":5},{"damage":15,"enemies":"Large Slime","floor":11,"turns":8},{"damage":3,"enemies":"downfall:FleeingMerchant","floor":12,"turns":4},{"damage":7,"enemies":"Blue Slaver","floor":13,"turns":4},{"damage":0,"enemies":"Exordium Wildlife","floor":14,"turns":3},{"damage":29,"enemies":"WA_ARCHETYPE_RETAIN","floor":16,"turns":10},{"damage":5,"enemies":"3 Byrds","floor":18,"turns":2},{"damage":11,"enemies":"Chosen","floor":19,"turns":5},{"damage":12,"enemies":"Snecko","floor":21,"turns":7},{"damage":0,"enemies":"3 Cultists","floor":22,"turns":6},{"damage":51,"enemies":"Gremlin Leader","floor":26,"turns":10},{"damage":2,"enemies":"Centurion and Healer","floor":29,"turns":7},{"damage":0,"enemies":"Snake Plant","floor":30,"turns":4},{"damage":0,"enemies":"Cultist and Chosen","floor":31,"turns":7},{"damage":78,"enemies":"SI_MIRROR_ARCHETYPE","floor":33,"turns":16}],"seed_played":"-8046279005699105683","potions_obtained":[{"floor":0,"key":"SpeedPotion"},{"floor":0,"key":"hexamod:SoulburnPotion"},{"floor":0,"key":"Ancient Potion"},{"floor":3,"key":"EntropicBrew"},{"floor":5,"key":"LiquidBronze"},{"floor":14,"key":"Guardian:BlockOnCardUsePotion"},{"floor":16,"key":"PowerPotion"},{"floor":19,"key":"DistilledChaos"},{"floor":22,"key":"Block Potion"},{"floor":26,"key":"SpeedPotion"},{"floor":30,"key":"GamblersBrew"},{"floor":31,"key":"GamblersBrew"}],"is_trial":false,"path_per_floor":["M","M","M","?","M","M","T","R","?","R","M","$","M","M","R","B",null,"M","M","?","M","M","?","T","R","E","?","R","M","M","M","R","B"],"character_chosen":"GUARDIAN","items_purchased":["Meat on the Bone","Guardian:ShieldSpikes"],"campfire_rested":1,"item_purchase_floors":[12,12],"current_hp_per_floor":[77,76,76,76,46,45,45,45,45,45,30,27,32,44,44,27,80,75,64,49,49,49,49,49,59,20,20,39,45,53,63,63,0,0,0],"gold":201,"neow_bonus":"THREE_SMALL_POTIONS","is_daily":false,"chose_seed":false,"campfire_upgraded":5,"win_rate":0.0,"timestamp":1612611366,"path_taken":["M","M","M","?","?","?","T","R","?","R","M","$","M","?","R","BOSS","M","M","?","M","M","?","T","R","E","?","R","M","M","M","R","BOSS"],"items_purchased_type":["Relic","Card"],"build_version":"2020-12-22","purchased_purges":1,"victory":false,"max_hp_per_floor":[80,80,80,80,80,80,80,80,80,80,80,80,80,80,80,80,80,80,80,85,85,85,85,85,95,95,66,66,66,66,66,66,66,66,66],"relic_stats":{"counters":[19,121],"Whetstone":["Guardian:Strike_Guardian","Guardian:Strike_Guardian"],"obtain_stats":[{"sneckomod:BabySnecko":23,"Matryoshka":7,"downfall:HeartBlessingBlue":25,"Guardian:ModeShifter":0,"Thread and Needle":26,"Whetstone":24,"bronze:MakeshiftBattery":17,"Meat on the Bone":12},{"sneckomod:BabySnecko":14,"Matryoshka":5,"downfall:HeartBlessingBlue":14,"Guardian:ModeShifter":0,"Thread and Needle":15,"Whetstone":14,"bronze:MakeshiftBattery":10,"Meat on the Bone":7},{"sneckomod:BabySnecko":77,"Matryoshka":29,"downfall:HeartBlessingBlue":77,"Guardian:ModeShifter":0,"Thread and Needle":87,"Whetstone":77,"bronze:MakeshiftBattery":57,"Meat on the Bone":41}],"Meat on the Bone":60},"card_choices":[{"not_picked":["Guardian:PrimingBeam","Guardian:Gem_Cyan"],"picked":"Guardian:BronzeArmor","floor":1},{"not_picked":["Guardian:TemporalShield","Guardian:VentSteam"],"picked":"Guardian:CrystalBeam","floor":2},{"not_picked":["Guardian:EvasiveProtocol","Guardian:Gem_Cyan"],"picked":"Guardian:ExploitGems","floor":3},{"not_picked":["Guardian:TemporalShield","Guardian:TimeBomb"],"picked":"Guardian:Gem_White","floor":5},{"not_picked":["Guardian:ShieldCharger","Guardian:Gem_Cyan"],"picked":"Guardian:ArmoredProtocol","floor":6},{"not_picked":["Guardian:Reroute","Guardian:PrismaticBarrier"],"picked":"Guardian:Gem_Lightblue","floor":11},{"not_picked":["Guardian:TemporalShield","Guardian:DonusPower"],"picked":"Guardian:Gem_Green","floor":12},{"not_picked":["Guardian:VentSteam","Guardian:ConstructionForm"],"picked":"Guardian:RollAttack","floor":13},{"not_picked":["Guardian:RollAttack","Guardian:WalkerClaw"],"picked":"Guardian:Planning","floor":14},{"not_picked":["Guardian:RevengeProtocol","Guardian:SphericShield"],"picked":"Guardian:TimeSifter","floor":16},{"not_picked":["Guardian:Emergency","Guardian:Planning+1"],"picked":"Guardian:Reroute","floor":18},{"not_picked":["Guardian:FloatingOrbs","Guardian:Gem_Cyan"],"picked":"Guardian:Gem_Blue","floor":19},{"not_picked":["Guardian:WalkerClaw","Guardian:Reroute"],"picked":"Guardian:PiercingHide","floor":21},{"not_picked":["Guardian:Planning","Guardian:RollAttack"],"picked":"Guardian:Recover+1","floor":22},{"not_picked":["Guardian:Clone","Guardian:VentSteam"],"picked":"Guardian:Gem_Synthetic","floor":26},{"not_picked":["Guardian:ChargeCore","Guardian:BodySlam+1"],"picked":"Guardian:Gem_Fragmented","floor":29},{"not_picked":["Guardian:RollAttack","Guardian:Planning"],"picked":"Guardian:Gem_Green","floor":30},{"not_picked":["Guardian:DecasProtection","Guardian:ShieldCharger"],"picked":"Guardian:Gem_Fragmented","floor":31}],"player_experience":625146,"relics_obtained":[{"floor":7,"key":"Matryoshka"},{"floor":24,"key":"Whetstone"},{"floor":26,"key":"Thread and Needle"}],"event_choices":[{"cards_removed":["Guardian:Strike_Guardian"],"damage_healed":0,"gold_gain":0,"player_choice":"Offered Basic","damage_taken":0,"max_hp_gain":0,"max_hp_loss":0,"event_name":"Bonfire Elementals","floor":4,"gold_loss":0},{"damage_healed":0,"gold_gain":0,"player_choice":"Became a vampire","damage_taken":0,"max_hp_gain":0,"max_hp_loss":29,"event_name":"Vampires","floor":27,"gold_loss":0,"cards_obtained":["Bite","Bite","Bite","Bite","Bite"]}],"is_beta":false,"boss_relics":[{"not_picked":["Empty Cage","Sozu"],"picked":"bronze:MakeshiftBattery"}],"items_purged_floors":[12],"is_endless":false,"potions_floor_spawned":[1,3,5,6,14,16,19,22,26,30,31],"killed_by":"SI_MIRROR_ARCHETYPE","ascension_level":0}}