{"host":"tgnam0g96qraiyqx","time":1612636415,"event":{"mods":["Always Whale","Arknights","Aspiration","Bartender","BaseMod","BetterRewards","CapriCore","CatGirl Mod","Chen","Colored Map","Colored Powertips","Decade(???)","Dio Mod","Downfall","Ekko","Energized Spire","Fireblade Mod","Glutton Mod","Hermit","HexUI Lib","Highlight Path","HornydragonMod","Hubris","Jorbs\u0027s Wanderer Trilogy","Kalas","KinomotoSakuraMod(????)","Koishi","Kratos Character Expansion","Luminous","Minty Spire (QoL Compilation)","Permanent Neow","Pikachu Mod","Potionbrewer","Prisma Mod","QueenMod","Railgun Mod","Random Character Button","Reimu??????","Replay The Spire","SCP261 Mod","Shade Mod","Shedinja","Shop Mod","Somnambulant","StSLib","The Alterego","The Bladedancer","The Cursed","The Death Knight","The Druid","The Hayseed","The Immortal","The Judge","The Juggle","The Jungle","The Kombatant","The Showman","The Warrior","The Wild Card","TheFirefly","TheSwordswoman","TheVacant","Warlord Emblem","[IsaacMod]????"],"gold_per_floor":[99,111,121,121,137,137,184,219,251,251,277,292,292,302,318,423,423,423,423,433,433,447,447,500,35,35,35,48,75,75,108,124,228,228,228,246,246,256,296,328,328,343,343,237,237,237,271,271,287,287],"floor_reached":51,"language":"FRA","playtime":4275,"items_purged":["BettingIsNotGood+1","blazmod:Strike"],"score":930,"play_id":"62aa1b97-f017-4f00-9b16-5e07d14d6bcf","local_time":"20210206193335","is_ascension_mode":false,"campfire_choices":[{"data":"blazmod:ButterflyEffect","floor":1,"key":"SMITH"},{"data":"blazmod:Kyokasuigetsu","floor":6,"key":"SMITH"},{"floor":13,"key":"REST"},{"data":"blazmod:ButterflyForm","floor":18,"key":"SMITH"},{"data":"blazmod:DawnflutterDance","floor":23,"key":"SMITH"},{"data":"blazmod:ClearTheMind","floor":26,"key":"SMITH"},{"floor":30,"key":"REST"},{"data":"blazmod:Strike","floor":35,"key":"PURGE"},{"data":"blazmod:FleetOfFoot","floor":43,"key":"SMITH"},{"data":"expansioncontent:QuickStudy","floor":46,"key":"SMITH"}],"circlet_count":0,"master_deck":["blazmod:Strike","blazmod:Defend","blazmod:Defend","blazmod:Defend","blazmod:ButterflyEffect+1","blazmod:Kyokasuigetsu+1","blazmod:Crosscut","blazmod:FortifiedVigor","blazmod:MyEverything+1","blazmod:QuickBlade","blazmod:BeTheBlade+1","blazmod:TenThousand","blazmod:MoonlightBlossoms","blazmod:DawnflutterDance+1","blazmod:ButterflyForm+1","blazmod:FleetOfFoot+1","blazmod:ClearTheMind+1","blazmod:TenThousand","blazmod:DevilDivine+1","blazmod:MyEverything+1","blazmod:Swordstorm+1","blazmod:OneWithNature","expansioncontent:QuickStudy+1","blazmod:TrueOfHeart"],"relics":["blazmod:Venustas","HushsDoor","PunchingBag","War Paint","aspiration:Lifesprig","Nunchaku","Sozu","RuthlessExorcism:ReiMu","BookOfRevelations","Sling","Blue Candle","Counterbalance","hubris:ScarierMask","Potion Belt","Replay:Bottled Snecko","ReplayTheSpireMod:Ninjato","TheAbacus","White_Cape","ReplayTheSpireMod:Ring of Exchange"],"acts_visited":["Exordium","TheCity","TheBeyond"],"potions_floor_usage":[11,33],"damage_taken":[{"damage":1,"enemies":"2 Louse","floor":2,"turns":5},{"damage":1,"enemies":"Cultist","floor":3,"turns":4},{"damage":3,"enemies":"Jaw Worm","floor":5,"turns":4},{"damage":5,"enemies":"Exordium Thugs","floor":8,"turns":3},{"damage":0,"enemies":"Replay:BlueRogue","floor":9,"turns":6},{"damage":1,"enemies":"Gremlin Nob","floor":11,"turns":3},{"damage":0,"enemies":"Blue Slaver","floor":12,"turns":2},{"damage":0,"enemies":"2 Fungi Beasts","floor":14,"turns":1},{"damage":0,"enemies":"Lots of Slimes","floor":15,"turns":2},{"damage":0,"enemies":"WA_ARCHETYPE_RETAIN","floor":16,"turns":8},{"damage":0,"enemies":"Chosen","floor":19,"turns":1},{"damage":10,"enemies":"Spheric Guardian","floor":20,"turns":3},{"damage":1,"enemies":"Cultist and Chosen","floor":22,"turns":6},{"damage":0,"enemies":"downfall:FleeingMerchant","floor":25,"turns":4},{"damage":0,"enemies":"Snecko","floor":28,"turns":3},{"damage":5,"enemies":"Replay:Snechameleon","floor":29,"turns":2},{"damage":9,"enemies":"Slavers","floor":31,"turns":3},{"damage":8,"enemies":"Shelled Parasite and Fungi","floor":32,"turns":4},{"damage":1,"enemies":"SI_MIRROR_ARCHETYPE","floor":33,"turns":6},{"damage":0,"enemies":"3 Shapes","floor":36,"turns":2},{"damage":0,"enemies":"Orb Walker","floor":38,"turns":2},{"damage":0,"enemies":"Reptomancer","floor":40,"turns":5},{"damage":0,"enemies":"3 Darklings","floor":42,"turns":2},{"damage":0,"enemies":"downfall:FleeingMerchant","floor":44,"turns":3},{"damage":0,"enemies":"R_Hoarder","floor":47,"turns":3},{"damage":0,"enemies":"4 Shapes","floor":49,"turns":2},{"damage":7,"enemies":"DF_ARCHETYPE_ORBS","floor":50,"turns":8}],"seed_played":"-9043184071847549684","potions_obtained":[{"floor":2,"key":"Swift Potion"},{"floor":8,"key":"AttackPotion"},{"floor":11,"key":"potionbrewer:HastePotion"},{"floor":15,"key":"GamblersBrew"}],"is_trial":false,"path_per_floor":["R","M","M","?","M","R","T","M","E","?","E","M","R","M","M","B",null,"R","M","M","?","M","R","T","$","R","?","M","E","R","E","M","B",null,"R_BF","M","?","M","?","E","T","M","R","$","?","R","E","?","M","B",null],"character_chosen":"THE_SWORDSWOMAN","items_purchased":["BookOfRevelations","blazmod:ClearTheMind","Sling","TheAbacus","expansioncontent:QuickStudy"],"campfire_rested":2,"item_purchase_floors":[25,25,25,44,44],"current_hp_per_floor":[36,36,35,35,32,32,32,27,27,27,26,26,36,36,36,36,36,36,36,26,26,25,25,25,25,25,25,25,20,30,21,13,12,36,36,36,36,36,36,36,36,36,36,36,36,36,36,36,36,29],"gold":287,"neow_bonus":"REMOVE_TWO","is_daily":false,"chose_seed":false,"campfire_upgraded":7,"win_rate":0.0,"timestamp":1612636415,"path_taken":["R","M","M","?","M","R","T","?","E","?","E","M","R","M","M","BOSS","R","M","M","?","M","R","T","$","R","?","M","E","R","E","M","BOSS","R_BF","M","?","M","?","E","T","M","R","$","?","R","E","?","M","BOSS"],"items_purchased_type":["Relic","Card","Relic","Relic","Card"],"build_version":"2020-12-22","purchased_purges":2,"victory":true,"max_hp_per_floor":[36,36,36,36,36,36,36,36,36,36,36,36,36,36,36,36,36,36,36,36,36,36,36,36,36,36,36,36,36,36,36,36,36,36,36,36,36,36,36,36,36,36,36,36,36,36,36,36,36,36],"card_choices":[{"not_picked":[],"picked":"BettingIsNotGood","floor":0},{"not_picked":["blazmod:VisionsOfButterflies","blazmod:SidewaySolace"],"picked":"blazmod:Crosscut","floor":2},{"not_picked":["blazmod:WildButterfly","blazmod:StanceChange"],"picked":"blazmod:FortifiedVigor","floor":3},{"not_picked":["blazmod:StanceChange","blazmod:BladeOfEnlightenment"],"picked":"blazmod:MyEverything","floor":5},{"not_picked":["blazmod:Trasient","blazmod:PhysicalEndurance"],"picked":"blazmod:QuickBlade","floor":8},{"not_picked":["blazmod:DrippingWaterHollowsStone","blazmod:FocusThroughFalls"],"picked":"blazmod:BeTheBlade","floor":9},{"not_picked":["blazmod:FortifiedVigor","blazmod:Trasient"],"picked":"blazmod:TenThousand","floor":11},{"not_picked":["blazmod:LoveAndHonor","blazmod:OpenSpirit","blazmod:PureOfSoul"],"picked":"SKIP","floor":12},{"not_picked":["blazmod:Crosscut","blazmod:DrippingWaterHollowsStone"],"picked":"blazmod:MoonlightBlossoms","floor":14},{"not_picked":["blazmod:FocusThroughFalls","blazmod:ButterFlutter"],"picked":"blazmod:DawnflutterDance","floor":15},{"not_picked":["blazmod:VisionsOfButterflies","blazmod:CrescentMoon"],"picked":"blazmod:ButterflyForm","floor":16},{"not_picked":["blazmod:SidewaySolace+1","blazmod:ApexLegends"],"picked":"blazmod:TravelJournal+1","floor":19},{"not_picked":["blazmod:BeTheBlade","blazmod:SidewaySolace","blazmod:KatanaStrike"],"picked":"SKIP","floor":20},{"not_picked":["blazmod:Crosscut","blazmod:FortifiedVigor"],"picked":"blazmod:FleetOfFoot","floor":22},{"not_picked":["blazmod:OpenSpirit","blazmod:SidewaySolace","blazmod:CrescentMoon"],"picked":"SKIP","floor":25},{"not_picked":["blazmod:Unrestrained+1","blazmod:BeTheBlade+1","blazmod:Trasient"],"picked":"SKIP","floor":28},{"not_picked":["blazmod:Trasient","blazmod:BoulderFlash"],"picked":"blazmod:TenThousand","floor":29},{"not_picked":["blazmod:BeTheBlade","blazmod:SeismicSlash","blazmod:QuickBlade"],"picked":"SKIP","floor":31},{"not_picked":["blazmod:UnderPurifyingWaters","blazmod:FleetOfFoot","blazmod:Trasient"],"picked":"SKIP","floor":32},{"not_picked":["blazmod:StanceChange","blazmod:ButterFlutter","blazmod:FortifiedVigor"],"picked":"SKIP","floor":36},{"not_picked":["blazmod:DrippingWaterHollowsStone","blazmod:ButterFlutter","blazmod:FlyFlyAgain"],"picked":"SKIP","floor":38},{"not_picked":["blazmod:Valiance+1","blazmod:BoulderFlash"],"picked":"blazmod:DevilDivine+1","floor":39},{"not_picked":["blazmod:StanceChange","blazmod:MoonlightBlossoms"],"picked":"blazmod:MyEverything+1","floor":39},{"not_picked":["blazmod:WildButterfly+1","blazmod:Valiance+1","blazmod:FlyFlyAgain+1"],"picked":"SKIP","floor":40},{"not_picked":["blazmod:BladeOfEnlightenment","blazmod:BlindBlade"],"picked":"blazmod:Swordstorm+1","floor":42},{"not_picked":["blazmod:KatanaStrike+1","blazmod:Contingency+1"],"picked":"blazmod:OneWithNature","floor":44},{"not_picked":["blazmod:MindsEye","blazmod:FleetOfFoot"],"picked":"blazmod:TrueOfHeart","floor":47},{"not_picked":["blazmod:UnderPurifyingWaters+1","blazmod:Valiance+1","blazmod:Trasient"],"picked":"SKIP","floor":49}],"player_experience":2670931,"relics_obtained":[{"floor":7,"key":"War Paint"},{"floor":9,"key":"aspiration:Lifesprig"},{"floor":11,"key":"Nunchaku"},{"floor":24,"key":"RuthlessExorcism:ReiMu"},{"floor":29,"key":"Blue Candle"},{"floor":31,"key":"Counterbalance"},{"floor":39,"key":"Potion Belt"},{"floor":40,"key":"Replay:Bottled Snecko"},{"floor":41,"key":"ReplayTheSpireMod:Ninjato"},{"floor":47,"key":"White_Cape"},{"floor":48,"key":"ReplayTheSpireMod:Ring of Exchange"}],"event_choices":[{"damage_healed":0,"gold_gain":0,"player_choice":"Ignored","damage_taken":0,"max_hp_gain":0,"max_hp_loss":0,"event_name":"Ghosts","floor":21,"gold_loss":0},{"cards_removed":["blazmod:TravelJournal"],"damage_healed":0,"gold_gain":0,"player_choice":"Removed Power","damage_taken":0,"max_hp_gain":0,"max_hp_loss":0,"event_name":"Falling","floor":37,"gold_loss":0}],"is_beta":false,"boss_relics":[{"not_picked":["energizedSpire:NeverEndingSparkler","Calling Bell"],"picked":"Sozu"},{"not_picked":[]},{"not_picked":["energizedSpire:EnergizedDie","Replay:Cursed D8"],"picked":"hubris:ScarierMask"},{"not_picked":[]}],"items_purged_floors":[25,44],"is_endless":false,"potions_floor_spawned":[2,8,11,15,16,20,29,31,33,36,42,49],"ascension_level":0}}