{"host":"2fgwwnzqc97k7iys","time":1612651910,"event":{"mods":["BaseMod","Colored Map","Minty Spire (QoL Compilation)","Quick Restart","Relic Stats"],"gold_per_floor":[117,117,137,150,170,196,196,213,213,213,232,242,270,289,289,385,385,397,397,410,428,276,309,328,340,340,250,281,301,320,350,350,455,455,465,479,137,147,157,157,170,170,170,170,170,183,183,183],"floor_reached":47,"language":"ENG","playtime":4263,"items_purged":["Strike_P","Strike_P"],"score":880,"play_id":"1b32a5e6-d9e0-4e29-b368-617eebb0ddf6","local_time":"20210206165150","is_ascension_mode":true,"campfire_choices":[{"data":"Eruption","floor":7.0,"key":"SMITH"},{"data":"Wallop","floor":10.0,"key":"SMITH"},{"data":"Prostrate","floor":15.0,"key":"SMITH"},{"floor":32.0,"key":"REST"},{"floor":40,"key":"RECALL"},{"data":"Vault","floor":42,"key":"SMITH"},{"data":"Finesse","floor":45,"key":"SMITH"}],"circlet_count":0,"master_deck":["Strike_P+1","Defend_P+1","Defend_P+1","Defend_P+1","Defend_P+1","Eruption+1","Vigilance+1","BowlingBash+1","Tantrum","SignatureMove+1","Meditate+1","Wallop+1","Prostrate+1","LessonLearned+1","Brilliance+1","Sanctity+1","SashWhip+1","WaveOfTheHand+1","InnerPeace+1","EmptyMind+1","Adaptation+1","Prostrate","Brilliance+1","Vault+1","Study","Prostrate+1","CutThroughFate+1","Finesse+1","Devotion"],"relics":["PureWater","InkBottle","War Paint","Akabeko","Sozu","Question Card","Ancient Tea Set","StrikeDummy","Ginger","Philosopher\u0027s Stone","Bronze Scales"],"acts_visited":["Exordium","TheCity","TheBeyond"],"potions_floor_usage":[],"damage_taken":[{"damage":0.0,"enemies":"Jaw Worm","floor":1.0,"turns":3.0},{"damage":2.0,"enemies":"Cultist","floor":3.0,"turns":3.0},{"damage":0.0,"enemies":"2 Louse","floor":4.0,"turns":2.0},{"damage":0.0,"enemies":"Large Slime","floor":5.0,"turns":3.0},{"damage":16.0,"enemies":"Gremlin Nob","floor":6.0,"turns":3.0},{"damage":5.0,"enemies":"Gremlin Gang","floor":8.0,"turns":2.0},{"damage":5.0,"enemies":"Blue Slaver","floor":11.0,"turns":3.0},{"damage":10.0,"enemies":"Large Slime","floor":12.0,"turns":3.0},{"damage":0.0,"enemies":"3 Sentries","floor":13.0,"turns":4.0},{"damage":0.0,"enemies":"Exordium Thugs","floor":14.0,"turns":3.0},{"damage":0.0,"enemies":"Hexaghost","floor":16.0,"turns":6.0},{"damage":0.0,"enemies":"3 Byrds","floor":18.0,"turns":4.0},{"damage":0.0,"enemies":"Spheric Guardian","floor":20.0,"turns":1.0},{"damage":12.0,"enemies":"Shelled Parasite and Fungi","floor":21.0,"turns":3.0},{"damage":0.0,"enemies":"Gremlin Leader","floor":23.0,"turns":7.0},{"damage":0.0,"enemies":"3 Cultists","floor":24.0,"turns":4.0},{"damage":0.0,"enemies":"Centurion and Healer","floor":25.0,"turns":4.0},{"damage":2.0,"enemies":"Slavers","floor":28.0,"turns":4.0},{"damage":8.0,"enemies":"Chosen and Byrds","floor":29.0,"turns":3.0},{"damage":4.0,"enemies":"Shelled Parasite and Fungi","floor":30.0,"turns":5.0},{"damage":12.0,"enemies":"Book of Stabbing","floor":31.0,"turns":4.0},{"damage":16.0,"enemies":"Automaton","floor":33.0,"turns":6.0},{"damage":0,"enemies":"Orb Walker","floor":35,"turns":4},{"damage":0,"enemies":"3 Shapes","floor":36,"turns":2},{"damage":5,"enemies":"Transient","floor":38,"turns":6},{"damage":7,"enemies":"3 Darklings","floor":39,"turns":4},{"damage":0,"enemies":"Maw","floor":41,"turns":5},{"damage":27,"enemies":"Transient","floor":46,"turns":6},{"damage":34,"enemies":"Reptomancer","floor":47,"turns":2}],"seed_played":"7336770306428996358","potions_obtained":[{"floor":1.0,"key":"DistilledChaos"},{"floor":4.0,"key":"SpeedPotion"},{"floor":11.0,"key":"Regen Potion"},{"floor":12.0,"key":"Swift Potion"},{"floor":14.0,"key":"FearPotion"},{"floor":16.0,"key":"ColorlessPotion"}],"is_trial":false,"path_per_floor":["M","?","M","M","M","E","R","M","T","R","M","M","E","M","R","B",null,"M","?","M","M","$","E","M","M","T","?","E","M","M","E","R","B",null,"M","M","$","M","M","R","M","R","T","?","R","M","E"],"character_chosen":"WATCHER","items_purchased":["InnerPeace","Study","Prostrate","Bronze Scales"],"campfire_rested":1,"item_purchase_floors":[22,37,37,37],"current_hp_per_floor":[65,65,63,63,63,47,47,42,42,42,37,27,39,39,39,39,64,64,64,64,52,52,52,52,52,52,52,50,42,38,26,47,31,62,62,62,62,57,50,50,50,50,50,50,50,23,0,0],"gold":183,"neow_bonus":"THREE_CARDS","is_daily":false,"chose_seed":false,"campfire_upgraded":5,"win_rate":0.0,"timestamp":1612651910,"path_taken":["M","?","M","M","?","E","R","M","T","R","M","M","E","M","R","BOSS","M","?","M","M","$","E","M","M","T","?","E","M","M","E","R","BOSS","M","M","$","M","?","R","M","R","T","?","R","M","E"],"items_purchased_type":["Card","Card","Card","Relic"],"build_version":"2020-12-22","purchased_purges":2,"victory":false,"max_hp_per_floor":[72,72,72,72,72,72,72,72,72,72,72,72,72,72,72,72,72,72,72,72,72,72,72,72,72,72,72,72,72,72,72,72,72,72,72,72,72,72,72,72,72,72,72,72,72,72,72,72],"relic_stats":{"Sozu":11,"counters":[29,109],"Bronze Scales":[45],"Ginger":[3],"War Paint":["Defend_P","Defend_P"],"Question Card":14,"obtain_stats":[{"Sozu":17,"Bronze Scales":37,"Philosopher\u0027s Stone":34,"Ginger":31,"PureWater":0,"War Paint":9,"Question Card":23,"Ancient Tea Set":26,"StrikeDummy":28,"InkBottle":6,"Akabeko":13},{"Sozu":11,"Bronze Scales":24,"Philosopher\u0027s Stone":22,"Ginger":21,"PureWater":0,"War Paint":6,"Question Card":15,"Ancient Tea Set":17,"StrikeDummy":18,"InkBottle":5,"Akabeko":9},{"Sozu":35,"Bronze Scales":86,"Philosopher\u0027s Stone":80,"Ginger":74,"PureWater":0,"War Paint":16,"Question Card":50,"Ancient Tea Set":58,"StrikeDummy":62,"InkBottle":14,"Akabeko":26}],"InkBottle":[46]},"card_choices":[{"not_picked":["Halt","Prostrate"],"picked":"BowlingBash","floor":0.0},{"not_picked":["Worship","Crescendo"],"picked":"Tantrum","floor":1.0},{"not_picked":["Halt","Consecrate","WindmillStrike"],"picked":"SKIP","floor":3.0},{"not_picked":["Wireheading","Evaluate"],"picked":"SignatureMove","floor":4.0},{"not_picked":["Consecrate","Sanctity"],"picked":"Meditate","floor":5.0},{"not_picked":["SandsOfTime","InnerPeace","BattleHymn"],"picked":"SKIP","floor":6.0},{"not_picked":["Indignation","SashWhip"],"picked":"Wallop","floor":8.0},{"not_picked":["ClearTheMind","Halt","WreathOfFlame"],"picked":"SKIP","floor":11.0},{"not_picked":["FlurryOfBlows","Pray"],"picked":"Prostrate","floor":12.0},{"not_picked":["PathToVictory","FollowUp"],"picked":"LessonLearned","floor":13.0},{"not_picked":["Collect","BattleHymn","Fasting2"],"picked":"SKIP","floor":14.0},{"not_picked":["MasterReality","Wish"],"picked":"Brilliance","floor":16.0},{"not_picked":["Halt","BowlingBash"],"picked":"Sanctity","floor":18.0},{"not_picked":["Sanctity","Consecrate+1"],"picked":"SashWhip","floor":20.0},{"not_picked":["SignatureMove","Tantrum+1"],"picked":"WaveOfTheHand+1","floor":21.0},{"not_picked":["Protect","ThirdEye"],"picked":"EmptyMind+1","floor":23.0},{"not_picked":["Judgement","Crescendo","EmptyFist+1"],"picked":"Adaptation","floor":24.0},{"not_picked":["Sanctity+1","PathToVictory+1","Crescendo","FlyingSleeves"],"picked":"SKIP","floor":25.0},{"not_picked":["Crescendo","JustLucky","EmptyBody","Indignation"],"picked":"SKIP","floor":28.0},{"not_picked":["Worship","Crescendo","FlurryOfBlows"],"picked":"Prostrate","floor":29.0},{"not_picked":["SashWhip+1","FollowUp","BowlingBash"],"picked":"Brilliance","floor":30.0},{"not_picked":["PathToVictory+1","EmptyFist","SignatureMove+1","Consecrate+1"],"picked":"SKIP","floor":31.0},{"not_picked":["Alpha","DeusExMachina","SpiritShield"],"picked":"Vault","floor":33.0},{"not_picked":["FlyingSleeves","CrushJoints","Perseverance","ForeignInfluence"],"picked":"SKIP","floor":35},{"not_picked":["ThirdEye","Wireheading","Conclude+1","Sanctity+1"],"picked":"SKIP","floor":36},{"not_picked":["FollowUp+1","EmptyMind","Worship","JustLucky+1"],"picked":"SKIP","floor":38},{"not_picked":["FollowUp","Protect+1","Halt+1","PathToVictory+1"],"picked":"SKIP","floor":39},{"not_picked":["FlurryOfBlows+1","BowlingBash+1","Halt+1"],"picked":"CutThroughFate+1","floor":41},{"not_picked":["Jack Of All Trades","Dark Shackles","Panacea"],"picked":"Finesse","floor":44},{"not_picked":["EmptyFist","Wireheading+1","JustLucky"],"picked":"Devotion","floor":46}],"player_experience":539326,"relics_obtained":[{"floor":6.0,"key":"InkBottle"},{"floor":9.0,"key":"War Paint"},{"floor":13.0,"key":"Akabeko"},{"floor":23.0,"key":"Question Card"},{"floor":26.0,"key":"Ancient Tea Set"},{"floor":28.0,"key":"StrikeDummy"},{"floor":31.0,"key":"Ginger"}],"event_choices":[{"damage_healed":0.0,"max_hp_gain":0.0,"max_hp_loss":0.0,"gold_gain":0.0,"event_name":"Upgrade Shrine","player_choice":"Upgraded","floor":2.0,"gold_loss":0.0,"damage_taken":0.0,"cards_upgraded":["BowlingBash"]},{"damage_healed":0.0,"max_hp_gain":0.0,"max_hp_loss":0.0,"gold_gain":0.0,"event_name":"Ghosts","player_choice":"Ignored","floor":19.0,"gold_loss":0.0,"damage_taken":0.0},{"cards_removed":["Strike_P"],"damage_healed":0.0,"max_hp_gain":0.0,"max_hp_loss":0.0,"gold_gain":0.0,"event_name":"Designer","player_choice":"Upgrade and Remove","floor":27.0,"gold_loss":90.0,"damage_taken":0.0,"cards_upgraded":["InnerPeace"]},{"damage_healed":0,"gold_gain":0,"player_choice":"Memory 1","damage_taken":0,"max_hp_gain":0,"max_hp_loss":0,"event_name":"SensoryStone","floor":44,"gold_loss":0}],"is_beta":false,"boss_relics":[{"not_picked":["Runic Dome","Pandora\u0027s Box"],"picked":"Sozu"},{"not_picked":["Empty Cage","Calling Bell"],"picked":"Philosopher\u0027s Stone"}],"items_purged_floors":[22,37],"is_endless":false,"potions_floor_spawned":[1,4,11,12,14,16,18,23,28,29,30,31,33,35,36,38,41],"killed_by":"Reptomancer","ascension_level":9}}