{"host":"1te4apcktyw9778t","time":1612640440,"event":{"mods":["BaseMod","Colored Powertips","Minty Spire (QoL Compilation)","Relic Stats"],"gold_per_floor":[119,135,147,147,147,176,195,214,214,7,21,21,54,69,69,148,148,115,132,132,148,148,148,163,213,238,238,238],"floor_reached":27,"language":"ENG","playtime":3384,"items_purged":["Strike_B"],"score":397,"play_id":"a4253f27-70ad-4968-823b-d662e7e5100f","local_time":"20210206144040","is_ascension_mode":true,"campfire_choices":[{"data":"Loop","floor":12,"key":"SMITH"},{"data":"Capacitor","floor":15,"key":"SMITH"},{"floor":23,"key":"REST"}],"circlet_count":0,"master_deck":["AscendersBane","Strike_B","Strike_B","Strike_B","Defend_B","Defend_B","Defend_B","Defend_B","Zap+1","Dualcast","Compile Driver","Glacier","Compile Driver","Genetic Algorithm","Loop+1","Capacitor+1","Barrage","Gash","Cold Snap","Fission","Turbo","Coolheaded","Skim+1"],"relics":["Cracked Core","Ancient Tea Set","Shovel","Pantograph","SlaversCollar","Letter Opener","Centennial Puzzle"],"acts_visited":["Exordium","TheCity"],"potions_floor_usage":[14,16,18,21],"damage_taken":[{"damage":4,"enemies":"2 Louse","floor":1,"turns":2},{"damage":2,"enemies":"Jaw Worm","floor":2,"turns":3},{"damage":0,"enemies":"Small Slimes","floor":3,"turns":4},{"damage":6,"enemies":"Lagavulin","floor":6,"turns":8},{"damage":3,"enemies":"3 Louse","floor":7,"turns":4},{"damage":0,"enemies":"Large Slime","floor":8,"turns":4},{"damage":8,"enemies":"Blue Slaver","floor":11,"turns":4},{"damage":21,"enemies":"3 Sentries","floor":13,"turns":7},{"damage":11,"enemies":"Gremlin Gang","floor":14,"turns":4},{"damage":11,"enemies":"Slime Boss","floor":16,"turns":11},{"damage":23,"enemies":"2 Thieves","floor":18,"turns":5},{"damage":14,"enemies":"Shell Parasite","floor":19,"turns":9},{"damage":0,"enemies":"Sentry and Sphere","floor":21,"turns":4},{"damage":30,"enemies":"Snecko","floor":24,"turns":9},{"damage":29,"enemies":"Book of Stabbing","floor":27,"turns":5}],"seed_played":"8358566968798691624","potions_obtained":[{"floor":7,"key":"BlessingOfTheForge"},{"floor":11,"key":"AttackPotion"},{"floor":14,"key":"Weak Potion"},{"floor":18,"key":"AttackPotion"}],"is_trial":false,"path_per_floor":["M","M","M","?","?","E","M","M","T","$","M","R","E","M","R","B",null,"M","M","?","M","T","R","M","?","T","E"],"character_chosen":"DEFECT","items_purchased":["Capacitor","Barrage"],"campfire_rested":1,"item_purchase_floors":[10,10],"current_hp_per_floor":[67,65,65,70,70,64,61,61,61,61,53,53,32,21,21,35,71,48,34,34,34,34,58,28,28,28,0,0],"gold":238,"neow_bonus":"TEN_PERCENT_HP_BONUS","is_daily":false,"chose_seed":false,"campfire_upgraded":2,"win_rate":0.0,"timestamp":1612640440,"path_taken":["M","M","M","?","?","E","M","M","T","$","M","R","E","M","R","BOSS","M","M","?","M","?","R","M","?","T","E"],"items_purchased_type":["Card","Card"],"build_version":"2020-12-22","purchased_purges":1,"victory":false,"max_hp_per_floor":[78,78,78,83,83,83,83,83,83,83,83,83,83,83,83,83,83,83,83,83,83,83,83,83,83,83,83,83],"relic_stats":{"Centennial Puzzle":[3],"Shovel":0,"counters":[15,83],"Pantograph":25,"Letter Opener":[25],"obtain_stats":[{"SlaversCollar":17,"Centennial Puzzle":26,"Shovel":9,"Pantograph":13,"Letter Opener":22,"Cracked Core":0,"Ancient Tea Set":6},{"SlaversCollar":10,"Centennial Puzzle":14,"Shovel":6,"Pantograph":8,"Letter Opener":13,"Cracked Core":0,"Ancient Tea Set":4},{"SlaversCollar":51,"Centennial Puzzle":78,"Shovel":25,"Pantograph":36,"Letter Opener":69,"Cracked Core":0,"Ancient Tea Set":17}]},"card_choices":[{"not_picked":["Barrage","Go for the Eyes"],"picked":"Compile Driver","floor":1},{"not_picked":["Stack","Double Energy"],"picked":"Glacier","floor":2},{"not_picked":["Hello World","Reinforced Body"],"picked":"Compile Driver","floor":3},{"not_picked":["Blizzard","Stack","Redo"],"picked":"SKIP","floor":6},{"not_picked":["Aggregate","Gash"],"picked":"Genetic Algorithm","floor":7},{"not_picked":["Blizzard","Amplify"],"picked":"Loop","floor":8},{"not_picked":["Capacitor","Rip and Tear"],"picked":"Gash","floor":11},{"not_picked":["Auto Shields","Fusion"],"picked":"Cold Snap","floor":13},{"not_picked":["Rebound","Reinforced Body","Fusion"],"picked":"SKIP","floor":14},{"not_picked":["Creative AI","Reboot"],"picked":"Fission","floor":16},{"not_picked":["Go for the Eyes","Force Field"],"picked":"Turbo","floor":18},{"not_picked":["Streamline","Barrage","Rip and Tear+1"],"picked":"SKIP","floor":19},{"not_picked":["Conserve Battery","Reinforced Body"],"picked":"Coolheaded","floor":21},{"not_picked":["Stack","Barrage"],"picked":"Skim+1","floor":24}],"player_experience":1101868,"relics_obtained":[{"floor":6,"key":"Ancient Tea Set"},{"floor":9,"key":"Shovel"},{"floor":13,"key":"Pantograph"},{"floor":22,"key":"Letter Opener"},{"floor":26,"key":"Centennial Puzzle"}],"event_choices":[{"damage_healed":0,"gold_gain":0,"player_choice":"Donut","damage_taken":0,"max_hp_gain":5,"max_hp_loss":0,"event_name":"Big Fish","floor":4,"gold_loss":0},{"damage_healed":0,"gold_gain":0,"player_choice":"Grow","damage_taken":0,"max_hp_gain":0,"max_hp_loss":0,"event_name":"Living Wall","floor":5,"gold_loss":0,"cards_upgraded":["Zap"]},{"damage_healed":0,"gold_gain":0,"player_choice":"Ignored","damage_taken":0,"max_hp_gain":0,"max_hp_loss":0,"event_name":"Cursed Tome","floor":20,"gold_loss":0},{"damage_healed":0,"gold_gain":50,"player_choice":"Stole From Cult","damage_taken":0,"max_hp_gain":0,"max_hp_loss":0,"event_name":"Nest","floor":25,"gold_loss":0}],"is_beta":false,"boss_relics":[{"not_picked":["Ectoplasm","Busted Crown"],"picked":"SlaversCollar"}],"items_purged_floors":[10],"is_endless":false,"potions_floor_spawned":[7,11,14,18],"killed_by":"Book of Stabbing","ascension_level":15}}