{"host":"6gwm7y0tp7acoxay","time":1612600094,"event":{"mods":["BaseMod","Colored Map","Keyboard Shortcuts","Minty Spire (QoL Compilation)","Quick Restart","StSLib","SuperFastMode","everything is the same but u backflip on backflip"],"gold_per_floor":[116,116,130,150,150,150,185,229,529,509,550,550,588,604,604,695,695,713,128,144,167,182,222,260,260,260,260,304,304,348,77,77,170,170,185,216,216,280,294,132,167,180,180,213,247,268,304,335,335,335,335,335,335,33,72,72],"floor_reached":57,"language":"KOR","playtime":2531,"items_purged":["Infernal Blade","Shrug It Off","Finesse"],"score":4104,"play_id":"6defdaff-293e-4e64-87de-f4991c5f1bcd","local_time":"20210206172814","daily_mods":["SealedDeck","Heirloom","Flight"],"is_ascension_mode":true,"campfire_choices":[{"data":"Armaments","floor":6.0,"key":"SMITH"},{"floor":12,"key":"RECALL"},{"data":"Body Slam","floor":15,"key":"SMITH"},{"floor":25,"key":"REST"},{"data":"1","floor":32,"key":"LIFT"},{"data":"2","floor":49,"key":"LIFT"},{"data":"3","floor":53,"key":"LIFT"}],"circlet_count":0,"master_deck":["AscendersBane","True Grit","Shrug It Off","Entrench","Body Slam+1","Second Wind","Uppercut","Evolve","Armaments+1","Feel No Pain","Immolate","Disarm","Power Through","Impervious","Battle Trance","Master of Strategy","Offering","Discovery"],"relics":["Burning Blood","Bird Faced Urn","FaceOfCleric","Golden Idol","HornCleat","TungstenRod","Old Coin","Centennial Puzzle","Mummified Hand","Fusion Hammer","ClockworkSouvenir","CaptainsWheel","Bottled Lightning","Lizard Tail","Girya","Nunchaku","Lantern","OrangePellets","Black Star","StoneCalendar","Mango","Bag of Preparation","Toy Ornithopter","Bottled Tornado","Strawberry","Smiling Mask","Dead Branch","Thread and Needle","Singing Bowl","Gambling Chip","Akabeko","Oddly Smooth Stone","Art of War","Membership Card","Self Forming Clay","Red Skull"],"acts_visited":["Exordium","TheCity","TheBeyond","TheEnding"],"potions_floor_usage":[8,16,24,33,56,56],"damage_taken":[{"damage":0.0,"enemies":"Small Slimes","floor":1.0,"turns":4.0},{"damage":0.0,"enemies":"Cultist","floor":3.0,"turns":3.0},{"damage":0.0,"enemies":"2 Louse","floor":4.0,"turns":1.0},{"damage":40,"enemies":"Gremlin Nob","floor":7,"turns":6},{"damage":0,"enemies":"Lagavulin","floor":8,"turns":7},{"damage":0,"enemies":"3 Sentries","floor":11,"turns":7},{"damage":0,"enemies":"Lagavulin","floor":13,"turns":7},{"damage":7,"enemies":"Looter","floor":14,"turns":3},{"damage":1,"enemies":"Hexaghost","floor":16,"turns":8},{"damage":0,"enemies":"2 Thieves","floor":18,"turns":3},{"damage":0,"enemies":"Chosen","floor":20,"turns":3},{"damage":6,"enemies":"Shelled Parasite and Fungi","floor":22,"turns":4},{"damage":0,"enemies":"Book of Stabbing","floor":23,"turns":5},{"damage":2,"enemies":"Gremlin Leader","floor":24,"turns":5},{"damage":0,"enemies":"Book of Stabbing","floor":28,"turns":4},{"damage":0,"enemies":"Gremlin Leader","floor":30,"turns":7},{"damage":15,"enemies":"Collector","floor":33,"turns":7},{"damage":0,"enemies":"Orb Walker","floor":35,"turns":4},{"damage":0,"enemies":"Mind Bloom Boss Battle","floor":36,"turns":5},{"damage":11,"enemies":"2 Orb Walkers","floor":38,"turns":3},{"damage":8,"enemies":"3 Shapes","floor":39,"turns":3},{"damage":0,"enemies":"Nemesis","floor":41,"turns":9},{"damage":0,"enemies":"Sphere and 2 Shapes","floor":42,"turns":3},{"damage":0,"enemies":"Giant Head","floor":44,"turns":5},{"damage":0,"enemies":"Nemesis","floor":45,"turns":5},{"damage":5,"enemies":"Writhing Mass","floor":46,"turns":2},{"damage":5,"enemies":"Giant Head","floor":47,"turns":2},{"damage":5,"enemies":"Reptomancer","floor":48,"turns":2},{"damage":5,"enemies":"Time Eater","floor":50,"turns":8},{"damage":7,"enemies":"Awakened One","floor":51,"turns":3},{"damage":5,"enemies":"Shield and Spear","floor":55,"turns":3},{"damage":91,"enemies":"The Heart","floor":56,"turns":9}],"seed_played":"4119420058419130462","potions_obtained":[{"floor":3.0,"key":"Block Potion"},{"floor":4.0,"key":"Regen Potion"},{"floor":10,"key":"Dexterity Potion"},{"floor":18,"key":"AttackPotion"},{"floor":24,"key":"LiquidMemories"},{"floor":35,"key":"Explosive Potion"}],"is_trial":true,"path_per_floor":["M","?","M","M","?","R","E","E","T","?","E","R","E","M","R","B",null,"M","$","M","T","M","E","E","R","T","?","E","?","E","$","R","B",null,"M","?","?","?","M","$","E","M","T","E","E","M","E","E","R","B","B",null,"R","$","E","B",null],"character_chosen":"IRONCLAD","items_purchased":["ClockworkSouvenir","CaptainsWheel","OrangePellets","Bag of Preparation","Membership Card","Discovery","LiquidBronze"],"campfire_rested":1,"item_purchase_floors":[19,19,31,40,54,54,54],"current_hp_per_floor":[75,75,76,77,51,51,20,46,46,46,57,57,68,72,72,82,83,84,84,85,85,86,87,88,88,88,88,89,89,90,90,90,82,89,92,93,84,98,101,101,110,111,118,119,120,123,126,129,129,130,131,131,131,131,134,65],"gold":72,"neow_bonus":"","is_daily":false,"chose_seed":false,"campfire_upgraded":2,"win_rate":0.0,"timestamp":1612600094,"path_taken":["M","?","?","M","?","R","E","E","T","?","E","R","E","?","R","BOSS","M","$","?","?","?","E","E","R","T","?","E","?","E","$","R","BOSS","M","?","?","?","M","?","E","?","T","E","E","M","E","E","R","BOSS","BOSS","R","$","E","BOSS"],"items_purchased_type":["Relic","Relic","Relic","Relic","Relic","Card","Potion"],"build_version":"2020-12-22","purchased_purges":3,"victory":true,"max_hp_per_floor":[75,75,76,77,77,77,78,79,79,79,80,80,81,82,82,83,83,84,84,85,85,86,87,88,88,88,88,89,89,90,90,90,91,91,92,93,93,108,109,109,110,111,118,119,120,123,126,129,129,130,131,131,131,131,134,135],"card_choices":[{"not_picked":["Intimidate","Inflame"],"picked":"Feel No Pain","floor":1.0},{"not_picked":["Dropkick","Twin Strike","Thunderclap"],"picked":"SKIP","floor":3.0},{"not_picked":["Bloodletting","Searing Blow","Cleave"],"picked":"SKIP","floor":4.0},{"not_picked":["Sword Boomerang","Burning Pact","Clothesline"],"picked":"SKIP","floor":7},{"not_picked":["Havoc","Blood for Blood","Spot Weakness"],"picked":"SKIP","floor":8},{"not_picked":["Anger","Heavy Blade","Rampage"],"picked":"SKIP","floor":11},{"not_picked":["Feel No Pain","Wild Strike","Iron Wave"],"picked":"SKIP","floor":13},{"not_picked":["Pummel","Dual Wield","Clash"],"picked":"SKIP","floor":14},{"not_picked":["Reaper","Feed"],"picked":"Immolate","floor":16},{"not_picked":["Clash","Heavy Blade","Spot Weakness"],"picked":"SKIP","floor":18},{"not_picked":["Metallicize","Dark Embrace","Pommel Strike+1"],"picked":"SKIP","floor":20},{"not_picked":["Armaments","Heavy Blade"],"picked":"Disarm","floor":22},{"not_picked":["Armaments","Berserk","Disarm"],"picked":"SKIP","floor":23},{"not_picked":["Shrug It Off+1","Blood for Blood","Rampage"],"picked":"SKIP","floor":24},{"not_picked":["Wild Strike","Carnage","Rage"],"picked":"SKIP","floor":28},{"not_picked":["Clash","Cleave","Anger+1"],"picked":"SKIP","floor":30},{"not_picked":["Juggernaut","Fiend Fire"],"picked":"Impervious","floor":33},{"not_picked":["Pommel Strike","Warcry"],"picked":"Battle Trance","floor":35},{"not_picked":["Flash of Steel","Dramatic Entrance"],"picked":"Finesse","floor":37},{"not_picked":["Finesse","Secret Weapon"],"picked":"Master of Strategy","floor":37},{"not_picked":["Warcry+1","Rupture","Body Slam+1"],"picked":"SKIP","floor":39},{"not_picked":["Thunderclap+1","Fire Breathing+1","Wild Strike+1"],"picked":"SKIP","floor":41},{"not_picked":["Rampage+1","Seeing Red","Carnage"],"picked":"SKIP","floor":42},{"not_picked":["Dropkick","Heavy Blade","Searing Blow"],"picked":"SKIP","floor":44},{"not_picked":["Sever Soul","Bloodletting"],"picked":"Offering","floor":45},{"not_picked":["Body Slam","Pommel Strike","Uppercut"],"picked":"Singing Bowl","floor":46},{"not_picked":["Armaments","Anger","Clothesline"],"picked":"Singing Bowl","floor":47},{"not_picked":["Seeing Red","Havoc+1","Burning Pact"],"picked":"Singing Bowl","floor":48},{"not_picked":["Body Slam","Evolve","Clothesline"],"picked":"Singing Bowl","floor":55}],"player_experience":4490073,"relics_obtained":[{"floor":7,"key":"HornCleat"},{"floor":8,"key":"TungstenRod"},{"floor":9,"key":"Old Coin"},{"floor":11,"key":"Centennial Puzzle"},{"floor":13,"key":"Mummified Hand"},{"floor":23,"key":"Bottled Lightning"},{"floor":24,"key":"Lizard Tail"},{"floor":26,"key":"Girya"},{"floor":28,"key":"Nunchaku"},{"floor":30,"key":"Lantern"},{"floor":36,"key":"StoneCalendar"},{"floor":38,"key":"Mango"},{"floor":41,"key":"Toy Ornithopter"},{"floor":41,"key":"Bottled Tornado"},{"floor":43,"key":"Strawberry"},{"floor":44,"key":"Smiling Mask"},{"floor":44,"key":"Dead Branch"},{"floor":45,"key":"Thread and Needle"},{"floor":45,"key":"Singing Bowl"},{"floor":47,"key":"Gambling Chip"},{"floor":47,"key":"Akabeko"},{"floor":48,"key":"Oddly Smooth Stone"},{"floor":48,"key":"Art of War"},{"floor":55,"key":"Self Forming Clay"},{"floor":55,"key":"Red Skull"}],"event_choices":[{"damage_healed":0.0,"max_hp_gain":0.0,"max_hp_loss":0.0,"gold_gain":0.0,"event_name":"FaceTrader","player_choice":"Trade","floor":2.0,"gold_loss":0.0,"damage_taken":0.0,"relics_obtained":["FaceOfCleric"]},{"damage_healed":0.0,"max_hp_gain":0.0,"max_hp_loss":0.0,"gold_gain":0.0,"event_name":"Golden Idol","player_choice":"Take Damage","floor":5.0,"gold_loss":0.0,"damage_taken":26.0,"relics_obtained":["Golden Idol"]},{"damage_healed":0,"gold_gain":0,"player_choice":"Bought 1 Potion","damage_taken":0,"max_hp_gain":0,"max_hp_loss":0,"event_name":"The Woman in Blue","floor":10,"gold_loss":0},{"damage_healed":0,"gold_gain":0,"player_choice":"Ignored","damage_taken":0,"max_hp_gain":0,"max_hp_loss":0,"event_name":"Cursed Tome","floor":27,"gold_loss":0},{"damage_healed":0,"gold_gain":0,"player_choice":"Read","damage_taken":0,"max_hp_gain":0,"max_hp_loss":0,"event_name":"The Library","floor":29,"gold_loss":0,"cards_obtained":["Power Through"]},{"damage_healed":0,"gold_gain":0,"player_choice":"Fight","damage_taken":0,"max_hp_gain":0,"max_hp_loss":0,"event_name":"MindBloom","floor":36,"gold_loss":0},{"damage_healed":0,"gold_gain":0,"player_choice":"Memory 3","damage_taken":10,"max_hp_gain":0,"max_hp_loss":0,"event_name":"SensoryStone","floor":37,"gold_loss":0},{"damage_healed":0,"gold_gain":0,"player_choice":"Fight","damage_taken":0,"max_hp_gain":0,"max_hp_loss":0,"event_name":"Mysterious Sphere","floor":38,"gold_loss":0}],"is_beta":false,"boss_relics":[{"not_picked":["SlaversCollar","Runic Cube"],"picked":"Fusion Hammer"},{"not_picked":["Astrolabe","Philosopher\u0027s Stone"],"picked":"Black Star"}],"items_purged_floors":[19,31,54],"is_endless":false,"potions_floor_spawned":[3,4,11,14,18,24,28,30,35,36,41,44,46,47,48],"ascension_level":20}}