{"host":"z9a4j4a70g1iinja","time":1612579539,"event":{"mods":["BaseMod","Better Note","BetterRewards","Colored Map","Colored Powertips","Downfall","Minty Spire (QoL Compilation)","Quick Restart","Rare Cards Sparkle","StSLib"],"gold_per_floor":[117,117,172,133,143,143,171,189,214,243,243,273,273,0,0,97,97,107,17,35,35,35,35,135,135,159,172,182,201,227,242,242,345,395,415,434,160,176,226,226,226,226,226,260,260,288,288,48,48,48],"floor_reached":51,"language":"ENG","playtime":1850,"items_purged":["Strike_B","Defend_B","Strike_B"],"score":754,"play_id":"8ae566e6-73d7-4781-8d60-e782c2ed07bb","local_time":"20210205214539","is_ascension_mode":false,"campfire_choices":[{"data":"Zap","floor":6,"key":"SMITH"},{"floor":11,"key":"REST"},{"data":"Dualcast","floor":13,"key":"SMITH"},{"data":"Defragment","floor":15,"key":"SMITH"},{"data":"Reinforced Body","floor":23,"key":"SMITH"},{"data":"Leap","floor":25,"key":"SMITH"},{"floor":32,"key":"REST"},{"data":"Echo Form","floor":40,"key":"SMITH"},{"data":"Glacier","floor":42,"key":"SMITH"},{"data":"Sweeping Beam","floor":45,"key":"SMITH"},{"data":"Loop","floor":49,"key":"SMITH"}],"circlet_count":0,"master_deck":["Strike_B+1","Defend_B","Defend_B+1","Zap+1","Dualcast+1","Streamline","Lockon","Sweeping Beam+1","BootSequence+1","Melter","Leap+1","Multi-Cast+1","Glacier+1","Defragment+1","Reinforced Body+1","Electrodynamics","Blizzard+1","Loop+1","Doom and Gloom","Echo Form+1","Self Repair+1","Stack+1","Glacier+1"],"relics":["Cracked Core","Toy Ornithopter","Vajra","MealTicket","Blood Vial","Odd Mushroom","Mango","SacredBark","Pen Nib","Eternal Feather","Tiny House","Anchor","Torii","Pocketwatch","Centennial Puzzle","Ancient Tea Set","Mercury Hourglass"],"acts_visited":["Exordium","TheCity","TheBeyond"],"potions_floor_usage":[7,12,27,30,30,31,33,35,36,36,44,44,50],"damage_taken":[{"damage":0,"enemies":"Small Slimes","floor":1,"turns":2},{"damage":0,"enemies":"2 Louse","floor":5,"turns":2},{"damage":6,"enemies":"Gremlin Nob","floor":7,"turns":3},{"damage":1,"enemies":"Jaw Worm","floor":8,"turns":2},{"damage":18,"enemies":"The Mushroom Lair","floor":10,"turns":3},{"damage":13,"enemies":"Lagavulin","floor":12,"turns":5},{"damage":21,"enemies":"The Guardian","floor":16,"turns":12},{"damage":7,"enemies":"3 Byrds","floor":18,"turns":3},{"damage":12,"enemies":"Spheric Guardian","floor":20,"turns":4},{"damage":21,"enemies":"Shelled Parasite and Fungi","floor":27,"turns":4},{"damage":19,"enemies":"3 Cultists","floor":28,"turns":5},{"damage":19,"enemies":"Sentry and Sphere","floor":29,"turns":4},{"damage":40,"enemies":"Slavers","floor":30,"turns":7},{"damage":13,"enemies":"Shelled Parasite and Fungi","floor":31,"turns":5},{"damage":30,"enemies":"Champ","floor":33,"turns":13},{"damage":5,"enemies":"3 Shapes","floor":35,"turns":2},{"damage":16,"enemies":"3 Darklings","floor":36,"turns":5},{"damage":24,"enemies":"Spire Growth","floor":38,"turns":7},{"damage":11,"enemies":"Mind Bloom Boss Battle","floor":39,"turns":5},{"damage":11,"enemies":"Reptomancer","floor":44,"turns":7},{"damage":2,"enemies":"Nemesis","floor":46,"turns":13},{"damage":3,"enemies":"Donu and Deca","floor":50,"turns":13}],"seed_played":"2539646079715325318","potions_obtained":[{"floor":5,"key":"SneckoOil"},{"floor":10,"key":"Ancient Potion"},{"floor":16,"key":"FearPotion"},{"floor":20,"key":"FearPotion"},{"floor":28,"key":"Swift Potion"},{"floor":29,"key":"FearPotion"},{"floor":30,"key":"SteroidPotion"},{"floor":33,"key":"Explosive Potion"},{"floor":34,"key":"Fire Potion"},{"floor":35,"key":"PowerPotion"},{"floor":38,"key":"Weak Potion"},{"floor":39,"key":"LiquidBronze"},{"floor":46,"key":"Energy Potion"}],"is_trial":false,"path_per_floor":["M","?","?","?","M","R","E","M","T","?","R","E","R","$","R","B",null,"M","?","M","?","$","R","?","R","T","M","M","M","E","M","R","B",null,"M","M","$","M","?","R","?","R","T","E","R","E","?","$","R","B",null],"character_chosen":"DEFECT","items_purchased":["Toy Ornithopter","Vajra","Streamline","FearPotion","Lockon","Glacier","Defragment","Reinforced Body","Anchor","Mercury Hourglass"],"campfire_rested":2,"item_purchase_floors":[0,0,0,0,0,14,14,14,37,48],"current_hp_per_floor":[75,60,60,60,60,60,59,58,58,42,64,72,72,87,87,68,89,82,82,72,72,87,87,87,87,87,71,54,37,9,3,41,18,94,94,94,94,80,81,93,93,94,94,93,94,94,94,94,94,94],"gold":48,"neow_bonus":"","is_daily":false,"chose_seed":false,"campfire_upgraded":9,"win_rate":0.0,"timestamp":1612579539,"path_taken":["M","?","?","?","M","R","E","?","T","?","R","E","R","$","R","BOSS","M","?","M","?","?","R","?","R","T","M","M","M","E","M","R","BOSS","M","M","$","M","?","R","?","R","T","E","R","E","?","$","R","BOSS"],"items_purchased_type":["Relic","Relic","Card","Potion","Card","Card","Card","Card","Relic","Relic"],"build_version":"2020-12-22","purchased_purges":3,"victory":true,"max_hp_per_floor":[75,75,75,75,75,75,75,75,75,75,75,89,89,89,89,89,89,89,89,89,89,89,89,89,89,89,89,89,89,89,89,89,89,94,94,94,94,94,94,94,94,94,94,94,94,94,94,94,94,94],"card_choices":[{"not_picked":["Conserve Battery","Turbo"],"picked":"Sweeping Beam","floor":1},{"not_picked":["Chill","Cold Snap"],"picked":"BootSequence","floor":5},{"not_picked":["Steam","Rebound"],"picked":"Melter","floor":7},{"not_picked":["Redo","Steam Power"],"picked":"Leap","floor":8},{"not_picked":["Streamline","Reprogram"],"picked":"Multi-Cast","floor":10},{"not_picked":["Force Field","Melter","Barrage"],"picked":"SKIP","floor":12},{"not_picked":["Seek","Buffer"],"picked":"Electrodynamics","floor":16},{"not_picked":["Rebound+1","Genetic Algorithm"],"picked":"Blizzard+1","floor":18},{"not_picked":["Leap","Capacitor"],"picked":"Loop","floor":20},{"not_picked":["Cold Snap","Double Energy","Beam Cell"],"picked":"SKIP","floor":27},{"not_picked":["Barrage","Cold Snap","Tempest"],"picked":"SKIP","floor":28},{"not_picked":["Rebound+1","Compile Driver","Coolheaded+1"],"picked":"SKIP","floor":29},{"not_picked":["Static Discharge","Darkness","Melter"],"picked":"SKIP","floor":30},{"not_picked":["Chaos","Stack"],"picked":"Doom and Gloom","floor":31},{"not_picked":["Machine Learning","Reboot"],"picked":"Echo Form","floor":33},{"not_picked":["Chaos+1","Streamline"],"picked":"Self Repair+1","floor":35},{"not_picked":["Rebound+1","Sweeping Beam+1","Steam+1"],"picked":"SKIP","floor":36},{"not_picked":["Turbo+1","Conserve Battery+1","Melter+1"],"picked":"SKIP","floor":38},{"not_picked":["Steam+1","Go for the Eyes"],"picked":"Stack+1","floor":39},{"not_picked":["Gash","Hologram","FTL"],"picked":"SKIP","floor":44},{"not_picked":["Amplify","Conserve Battery"],"picked":"Glacier+1","floor":46}],"player_experience":14887,"relics_obtained":[{"floor":7,"key":"MealTicket"},{"floor":9,"key":"Blood Vial"},{"floor":10,"key":"Odd Mushroom"},{"floor":12,"key":"Mango"},{"floor":26,"key":"Pen Nib"},{"floor":30,"key":"Eternal Feather"},{"floor":39,"key":"Torii"},{"floor":43,"key":"Pocketwatch"},{"floor":44,"key":"Centennial Puzzle"},{"floor":46,"key":"Ancient Tea Set"}],"event_choices":[{"damage_healed":0,"gold_gain":0,"player_choice":"Entered Light","damage_taken":15,"max_hp_gain":0,"max_hp_loss":0,"event_name":"Shining Light","floor":2,"gold_loss":0,"cards_upgraded":["Strike_B","Defend_B"]},{"damage_healed":0,"gold_gain":55,"player_choice":"Gained Gold","damage_taken":0,"max_hp_gain":0,"max_hp_loss":0,"event_name":"Golden Wing","floor":3,"gold_loss":0},{"damage_healed":0,"gold_gain":0,"player_choice":"Left Gold","damage_taken":0,"max_hp_gain":0,"max_hp_loss":0,"event_name":"World of Goop","floor":4,"gold_loss":39},{"damage_healed":0,"gold_gain":0,"player_choice":"Fought Mushrooms","damage_taken":0,"max_hp_gain":0,"max_hp_loss":0,"event_name":"Mushrooms","floor":10,"gold_loss":0},{"cards_removed":["Strike_B"],"damage_healed":0,"gold_gain":0,"player_choice":"Upgrade and Remove","damage_taken":0,"max_hp_gain":0,"max_hp_loss":0,"event_name":"Designer","floor":19,"gold_loss":90,"cards_upgraded":["BootSequence"]},{"damage_healed":0,"gold_gain":0,"player_choice":"Forge","damage_taken":0,"max_hp_gain":0,"max_hp_loss":0,"event_name":"Accursed Blacksmith","floor":21,"gold_loss":0,"cards_upgraded":["Multi-Cast"]},{"damage_healed":0,"gold_gain":100,"player_choice":"Pray","damage_taken":0,"max_hp_gain":0,"max_hp_loss":0,"event_name":"Golden Shrine","floor":24,"gold_loss":0},{"damage_healed":0,"gold_gain":0,"player_choice":"Fight","damage_taken":0,"max_hp_gain":0,"max_hp_loss":0,"event_name":"MindBloom","floor":39,"gold_loss":0},{"cards_removed":["Defend_B"],"damage_healed":0,"gold_gain":0,"player_choice":"Removed Skill","damage_taken":0,"max_hp_gain":0,"max_hp_loss":0,"event_name":"Falling","floor":41,"gold_loss":0},{"damage_healed":0,"gold_gain":0,"player_choice":"Ignored","damage_taken":0,"max_hp_gain":0,"max_hp_loss":0,"event_name":"Mysterious Sphere","floor":47,"gold_loss":0}],"is_beta":false,"boss_relics":[{"not_picked":["Velvet Choker","Snecko Eye"],"picked":"SacredBark"},{"not_picked":["Runic Pyramid","Runic Dome"],"picked":"Tiny House"}],"items_purged_floors":[0,14,37],"is_endless":false,"potions_floor_spawned":[5,10,16,20,28,29,30,33,35,38,39,46],"ascension_level":0}}