{"host":"hf83sijwe64ts2lm","time":1612646766,"event":{"mods":["2.2 Compatiblity","BaseMod","Better Altar","Better Match","Better Note","Better Sensory Stone","Better Skull","Better Third Choice","Colored Map","Colored Powertips","Highlight Path","Hubris","Infinite Spire","Minty Spire (QoL Compilation)","Quick Restart","Rare Cards Sparkle","Relic Stats","Reliquary","Replay The Spire","Shop Mod","Spicy Shops","Spire Arcade","StSLib","Thieving Mod"],"gold_per_floor":[115,115,126,126,144,173,173,185,185,185,185,200,200,219,219,322,322,338,338,338,388,406,406,423,423,494,504,40,40,40,53,53,153,153,181,181,204,204,204,204,204],"floor_reached":40,"language":"ENG","playtime":901,"items_purged":[],"score":697,"play_id":"204798b9-682c-4119-af05-17b29d0aba29","local_time":"20210206162606","is_ascension_mode":true,"campfire_choices":[{"floor":7,"key":"REST"},{"floor":11,"key":"REST"},{"floor":13,"key":"REST"},{"floor":15,"key":"RECALL"},{"floor":23,"key":"REST"},{"floor":29,"key":"REST"},{"floor":32,"key":"REST"}],"circlet_count":0,"master_deck":["Strike_B","Strike_B","Strike_B+1","Strike_B","Defend_B+1","Defend_B","Defend_B","Defend_B+1","Zap+1","Dualcast","Storm","Ball Lightning+1","Consume+1","Beam Cell+1","Conserve Battery","Hologram+1","Cold Snap","Core Surge","Steam","Barrage","Hologram","Loop","Hallucinations","ReplayTheSpireMod:Omega Cannon","Electrodynamics+1","Conserve Battery+1","Double Energy","All For One","Conserve Battery","Tempest+1","Survey Options","Dramatic Entrance"],"relics":["Cracked Core","Simple Rune","Bottled Lightning","reliquary:WritOfMandamus","Nilry\u0027s Codex","Tiny House","Ring of Hypnosis","Ring of Peace","infinitespire:CheckeredPen","Gremlin Food","reliquary:BallBearing","infinitespire:EvilPickle","Black Star","hubris:Towel","reliquary:WeakTea"],"acts_visited":["Exordium","TheCity","TheBeyond"],"potions_floor_usage":[6,14,16,13022,22,27,33,33,35,40,40],"damage_taken":[{"damage":4,"enemies":"Jaw Worm","floor":1,"turns":3},{"damage":4,"enemies":"2 Louse","floor":3,"turns":4},{"damage":0,"enemies":"Cultist","floor":5,"turns":3},{"damage":35,"enemies":"Lagavulin","floor":6,"turns":5},{"damage":8,"enemies":"Large Slime","floor":8,"turns":4},{"damage":1,"enemies":"Blue Slaver","floor":12,"turns":3},{"damage":0,"enemies":"3 Louse","floor":14,"turns":3},{"damage":52,"enemies":"Slime Boss","floor":16,"turns":11},{"damage":11,"enemies":"Spheric Guardian","floor":18,"turns":3},{"damage":15,"enemies":"3 Byrds","floor":22,"turns":4},{"damage":18,"enemies":"Centurion and Healer","floor":24,"turns":6},{"damage":12,"enemies":"Snake Plant","floor":27,"turns":4},{"damage":20,"enemies":"Shelled Parasite and Fungi","floor":31,"turns":4},{"damage":35,"enemies":"Pondfish","floor":33,"turns":9},{"damage":7,"enemies":"Orb Walker","floor":35,"turns":3},{"damage":18,"enemies":"3 Darklings","floor":37,"turns":3},{"damage":51,"enemies":"Reptomancer","floor":40,"turns":3}],"seed_played":"-562245264508848471","potions_obtained":[{"floor":1,"key":"FocusPotion"},{"floor":5,"key":"Elixir"},{"floor":12,"key":"ColorlessPotion"},{"floor":14,"key":"LifebloodPotion"},{"floor":21,"key":"Elixir"},{"floor":24,"key":"Adrenaline Potion"},{"floor":31,"key":"Swift Potion"},{"floor":33,"key":"AttackPotion"},{"floor":37,"key":"Block Potion"}],"is_trial":false,"path_per_floor":["M","?","M","?","M","E","R","M","T","?","R","M","R","M","R","B",null,"M","?","?","AVR","M","R","M","?","T","M","$","R","$","M","R","B",null,"M","?","M","?","AVR","E"],"character_chosen":"DEFECT","items_purchased":["Electrodynamics","Gremlin Food","Conserve Battery+1","reliquary:BallBearing"],"campfire_rested":6,"item_purchase_floors":[28,28,28,28],"current_hp_per_floor":[64,64,60,45,45,10,32,24,24,24,46,45,67,67,67,15,60,49,33,15,20,29,53,35,35,35,23,23,47,47,27,51,16,64,57,57,39,39,39,0,0],"gold":204,"neow_bonus":"RANDOM_COMMON_RELIC","is_daily":false,"chose_seed":false,"campfire_upgraded":0,"win_rate":0.0,"timestamp":1612646766,"path_taken":["M","?","M","?","M","E","R","M","T","?","R","M","R","?","R","BOSS","M","?","?","AVR","M","R","M","?","T","M","$","R","?","?","R","BOSS","M","?","M","?","AVR","E"],"items_purchased_type":["Card","Relic","Card","Relic"],"build_version":"2020-12-22","purchased_purges":0,"victory":false,"max_hp_per_floor":[75,75,75,75,75,75,75,75,75,75,75,75,75,75,75,75,75,75,75,75,80,80,80,80,80,80,80,80,80,80,80,80,80,80,80,80,80,80,80,80,80],"relic_stats":{"counters":[17,75],"Black Star":0,"obtain_stats":[{"Gremlin Food":28,"Tiny House":21,"Ring of Hypnosis":25,"Nilry\u0027s Codex":19,"infinitespire:CheckeredPen":26,"reliquary:WeakTea":39,"hubris:Towel":36,"infinitespire:EvilPickle":33,"Ring of Peace":25,"Simple Rune":0,"reliquary:BallBearing":28,"Black Star":34,"Bottled Lightning":6,"reliquary:WritOfMandamus":17,"Cracked Core":0},{"Gremlin Food":12,"Tiny House":9,"Ring of Hypnosis":11,"Nilry\u0027s Codex":9,"infinitespire:CheckeredPen":11,"reliquary:WeakTea":16,"hubris:Towel":15,"infinitespire:EvilPickle":14,"Ring of Peace":11,"Simple Rune":0,"reliquary:BallBearing":12,"Black Star":14,"Bottled Lightning":4,"reliquary:WritOfMandamus":8,"Cracked Core":0},{"Gremlin Food":53,"Tiny House":39,"Ring of Hypnosis":49,"Nilry\u0027s Codex":39,"infinitespire:CheckeredPen":49,"reliquary:WeakTea":72,"hubris:Towel":69,"infinitespire:EvilPickle":66,"Ring of Peace":49,"Simple Rune":0,"reliquary:BallBearing":53,"Black Star":66,"Bottled Lightning":15,"reliquary:WritOfMandamus":36,"Cracked Core":0}]},"card_choices":[{"not_picked":["Gash","Sweeping Beam"],"picked":"Storm","floor":1},{"not_picked":["Genetic Algorithm","Hologram"],"picked":"Ball Lightning","floor":3},{"not_picked":["Rebound","ReplayTheSpireMod:Repulse"],"picked":"Consume","floor":5},{"not_picked":["Aggregate","Streamline"],"picked":"Beam Cell","floor":6},{"not_picked":["ReplayTheSpireMod:System Scan","Beam Cell"],"picked":"Conserve Battery","floor":8},{"not_picked":["Skim","Scrape"],"picked":"Hologram","floor":12},{"not_picked":["Recycle","Stack"],"picked":"Cold Snap","floor":14},{"not_picked":["Buffer","Hyperbeam"],"picked":"Core Surge","floor":16},{"not_picked":["Coolheaded","Rebound"],"picked":"Steam","floor":18},{"not_picked":["Rip and Tear","Aggregate"],"picked":"Barrage","floor":21},{"not_picked":["Steam Power","Time Bomb"],"picked":"Hologram","floor":22},{"not_picked":["Recycle+1","Stack"],"picked":"Loop","floor":24},{"not_picked":["Go for the Eyes","Streamline"],"picked":"ReplayTheSpireMod:Omega Cannon","floor":27},{"not_picked":["ReplaySort","Redo"],"picked":"Double Energy","floor":31},{"not_picked":["Fission","Multi-Cast"],"picked":"All For One","floor":33},{"not_picked":["Go for the Eyes","Barrage"],"picked":"Conserve Battery","floor":35},{"not_picked":["Sweeping Beam+1","Turbo"],"picked":"Tempest+1","floor":37},{"not_picked":["Blind","Purity"],"picked":"Survey Options","floor":38},{"not_picked":["ReplayTheSpireMod:Uncanny Aura","Secret Weapon"],"picked":"Dramatic Entrance","floor":38}],"player_experience":147642,"relics_obtained":[{"floor":6,"key":"Bottled Lightning"},{"floor":19,"key":"Nilry\u0027s Codex"},{"floor":25,"key":"Ring of Hypnosis"},{"floor":25,"key":"Ring of Peace"},{"floor":26,"key":"infinitespire:CheckeredPen"}],"event_choices":[{"damage_healed":60,"gold_gain":0,"player_choice":"Upgrade","damage_taken":15,"max_hp_gain":0,"max_hp_loss":75,"event_name":"betterThird:BetterShining","floor":4,"gold_loss":0,"cards_upgraded":["Ball Lightning","Defend_B"]},{"damage_healed":0,"gold_gain":0,"player_choice":"Obtained Book","damage_taken":16,"max_hp_gain":0,"max_hp_loss":0,"event_name":"Cursed Tome","floor":19,"gold_loss":0},{"damage_healed":0,"gold_gain":0,"player_choice":" Potion ","damage_taken":18,"relics_obtained":[],"max_hp_gain":33,"max_hp_loss":15,"event_name":"betterAltar:BetterAltar","floor":20,"potions_obtained":["betterAltar:AltarPotion"],"relics_lost":[],"gold_loss":0},{"damage_healed":0,"gold_gain":3,"player_choice":"1","damage_taken":0,"max_hp_gain":0,"max_hp_loss":0,"event_name":"betterStone:BetterStone","floor":38,"gold_loss":0}],"is_beta":false,"boss_relics":[{"not_picked":["Kintsugi","Busted Crown"],"picked":"reliquary:WritOfMandamus"},{"not_picked":["Painkiller Herb","hubris:TerracottaHorce"],"picked":"Black Star"}],"items_purged_floors":[],"is_endless":false,"potions_floor_spawned":[1,5,12,14,24,31,33,37],"killed_by":"Reptomancer","ascension_level":6}}