{"host":"q8mjpf3krl0t4p3x","time":1612633921,"event":{"mods":["BaseMod","Colored Map","Colored Powertips","Googly Eyes","Minty Spire (QoL Compilation)","Quick Restart","StSLib","everything is the same but u backflip on backflip","slay the spire mod where everything is the same but ironclad has a cowboy hat"],"gold_per_floor":[112,112,112,112,112,141,141,169,220,235,235,235],"floor_reached":11,"language":"ENG","playtime":278,"items_purged":[],"score":122,"play_id":"2c94c6ca-f399-4591-b93c-725124c84d30","local_time":"20210206095201","is_ascension_mode":true,"campfire_choices":[{"floor":7.0,"key":"REST"}],"circlet_count":0,"master_deck":["AscendersBane","Strike_R","Strike_R","Strike_R","Strike_R","Strike_R","Defend_R","Defend_R","Defend_R","Defend_R","Bash","Flex+1","Battle Trance","Anger","Inflame"],"relics":["Burning Blood","Vajra","Dream Catcher","Prayer Wheel","Self Forming Clay","Red Skull"],"acts_visited":["Exordium"],"potions_floor_usage":[],"damage_taken":[{"damage":7.0,"enemies":"2 Louse","floor":1.0,"turns":2.0},{"damage":55.0,"enemies":"3 Sentries","floor":6.0,"turns":12.0},{"damage":53.0,"enemies":"Lagavulin","floor":8.0,"turns":7.0},{"damage":0.0,"enemies":"Small Slimes","floor":10.0,"turns":3.0},{"damage":10,"enemies":"3 Sentries","floor":11,"turns":4}],"seed_played":"-1087823877477678837","potions_obtained":[{"floor":1.0,"key":"BloodPotion"}],"is_trial":false,"path_per_floor":["M","?","?","$","?","E","R","E","T","M","E"],"character_chosen":"IRONCLAD","items_purchased":[],"campfire_rested":1,"item_purchase_floors":[],"current_hp_per_floor":[71,64,64,64,64,31,55,8,8,14,4,4],"gold":235,"neow_bonus":"RANDOM_COMMON_RELIC","is_daily":false,"chose_seed":false,"campfire_upgraded":0,"win_rate":0.0,"timestamp":1612633921,"path_taken":["M","?","?","$","?","E","R","E","T","?","E"],"items_purchased_type":[],"build_version":"2020-12-22","purchased_purges":0,"victory":false,"max_hp_per_floor":[80,80,80,80,80,80,80,80,80,80,80,80],"card_choices":[{"not_picked":["Bloodletting","Dark Embrace"],"picked":"Flex","floor":1.0},{"not_picked":["Sword Boomerang","Metallicize","Sentinel"],"picked":"SKIP","floor":6.0},{"not_picked":["Body Slam","Sentinel"],"picked":"Battle Trance","floor":8.0},{"not_picked":["Infernal Blade","Intimidate"],"picked":"Anger","floor":10.0},{"not_picked":["Warcry","Armaments"],"picked":"Inflame","floor":10.0}],"player_experience":321708,"relics_obtained":[{"floor":6.0,"key":"Prayer Wheel"},{"floor":8.0,"key":"Self Forming Clay"},{"floor":9.0,"key":"Red Skull"}],"event_choices":[{"damage_healed":0.0,"max_hp_gain":0.0,"max_hp_loss":0.0,"gold_gain":0.0,"event_name":"Scrap Ooze","player_choice":"Success","floor":2.0,"gold_loss":0.0,"damage_taken":7.0,"relics_obtained":["Dream Catcher"]},{"damage_healed":0.0,"max_hp_gain":0.0,"max_hp_loss":0.0,"gold_gain":0.0,"event_name":"Shining Light","player_choice":"Ignored","floor":3.0,"gold_loss":0.0,"damage_taken":0.0},{"damage_healed":0.0,"max_hp_gain":0.0,"max_hp_loss":0.0,"gold_gain":0.0,"event_name":"Accursed Blacksmith","player_choice":"Forge","floor":5.0,"gold_loss":0.0,"damage_taken":0.0,"cards_upgraded":["Flex"]}],"is_beta":false,"boss_relics":[],"items_purged_floors":[],"is_endless":false,"potions_floor_spawned":[1],"killed_by":"3 Sentries","ascension_level":11}}