{"host":"sav7uxregyirlf69","time":1612575895,"event":{"mods":["AchievementEnabler","BaseMod","Colored Map","DeckTracker","Keyboard Shortcuts","Minty Spire (QoL Compilation)","READ ME - Guardian Mod","StSLib","SuperFastMode"],"gold_per_floor":[113,113,128,143,143,143,156,156,183,42,77,89,123,123,123,216,216,241,241,5,19,19,19,48,59,59,88,105,134,134,59,59,135,135,149,99,111,124,136,136,149,159,183,227,248,266,44,44,44,44,44,44,44,44,79,79],"floor_reached":57,"language":"KOR","playtime":1647,"items_purged":["Strike_G","Strike_G"],"score":2879,"play_id":"d34fd916-b34b-403a-be4a-bafdb49d284e","local_time":"20210206104455","is_ascension_mode":true,"campfire_choices":[{"data":"Crippling Poison","floor":6.0,"key":"SMITH"},{"data":"Neutralize","floor":8.0,"key":"SMITH"},{"data":"Accuracy","floor":15.0,"key":"SMITH"},{"data":"Tactician","floor":23.0,"key":"SMITH"},{"data":"Burst","floor":30.0,"key":"SMITH"},{"data":"Ghostly","floor":32.0,"key":"SMITH"},{"floor":40.0,"key":"RECALL"},{"floor":49.0,"key":"REST"},{"floor":53.0,"key":"REST"}],"circlet_count":0,"master_deck":["AscendersBane","Strike_G","Defend_G","Defend_G","Defend_G","Defend_G","Defend_G","Survivor","Neutralize+1","Poisoned Stab","Backstab","Crippling Poison+1","After Image","Blade Dance","Blade Dance","Tactician+1","Accuracy+1","Burst+1","Ghostly+1","Ghostly+1","Ghostly","Acrobatics","Reflex+1","PiercingWail+1","Accuracy","Blade Dance+1","Phantasmal Killer+1","Well Laid Plans","Escape Plan+1","Adrenaline+1","Acrobatics+1","Calculated Gamble+1","Madness+1","Madness+1","Backflip+1"],"relics":["Ring of the Snake","Strawberry","Bag of Preparation","Pear","Incense Burner","Bloody Idol","Black Star","Lantern","Art of War","Toxic Egg 2","Paper Crane","StoneCalendar","Prayer Wheel","Smiling Mask","Lizard Tail","Fusion Hammer","CeramicFish","Sundial","ClockworkSouvenir","Blue Candle","Toy Ornithopter"],"acts_visited":["Exordium","TheCity","TheBeyond","TheEnding"],"potions_floor_usage":[],"damage_taken":[{"damage":3.0,"enemies":"Small Slimes","floor":1.0,"turns":4.0},{"damage":0.0,"enemies":"Jaw Worm","floor":3.0,"turns":3.0},{"damage":0.0,"enemies":"2 Louse","floor":4.0,"turns":2.0},{"damage":0.0,"enemies":"2 Fungi Beasts","floor":7.0,"turns":3.0},{"damage":4.0,"enemies":"Gremlin Nob","floor":11.0,"turns":3.0},{"damage":4.0,"enemies":"3 Louse","floor":12.0,"turns":3.0},{"damage":21.0,"enemies":"3 Sentries","floor":13.0,"turns":9.0},{"damage":13.0,"enemies":"Hexaghost","floor":16.0,"turns":9.0},{"damage":18.0,"enemies":"Shell Parasite","floor":18.0,"turns":5.0},{"damage":0.0,"enemies":"2 Thieves","floor":21.0,"turns":4.0},{"damage":5.0,"enemies":"Book of Stabbing","floor":24.0,"turns":8.0},{"damage":11.0,"enemies":"Snecko","floor":25.0,"turns":6.0},{"damage":3.0,"enemies":"Gremlin Leader","floor":27.0,"turns":9.0},{"damage":12.0,"enemies":"Cultist and Chosen","floor":28.0,"turns":7.0},{"damage":11.0,"enemies":"Slavers","floor":29.0,"turns":6.0},{"damage":17.0,"enemies":"Champ","floor":33.0,"turns":11.0},{"damage":0.0,"enemies":"3 Darklings","floor":35.0,"turns":4.0},{"damage":1.0,"enemies":"Orb Walker","floor":37.0,"turns":2.0},{"damage":0.0,"enemies":"Maw","floor":38.0,"turns":7.0},{"damage":4.0,"enemies":"Spire Growth","floor":39.0,"turns":6.0},{"damage":1.0,"enemies":"Jaw Worm Horde","floor":41.0,"turns":4.0},{"damage":3.0,"enemies":"Transient","floor":42.0,"turns":6.0},{"damage":1.0,"enemies":"Giant Head","floor":44.0,"turns":8.0},{"damage":0.0,"enemies":"Spire Growth","floor":45.0,"turns":5.0},{"damage":0.0,"enemies":"Donu and Deca","floor":50.0,"turns":7.0},{"damage":6.0,"enemies":"Time Eater","floor":51.0,"turns":11.0},{"damage":0,"enemies":"Shield and Spear","floor":55,"turns":9},{"damage":39,"enemies":"The Heart","floor":56,"turns":11}],"seed_played":"5654593944772873253","potions_obtained":[{"floor":3.0,"key":"FearPotion"},{"floor":4.0,"key":"Weak Potion"},{"floor":7.0,"key":"Energy Potion"},{"floor":12.0,"key":"GamblersBrew"},{"floor":18.0,"key":"SkillPotion"},{"floor":28.0,"key":"Swift Potion"},{"floor":29.0,"key":"Block Potion"},{"floor":33.0,"key":"CunningPotion"},{"floor":41.0,"key":"LiquidMemories"},{"floor":44.0,"key":"PowerPotion"}],"is_trial":false,"path_per_floor":["M","?","M","M","?","R","M","R","T","$","E","M","E","?","R","B",null,"M","?","$","M","?","R","E","M","T","E","M","E","R","?","R","B",null,"M","?","M","M","M","R","M","M","T","E","M","?","$","?","R","B","B",null,"R","$","E","B",null],"character_chosen":"THE_SILENT","items_purchased":["After Image","Blade Dance","Lantern","ClockworkSouvenir"],"campfire_rested":2,"item_purchase_floors":[10,10,20,47],"current_hp_per_floor":[56,61,61,61,57,57,57,57,57,57,63,59,38,38,38,25,66,48,40,40,40,40,40,40,34,34,36,29,23,23,23,23,11,33,38,38,40,40,40,40,40,40,40,40,40,40,40,40,40,40,34,39,40,40,40,1],"gold":79,"neow_bonus":"THREE_CARDS","is_daily":false,"chose_seed":false,"campfire_upgraded":6,"win_rate":0.0,"timestamp":1612575895,"path_taken":["M","?","M","M","?","R","M","R","T","$","E","?","E","?","R","BOSS","M","?","$","M","?","R","E","M","T","E","M","E","R","?","R","BOSS","M","?","M","?","M","R","M","M","T","E","M","?","$","?","R","BOSS","BOSS","R","$","E","BOSS"],"items_purchased_type":["Card","Card","Relic","Relic"],"build_version":"2020-12-22","purchased_purges":2,"victory":true,"max_hp_per_floor":[66,71,71,71,78,78,78,78,78,78,88,88,88,80,80,80,80,80,40,40,40,40,40,40,40,40,40,40,40,40,40,40,40,40,40,40,40,40,40,40,40,40,40,40,40,40,40,40,40,40,40,40,40,40,40,40],"card_choices":[{"not_picked":["PiercingWail","Backflip"],"picked":"Poisoned Stab","floor":0.0},{"not_picked":["Poisoned Stab","Concentrate"],"picked":"Backstab","floor":1.0},{"not_picked":["PiercingWail","Dodge and Roll","Acrobatics"],"picked":"SKIP","floor":3.0},{"not_picked":["Slice","Finisher"],"picked":"Crippling Poison","floor":4.0},{"not_picked":["Outmaneuver","Unload","Leg Sweep"],"picked":"SKIP","floor":7.0},{"not_picked":["Quick Slash","Flying Knee"],"picked":"Blade Dance","floor":11.0},{"not_picked":["Setup","Prepared"],"picked":"Tactician","floor":12.0},{"not_picked":["Prepared","Setup"],"picked":"Accuracy","floor":13.0},{"not_picked":["Envenom","Die Die Die"],"picked":"Burst","floor":16.0},{"not_picked":["Dagger Throw","Flying Knee","Backstab"],"picked":"SKIP","floor":18.0},{"not_picked":["Sucker Punch","Outmaneuver"],"picked":"Acrobatics","floor":21.0},{"not_picked":["Burst+1","Dagger Throw","Outmaneuver+1"],"picked":"SKIP","floor":24.0},{"not_picked":["Underhanded Strike","Bane"],"picked":"Reflex+1","floor":25.0},{"not_picked":["Deadly Poison+1","Endless Agony"],"picked":"PiercingWail+1","floor":27.0},{"not_picked":["Dodge and Roll+1","Deadly Poison+1"],"picked":"Accuracy","floor":28.0},{"not_picked":["Quick Slash","PiercingWail+1","Dodge and Roll+1"],"picked":"SKIP","floor":28.0},{"not_picked":["Flying Knee","Prepared+1"],"picked":"Blade Dance+1","floor":29.0},{"not_picked":["Unload","Corpse Explosion+1"],"picked":"Phantasmal Killer+1","floor":33.0},{"not_picked":["Outmaneuver+1","Slice","Sucker Punch"],"picked":"SKIP","floor":35.0},{"not_picked":["Dodge and Roll+1","All Out Attack","Setup+1"],"picked":"SKIP","floor":35.0},{"not_picked":["Underhanded Strike","Deadly Poison+1","Dodge and Roll+1"],"picked":"SKIP","floor":37.0},{"not_picked":["Reflex+1","Eviscerate","Accuracy"],"picked":"SKIP","floor":37.0},{"not_picked":["Deflect+1","Quick Slash+1"],"picked":"Well Laid Plans","floor":38.0},{"not_picked":["Acrobatics+1","Blade Dance+1"],"picked":"Escape Plan+1","floor":38.0},{"not_picked":["Dagger Spray+1","Glass Knife","Deflect+1"],"picked":"SKIP","floor":39.0},{"not_picked":["Poisoned Stab+1","Bane","Dagger Spray"],"picked":"SKIP","floor":39.0},{"not_picked":["Slice","Flying Knee+1"],"picked":"Adrenaline+1","floor":41.0},{"not_picked":["Dagger Spray","Skewer","PiercingWail+1"],"picked":"SKIP","floor":41.0},{"not_picked":["All Out Attack","Deadly Poison+1","Bane"],"picked":"SKIP","floor":42.0},{"not_picked":["Poisoned Stab+1","Dagger Spray+1","Riddle With Holes"],"picked":"SKIP","floor":42.0},{"not_picked":["Glass Knife","Quick Slash+1"],"picked":"Acrobatics+1","floor":44.0},{"not_picked":["Dodge and Roll+1","Bane"],"picked":"Calculated Gamble+1","floor":45.0},{"not_picked":["Blade Dance+1","Dodge and Roll+1","Dagger Spray+1"],"picked":"SKIP","floor":45.0},{"not_picked":["Underhanded Strike+1","Flechettes"],"picked":"Backflip+1","floor":55}],"player_experience":1502546,"relics_obtained":[{"floor":9.0,"key":"Bag of Preparation"},{"floor":11.0,"key":"Pear"},{"floor":13.0,"key":"Incense Burner"},{"floor":24.0,"key":"Art of War"},{"floor":24.0,"key":"Toxic Egg 2"},{"floor":26.0,"key":"Paper Crane"},{"floor":27.0,"key":"StoneCalendar"},{"floor":27.0,"key":"Prayer Wheel"},{"floor":29.0,"key":"Smiling Mask"},{"floor":29.0,"key":"Lizard Tail"},{"floor":44.0,"key":"CeramicFish"},{"floor":44.0,"key":"Sundial"},{"floor":55,"key":"Blue Candle"},{"floor":55,"key":"Toy Ornithopter"}],"event_choices":[{"damage_healed":0.0,"max_hp_gain":5.0,"max_hp_loss":0.0,"gold_gain":0.0,"event_name":"Big Fish","player_choice":"Donut","floor":2.0,"gold_loss":0.0,"damage_taken":0.0},{"damage_healed":0.0,"max_hp_gain":0.0,"max_hp_loss":0.0,"gold_gain":0.0,"event_name":"Scrap Ooze","player_choice":"Success","floor":5.0,"gold_loss":0.0,"damage_taken":11.0,"relics_obtained":["Strawberry"]},{"damage_healed":0.0,"max_hp_gain":0.0,"max_hp_loss":8.0,"gold_gain":0.0,"event_name":"Golden Idol","player_choice":"Lose Max HP","floor":14.0,"gold_loss":0.0,"damage_taken":0.0,"relics_obtained":["Golden Idol"]},{"damage_healed":0.0,"max_hp_gain":0.0,"max_hp_loss":40.0,"gold_gain":0.0,"event_name":"Ghosts","player_choice":"Became a Ghost","floor":19.0,"gold_loss":0.0,"damage_taken":0.0,"cards_obtained":["Ghostly","Ghostly","Ghostly"]},{"damage_healed":0.0,"max_hp_gain":0.0,"max_hp_loss":0.0,"gold_gain":0.0,"event_name":"Forgotten Altar","player_choice":"Gave Idol","floor":22.0,"relics_lost":["Golden Idol"],"gold_loss":0.0,"damage_taken":0.0,"relics_obtained":["Bloody Idol"]},{"cards_removed":["Strike_G"],"damage_healed":0.0,"max_hp_gain":0.0,"max_hp_loss":0.0,"gold_gain":0.0,"event_name":"Beggar","player_choice":"Gave Gold","floor":31.0,"gold_loss":75.0,"damage_taken":0.0},{"damage_healed":0.0,"max_hp_gain":0.0,"max_hp_loss":0.0,"gold_gain":0.0,"event_name":"Designer","player_choice":"Upgrade","floor":36.0,"gold_loss":50.0,"damage_taken":0.0,"cards_upgraded":["Ghostly"]},{"damage_healed":0.0,"max_hp_gain":0.0,"max_hp_loss":0.0,"gold_gain":0.0,"event_name":"Winding Halls","player_choice":"Embrace Madness","floor":46.0,"gold_loss":0.0,"damage_taken":7.0,"cards_obtained":["Madness","Madness"]},{"cards_removed":["Strike_G"],"damage_healed":0.0,"max_hp_gain":0.0,"max_hp_loss":0.0,"gold_gain":0.0,"event_name":"Falling","player_choice":"Removed Attack","floor":48.0,"gold_loss":0.0,"damage_taken":0.0}],"is_beta":false,"boss_relics":[{"not_picked":["Calling Bell","Runic Dome"],"picked":"Black Star"},{"not_picked":["Ring of the Serpent","Empty Cage"],"picked":"Fusion Hammer"}],"items_purged_floors":[20,47],"is_endless":false,"potions_floor_spawned":[3,4,7,12,18,28,29,33,35,41,44],"ascension_level":20}}