{"host":"dcj2yvrgcvh5dl2s","time":1612602805,"event":{"mods":["BaseMod","Bestiary","Better Note","Block Reminder","Colored Powertips","Curses Come First","DeckTracker","Minty Spire (QoL Compilation)","Quick Restart","Rare Cards Sparkle","Relic Stats","StSLib"],"gold_per_floor":[113,113,126,142,156,156,156],"floor_reached":6,"language":"ENG","playtime":192,"items_purged":[],"score":76,"play_id":"36d01092-b420-4977-bd58-69f6f8761e40","local_time":"20210206191325","is_ascension_mode":true,"campfire_choices":[],"circlet_count":0,"master_deck":["AscendersBane","Strike_R","Strike_R","Strike_R","Strike_R","Strike_R","Defend_R","Defend_R","Defend_R","Defend_R","Bash","Heavy Blade+1","Battle Trance","Sword Boomerang","Intimidate"],"relics":["Burning Blood","NeowsBlessing"],"acts_visited":["Exordium"],"potions_floor_usage":[6],"damage_taken":[{"damage":0,"enemies":"2 Louse","floor":1,"turns":1},{"damage":0,"enemies":"Jaw Worm","floor":3,"turns":1},{"damage":0,"enemies":"Cultist","floor":4,"turns":1},{"damage":68,"enemies":"Exordium Thugs","floor":5,"turns":7},{"damage":32,"enemies":"Gremlin Nob","floor":6,"turns":3}],"seed_played":"7851938044451327325","potions_obtained":[{"floor":3,"key":"SneckoOil"}],"is_trial":false,"path_per_floor":["M","?","M","M","M","E"],"character_chosen":"IRONCLAD","items_purchased":[],"campfire_rested":0,"item_purchase_floors":[],"current_hp_per_floor":[74,74,75,75,13,0,0],"gold":156,"neow_bonus":"THREE_ENEMY_KILL","is_daily":false,"chose_seed":false,"campfire_upgraded":0,"win_rate":0.0,"timestamp":1612602805,"path_taken":["M","?","M","M","M","E"],"items_purchased_type":[],"build_version":"2020-12-22","purchased_purges":0,"victory":false,"max_hp_per_floor":[75,75,75,75,75,75,75],"relic_stats":{"counters":[5,13],"obtain_stats":[{"NeowsBlessing":0,"Burning Blood":0},{"NeowsBlessing":0,"Burning Blood":0},{"NeowsBlessing":0,"Burning Blood":0}],"Burning Blood":13},"card_choices":[{"not_picked":["Twin Strike","Fire Breathing"],"picked":"Heavy Blade","floor":1},{"not_picked":["Heavy Blade","Seeing Red"],"picked":"Battle Trance","floor":3},{"not_picked":["Dropkick","Body Slam"],"picked":"Sword Boomerang","floor":4},{"not_picked":["True Grit","Headbutt"],"picked":"Intimidate","floor":5}],"player_experience":2325568,"relics_obtained":[],"event_choices":[{"damage_healed":0,"gold_gain":0,"player_choice":"Grow","damage_taken":0,"max_hp_gain":0,"max_hp_loss":0,"event_name":"Living Wall","floor":2,"gold_loss":0,"cards_upgraded":["Heavy Blade"]}],"is_beta":false,"boss_relics":[],"items_purged_floors":[],"is_endless":false,"potions_floor_spawned":[3],"killed_by":"Gremlin Nob","ascension_level":20}}