{"host":"hszimsrtxxc2k25w","time":1612593567,"event":{"mods":["AchievementEnabler","BaseMod","Colored Map","DeckTracker","Minty Spire (QoL Compilation)","Rare Cards Sparkle","SuperFastMode"],"gold_per_floor":[111,36,36,53,53,87,87,119,173,73,73,83,101,101,101,180,180,180],"floor_reached":17,"language":"KOR","playtime":328,"items_purged":["Strike_G","Strike_G"],"score":376,"play_id":"b7393a49-c6e2-456a-801e-b0646aa0bfb4","local_time":"20210206153927","is_ascension_mode":true,"campfire_choices":[{"data":"Dagger Throw","floor":7,"key":"SMITH"},{"data":"Deadly Poison","floor":11,"key":"SMITH"},{"data":"Neutralize","floor":15,"key":"SMITH"}],"circlet_count":0,"master_deck":["AscendersBane","Strike_G","Strike_G","Strike_G","Defend_G","Defend_G","Defend_G","Defend_G","Survivor","Neutralize+1","Dagger Throw+1","All Out Attack","Tools of the Trade","Deadly Poison+1","Blade Dance","Burst"],"relics":["Ring of the Snake","NeowsBlessing","Bronze Scales","Sundial","Tiny Chest","Coffee Dripper"],"acts_visited":["Exordium","TheCity"],"potions_floor_usage":[],"damage_taken":[{"damage":0,"enemies":"Jaw Worm","floor":1,"turns":1},{"damage":0,"enemies":"Small Slimes","floor":4,"turns":1},{"damage":0,"enemies":"Lagavulin","floor":6,"turns":1},{"damage":17,"enemies":"3 Sentries","floor":8,"turns":7},{"damage":0,"enemies":"2 Louse","floor":12,"turns":2},{"damage":1,"enemies":"Looter","floor":13,"turns":3},{"damage":19,"enemies":"The Guardian","floor":16,"turns":10}],"seed_played":"-4790402908046119513","potions_obtained":[{"floor":4,"key":"Energy Potion"},{"floor":8,"key":"LiquidMemories"}],"is_trial":false,"path_per_floor":["M","$","?","M","?","E","R","E","T","$","R","M","M","?","R","B",null],"character_chosen":"THE_SILENT","items_purchased":[],"campfire_rested":0,"item_purchase_floors":[],"current_hp_per_floor":[59,59,52,52,52,52,52,35,35,35,35,35,34,34,34,15,53,53],"gold":180,"neow_bonus":"THREE_ENEMY_KILL","is_daily":false,"chose_seed":false,"campfire_upgraded":3,"win_rate":0.0,"timestamp":1612593567,"path_taken":["M","$","?","M","?","E","R","E","T","$","R","M","M","?","R","BOSS"],"items_purchased_type":[],"build_version":"2020-12-22","purchased_purges":2,"victory":false,"max_hp_per_floor":[66,66,66,66,66,66,66,66,66,66,66,66,66,66,66,66,66,66],"card_choices":[{"not_picked":["PiercingWail","Bane"],"picked":"Dagger Throw","floor":1},{"not_picked":["Bane","Prepared"],"picked":"All Out Attack","floor":4},{"not_picked":["Dodge and Roll","Setup"],"picked":"Tools of the Trade","floor":6},{"not_picked":["Bullet Time","Dagger Spray"],"picked":"Deadly Poison","floor":8},{"not_picked":["Accuracy","Flying Knee","Footwork"],"picked":"SKIP","floor":12},{"not_picked":["Deflect","Dagger Throw"],"picked":"Blade Dance","floor":13},{"not_picked":["Unload","Night Terror"],"picked":"Burst","floor":16}],"player_experience":668537,"relics_obtained":[{"floor":6,"key":"Bronze Scales"},{"floor":8,"key":"Sundial"},{"floor":9,"key":"Tiny Chest"}],"event_choices":[{"cards_removed":["Defend_G"],"damage_healed":0,"gold_gain":0,"player_choice":"Card Removal","damage_taken":7,"max_hp_gain":0,"max_hp_loss":0,"event_name":"Golden Wing","floor":3,"gold_loss":0},{"damage_healed":0,"gold_gain":0,"player_choice":"Leave","damage_taken":0,"max_hp_gain":0,"max_hp_loss":0,"event_name":"The Cleric","floor":5,"gold_loss":0},{"damage_healed":0,"gold_gain":0,"player_choice":"Ignored","damage_taken":0,"max_hp_gain":0,"max_hp_loss":0,"event_name":"Liars Game","floor":14,"gold_loss":0}],"is_beta":false,"boss_relics":[{"not_picked":["Ring of the Serpent","Busted Crown"],"picked":"Coffee Dripper"}],"items_purged_floors":[2,10],"is_endless":false,"potions_floor_spawned":[4,8,12],"ascension_level":20}}