{"host":"a5lz0e76zb3fcwkm","time":1612628620,"event":{"mods":["AchievementEnabler","BaseMod","Colored Map","Colored Powertips","Minty Spire (QoL Compilation)","StSLib","SuperFastMode"],"gold_per_floor":[20,20,36,36,50,50,63,93,93,110,110,141,141,169,169,248,248,261,276,32,64,81,108,108,108,159,179,192,218,218,247,247,247,247],"floor_reached":33,"language":"KOR","playtime":707,"items_purged":["Strike_R"],"score":750,"play_id":"6bbf9176-d1f9-49ee-9aba-b42c2378f40e","local_time":"20210207012340","is_ascension_mode":true,"campfire_choices":[{"data":"Immolate","floor":6.0,"key":"SMITH"},{"floor":11.0,"key":"RECALL"},{"data":"Evolve","floor":15,"key":"SMITH"},{"data":"Body Slam","floor":24,"key":"SMITH"},{"data":"Immolate","floor":30,"key":"SMITH"},{"floor":32,"key":"REST"}],"circlet_count":0,"master_deck":["AscendersBane","Strike_R","Defend_R","Defend_R","Defend_R","Defend_R","Bash","Immolate+1","Thunderclap","Pommel Strike","Shrug It Off+1","Battle Trance","Immolate+1","Fiend Fire","Evolve+1","Offering+1","Power Through","Feel No Pain","Body Slam+1"],"relics":["Burning Blood","FossilizedHelix","Paper Frog","Shuriken","Happy Flower","Black Star","Red Mask","Toxic Egg 2","Pear","Nloth\u0027s Gift","War Paint","Tiny Chest","Pen Nib","Pantograph","StoneCalendar"],"acts_visited":["Exordium","TheCity"],"potions_floor_usage":[14,23,31],"damage_taken":[{"damage":0.0,"enemies":"Small Slimes","floor":1.0,"turns":2.0},{"damage":12.0,"enemies":"Jaw Worm","floor":3.0,"turns":3.0},{"damage":1.0,"enemies":"Cultist","floor":5.0,"turns":3.0},{"damage":1.0,"enemies":"2 Fungi Beasts","floor":7.0,"turns":2.0},{"damage":7.0,"enemies":"3 Sentries","floor":8.0,"turns":4.0},{"damage":0.0,"enemies":"Red Slaver","floor":10.0,"turns":2.0},{"damage":14.0,"enemies":"Lagavulin","floor":12.0,"turns":4.0},{"damage":0,"enemies":"Gremlin Nob","floor":14,"turns":2},{"damage":45,"enemies":"The Guardian","floor":16,"turns":6},{"damage":11,"enemies":"3 Byrds","floor":18,"turns":2},{"damage":22,"enemies":"Spheric Guardian","floor":19,"turns":4},{"damage":0,"enemies":"Masked Bandits","floor":21,"turns":1},{"damage":5,"enemies":"Snake Plant","floor":22,"turns":2},{"damage":0,"enemies":"Gremlin Leader","floor":23,"turns":3},{"damage":6,"enemies":"Cultist and Chosen","floor":27,"turns":4},{"damage":0,"enemies":"3 Cultists","floor":28,"turns":3},{"damage":27,"enemies":"Book of Stabbing","floor":29,"turns":5},{"damage":65,"enemies":"Slavers","floor":31,"turns":5},{"damage":82,"enemies":"Champ","floor":33,"turns":10}],"seed_played":"7845058073607633589","potions_obtained":[{"floor":5.0,"key":"DistilledChaos"},{"floor":7.0,"key":"BlessingOfTheForge"},{"floor":12.0,"key":"FairyPotion"},{"floor":16,"key":"EssenceOfSteel"},{"floor":19,"key":"Energy Potion"},{"floor":29,"key":"SpeedPotion"}],"is_trial":false,"path_per_floor":["M","?","M","?","M","R","M","E","T","M","R","E","?","E","R","B",null,"M","M","$","?","M","E","R","?","T","M","M","E","R","E","R","B"],"character_chosen":"IRONCLAD","items_purchased":["Orrery"],"campfire_rested":1,"item_purchase_floors":[20],"current_hp_per_floor":[74,74,68,68,73,73,75,74,74,75,75,67,67,73,73,34,65,60,44,44,50,51,67,67,67,67,67,73,52,52,31,56,0,0],"gold":247,"neow_bonus":"THREE_RARE_CARDS","is_daily":false,"chose_seed":false,"campfire_upgraded":4,"win_rate":0.0,"timestamp":1612628620,"path_taken":["M","?","M","?","M","R","M","E","T","?","R","E","?","E","R","BOSS","M","M","$","?","M","E","R","?","T","M","?","E","R","E","R","BOSS"],"items_purchased_type":["Relic"],"build_version":"2020-12-22","purchased_purges":1,"victory":false,"max_hp_per_floor":[75,75,75,75,75,75,75,75,75,75,75,75,75,75,75,75,75,75,75,75,75,75,85,85,85,85,85,85,85,85,85,85,85,85],"card_choices":[{"not_picked":["Brutality","Juggernaut"],"picked":"Immolate","floor":0.0},{"not_picked":["Anger","Ghostly Armor","Perfected Strike"],"picked":"SKIP","floor":1.0},{"not_picked":["Body Slam","Ghostly Armor","Iron Wave"],"picked":"SKIP","floor":3.0},{"not_picked":["Rampage","Uppercut","Wild Strike"],"picked":"SKIP","floor":5.0},{"not_picked":["Anger","Twin Strike"],"picked":"Pommel Strike","floor":7.0},{"not_picked":["Rupture","Carnage"],"picked":"Shrug It Off","floor":8.0},{"not_picked":["Shrug It Off","Seeing Red"],"picked":"Battle Trance","floor":10.0},{"not_picked":["Flex","Disarm"],"picked":"Immolate","floor":12.0},{"not_picked":["Inflame","Second Wind"],"picked":"Evolve","floor":14},{"not_picked":["Shrug It Off","Combust+1","Clothesline+1"],"picked":"SKIP","floor":18},{"not_picked":["Flex","Evolve+1","Cleave"],"picked":"SKIP","floor":19},{"not_picked":["Cleave+1","Rampage"],"picked":"Offering","floor":20},{"not_picked":["Clothesline","Body Slam"],"picked":"Power Through","floor":21},{"not_picked":["Uppercut","Juggernaut"],"picked":"Feel No Pain","floor":22},{"not_picked":["Cleave","Rupture"],"picked":"Body Slam","floor":23},{"not_picked":["Combust+1","Havoc+1","Uppercut"],"picked":"SKIP","floor":27},{"not_picked":["Wild Strike","Reaper","Pummel"],"picked":"SKIP","floor":28},{"not_picked":["Ghostly Armor+1","Carnage","Perfected Strike"],"picked":"SKIP","floor":29},{"not_picked":["Feed","Juggernaut","Pommel Strike+1"],"picked":"SKIP","floor":31}],"player_experience":1846004,"relics_obtained":[{"floor":8.0,"key":"FossilizedHelix"},{"floor":9.0,"key":"Paper Frog"},{"floor":12.0,"key":"Shuriken"},{"floor":14,"key":"Happy Flower"},{"floor":21,"key":"Red Mask"},{"floor":23,"key":"Toxic Egg 2"},{"floor":23,"key":"Pear"},{"floor":26,"key":"War Paint"},{"floor":29,"key":"Tiny Chest"},{"floor":29,"key":"Pen Nib"},{"floor":31,"key":"Pantograph"},{"floor":31,"key":"StoneCalendar"}],"event_choices":[{"damage_healed":0.0,"max_hp_gain":0.0,"max_hp_loss":0.0,"gold_gain":0.0,"cards_transformed":["Strike_R"],"event_name":"Living Wall","player_choice":"Change","floor":2.0,"gold_loss":0.0,"damage_taken":0.0,"cards_obtained":["Thunderclap"]},{"cards_removed":["Strike_R"],"damage_healed":0.0,"max_hp_gain":0.0,"max_hp_loss":0.0,"gold_gain":0.0,"event_name":"Purifier","player_choice":"Purged","floor":4.0,"gold_loss":0.0,"damage_taken":0.0},{"damage_healed":0,"gold_gain":0,"cards_transformed":["Strike_R"],"player_choice":"Transformed","damage_taken":0,"max_hp_gain":0,"max_hp_loss":0,"event_name":"Transmorgrifier","floor":13,"gold_loss":0,"cards_obtained":["Fiend Fire"]},{"damage_healed":0,"gold_gain":0,"player_choice":"Fought Bandits","damage_taken":0,"max_hp_gain":0,"max_hp_loss":0,"event_name":"Masked Bandits","floor":21,"gold_loss":0},{"damage_healed":0,"gold_gain":0,"player_choice":"Traded Relic","damage_taken":0,"relics_obtained":["Nloth\u0027s Gift"],"max_hp_gain":0,"max_hp_loss":0,"event_name":"N\u0027loth","floor":25,"relics_lost":["Orrery"],"gold_loss":0}],"is_beta":false,"boss_relics":[{"not_picked":["Philosopher\u0027s Stone","Black Blood"],"picked":"Black Star"}],"items_purged_floors":[20],"is_endless":false,"potions_floor_spawned":[5,7,12,16,19,21,22,29],"killed_by":"Champ","ascension_level":20}}