{"host":"edan538w829056nc","time":1612650389,"event":{"mods":["AchievementEnabler","BaseMod","Custom Start","Highlight Path","Infinite Spire","Minty Spire (QoL Compilation)","Remilia??????","StSLib"],"gold_per_floor":[113,113,113,131,131,162,111,111,162,162,162,180,191,191,191],"floor_reached":14,"language":"ENG","playtime":370,"items_purged":[],"score":106,"play_id":"f29d5574-5a9a-4136-a122-2a16e84773be","local_time":"20210206232629","is_ascension_mode":true,"campfire_choices":[{"floor":8,"key":"REST"},{"data":"Eruption","floor":10,"key":"SMITH"}],"circlet_count":0,"master_deck":["Strike_P","Strike_P","Defend_P","Defend_P","Defend_P","Eruption+1","Vigilance","Alpha","Fasting2+1","Perseverance","Prostrate","SashWhip"],"relics":["PureWater","infinitespire:Eraser","Anchor"],"acts_visited":["Exordium"],"potions_floor_usage":[],"damage_taken":[{"damage":2,"enemies":"Jaw Worm","floor":1,"turns":3},{"damage":8,"enemies":"Small Slimes","floor":4,"turns":3},{"damage":10,"enemies":"3 Sentries","floor":6,"turns":3},{"damage":2,"enemies":"Cultist","floor":12,"turns":4},{"damage":15,"enemies":"Large Slime","floor":13,"turns":5},{"damage":33,"enemies":"Lagavulin","floor":14,"turns":5}],"seed_played":"2202118885291666040","potions_obtained":[{"floor":12,"key":"FearPotion"}],"is_trial":false,"path_per_floor":["M","?","?","M","T","E","$","R","T","R","?","M","M","E"],"character_chosen":"WATCHER","items_purchased":["Prostrate"],"campfire_rested":1,"item_purchase_floors":[7],"current_hp_per_floor":[49,42,42,34,34,24,24,45,45,45,45,43,28,0,0],"gold":191,"neow_bonus":"TRANSFORM_TWO_CARDS","is_daily":false,"chose_seed":false,"campfire_upgraded":1,"win_rate":0.0,"timestamp":1612650389,"path_taken":["M","?","?","M","?","E","?","R","T","R","?","M","?","E"],"items_purchased_type":["Card"],"build_version":"2020-12-22","purchased_purges":0,"victory":false,"max_hp_per_floor":[72,72,72,72,72,72,72,72,72,72,72,72,72,72,72],"card_choices":[{"not_picked":["Pray","Fasting2"],"picked":"Perseverance","floor":1},{"not_picked":["BattleHymn","CrushJoints","Nirvana"],"picked":"SKIP","floor":4},{"not_picked":["EmptyFist","ThirdEye","CutThroughFate"],"picked":"SKIP","floor":6},{"not_picked":["Perseverance","Tantrum","SashWhip"],"picked":"SKIP","floor":12},{"not_picked":["Perseverance","Tantrum"],"picked":"SashWhip","floor":12},{"not_picked":["Fasting2","FlyingSleeves","ThirdEye"],"picked":"SKIP","floor":13}],"player_experience":473631,"relics_obtained":[{"floor":6,"key":"infinitespire:Eraser"},{"floor":9,"key":"Anchor"}],"event_choices":[{"cards_removed":["Strike_P"],"damage_healed":0,"gold_gain":0,"player_choice":"Card Removal","damage_taken":7,"max_hp_gain":0,"max_hp_loss":0,"event_name":"Golden Wing","floor":2,"gold_loss":0},{"damage_healed":0,"gold_gain":0,"player_choice":"Upgraded","damage_taken":0,"max_hp_gain":0,"max_hp_loss":0,"event_name":"Upgrade Shrine","floor":11,"gold_loss":0,"cards_upgraded":["Fasting2"]}],"is_beta":false,"boss_relics":[],"items_purged_floors":[],"is_endless":false,"potions_floor_spawned":[12],"killed_by":"Lagavulin","ascension_level":4}}