{"host":"yx8wv8d7ru77s2k1","time":1612629836,"event":{"mods":["BaseMod","Colored Map","Downfall","Hermit","Infinite Spire","Jorbs\u0027s Wanderer Trilogy","Marisa????????","Minty Spire (QoL Compilation)","Relic Sorter","Reliquary","Spikes Relics","StSLib","The Bug Knight","The Disciple","The Hierophant","The Necromancer","The Servant 0.9.4"],"gold_per_floor":[114,131,306,28,28,28,60,70,96,96,107,107,127,141,141,237,237,250,3,3,15,32,32,32,59,59,74,74,74,84,104,104,206,206,217,217,217,227,227,227],"floor_reached":39,"language":"ENG","playtime":1394,"items_purged":["Doubt","Strike_S"],"score":405,"play_id":"687d9ce0-a2da-4716-88db-ea09a5f1c7e3","local_time":"20210206174356","is_ascension_mode":false,"campfire_choices":[{"data":"Luminosity","floor":6,"key":"SMITH"},{"data":"Exchange","floor":12,"key":"SMITH"},{"data":"SilverBlades","floor":15,"key":"SMITH"},{"floor":23,"key":"REST"},{"floor":32,"key":"REST"}],"circlet_count":0,"master_deck":["Strike_S","Strike_S","Strike_S","Defend_S","Defend_S","Defend_S","Defend_S","KidneyShot","Exchange+1","BottledTime","Moonlight+1","Luminosity+1","Moonlight","Rearm","SurpressingFire+1","BottledTime","SilverBlades+1","FloweringNight","Ricochet+1","SurpressingFire","Defy+1","FlawlessForm","Starlight+1"],"relics":["Uniform","Anchor","SpikesRelics:DaevaFist","SacredBark","reliquary:Buckler","reliquary:Knoch","reliquary:FeatherDuster","MutagenicStrength","StoneMask","RetroEgg"],"acts_visited":["Exordium","TheCity","TheBeyond"],"potions_floor_usage":[7,11,22,25,28,33,33,35],"damage_taken":[{"damage":0,"enemies":"2 Louse","floor":1,"turns":3},{"damage":1,"enemies":"Cultist","floor":2,"turns":4},{"damage":8,"enemies":"Lagavulin","floor":7,"turns":5},{"damage":0,"enemies":"Small Slimes","floor":8,"turns":3},{"damage":10,"enemies":"Gremlin Gang","floor":11,"turns":6},{"damage":0,"enemies":"Looter","floor":13,"turns":3},{"damage":1,"enemies":"Exordium Wildlife","floor":14,"turns":3},{"damage":3,"enemies":"The Guardian","floor":16,"turns":10},{"damage":6,"enemies":"Shell Parasite","floor":18,"turns":7},{"damage":18,"enemies":"3 Byrds","floor":21,"turns":5},{"damage":0,"enemies":"Snecko","floor":22,"turns":4},{"damage":18,"enemies":"Gremlin Leader","floor":25,"turns":5},{"damage":7,"enemies":"Shelled Parasite and Fungi","floor":27,"turns":5},{"damage":0,"enemies":"Snake Plant","floor":28,"turns":2},{"damage":0,"enemies":"Centurion and Healer","floor":30,"turns":5},{"damage":6,"enemies":"3 Cultists","floor":31,"turns":6},{"damage":4,"enemies":"Champ","floor":33,"turns":12},{"damage":10,"enemies":"3 Shapes","floor":35,"turns":6},{"damage":39,"enemies":"Orb Walker","floor":38,"turns":8},{"damage":46,"enemies":"Transient","floor":39,"turns":3}],"seed_played":"3745332383823395486","potions_obtained":[{"floor":2,"key":"Explosive Potion"},{"floor":8,"key":"Regen Potion"},{"floor":11,"key":"SmokeBomb"},{"floor":16,"key":"Ancient Potion"},{"floor":18,"key":"PowerPotion"},{"floor":27,"key":"Ancient Potion"},{"floor":31,"key":"Block Potion"},{"floor":33,"key":"EssenceOfSteel"},{"floor":35,"key":"Weak Potion"}],"is_trial":true,"path_per_floor":["M","M","?","$","?","R","E","M","T","$","M","R","M","M","R","B",null,"M","$","?","M","M","R","$","E","T","M","M","?","M","M","R","B",null,"M","?","?","M","M"],"character_chosen":"THE_SERVANT","items_purchased":["Luminosity","Moonlight","Rearm","reliquary:Buckler"],"campfire_rested":2,"item_purchase_floors":[4,4,4,19],"current_hp_per_floor":[65,64,64,64,69,69,61,61,61,61,66,66,66,65,65,62,70,64,64,64,46,46,67,67,49,49,42,42,42,42,36,57,53,70,65,65,65,29,0,0],"gold":227,"neow_bonus":"","is_daily":false,"chose_seed":false,"campfire_upgraded":3,"win_rate":0.0,"timestamp":1612629836,"path_taken":["M","M","?","$","?","R","E","M","T","$","M","R","M","M","R","BOSS","M","$","?","?","M","R","$","E","T","M","M","?","M","M","R","BOSS","M","?","?","?","?"],"items_purchased_type":["Card","Card","Card","Relic"],"build_version":"2020-12-22","purchased_purges":2,"victory":false,"max_hp_per_floor":[65,65,65,65,70,70,70,70,70,70,70,70,70,70,70,70,70,70,70,70,70,70,70,70,70,70,70,70,70,70,70,70,70,70,73,73,73,74,74,74],"card_choices":[{"not_picked":["Rewind","Contraction"],"picked":"BottledTime","floor":1},{"not_picked":["DoubleEdge","Manipulate"],"picked":"Moonlight","floor":2},{"not_picked":["Unruled","ShiftingGears"],"picked":"SurpressingFire","floor":7},{"not_picked":["DoubleEdge","RealityMarble"],"picked":"BottledTime","floor":8},{"not_picked":["Defy","Alleviate","StarChef"],"picked":"SKIP","floor":11},{"not_picked":["Sabotage","Spin","DualDimension"],"picked":"SKIP","floor":13},{"not_picked":["TimeTheft","SurpressingFire"],"picked":"SilverBlades","floor":14},{"not_picked":["Solidify","Sunlight"],"picked":"FloweringNight","floor":16},{"not_picked":["Potential","Starlight"],"picked":"Ricochet+1","floor":18},{"not_picked":["Rearm","Desolation","Advance"],"picked":"SKIP","floor":21},{"not_picked":["BottledTime","FastForward","Unruled"],"picked":"SKIP","floor":22},{"not_picked":["Read","TimeWarp","Alleviate"],"picked":"SKIP","floor":25},{"not_picked":["ShatteredReality","Initiator","BottledTime"],"picked":"SKIP","floor":27},{"not_picked":["Collapse","Unruled+1"],"picked":"SurpressingFire","floor":30},{"not_picked":["Snipe","Moonlight+1"],"picked":"Defy+1","floor":31},{"not_picked":["Embodiment","TheWorld"],"picked":"FlawlessForm","floor":33},{"not_picked":["SpecialFormula+1","Deadline+1","ShiftingGears+1"],"picked":"SKIP","floor":35},{"not_picked":["Defy","Snipe"],"picked":"Starlight+1","floor":38}],"player_experience":181442,"relics_obtained":[{"floor":7,"key":"Anchor"},{"floor":9,"key":"SpikesRelics:DaevaFist"},{"floor":25,"key":"reliquary:Knoch"},{"floor":26,"key":"reliquary:FeatherDuster"}],"event_choices":[{"damage_healed":0,"gold_gain":175,"player_choice":"AGREE","damage_taken":0,"max_hp_gain":0,"max_hp_loss":0,"event_name":"Liars Game","floor":3,"gold_loss":0,"cards_obtained":["Doubt"]},{"damage_healed":0,"gold_gain":0,"player_choice":"Donut","damage_taken":0,"max_hp_gain":5,"max_hp_loss":0,"event_name":"Big Fish","floor":5,"gold_loss":0},{"damage_healed":0,"gold_gain":0,"player_choice":"Ignored","damage_taken":0,"max_hp_gain":0,"max_hp_loss":0,"event_name":"NoteForYourself","floor":20,"gold_loss":0},{"damage_healed":0,"gold_gain":0,"player_choice":"Inject Mutagens","damage_taken":0,"relics_obtained":["MutagenicStrength"],"max_hp_gain":0,"max_hp_loss":0,"event_name":"Drug Dealer","floor":29,"gold_loss":0},{"damage_healed":0,"gold_gain":0,"player_choice":"Gave Potion","damage_taken":0,"relics_obtained":["RetroEgg"],"max_hp_gain":0,"max_hp_loss":0,"event_name":"WeMeetAgain","floor":37,"gold_loss":0}],"is_beta":false,"boss_relics":[{"not_picked":["Tiny House","Coffee Dripper"],"picked":"SacredBark"},{"not_picked":["reliquary:RedCape","Snecko Eye"],"picked":"StoneMask"}],"items_purged_floors":[4,19],"is_endless":false,"potions_floor_spawned":[2,8,11,16,18,21,27,31,33,35],"killed_by":"Transient","ascension_level":0}}