{"host":"gop1q6bv59twswbp","time":1612638008,"event":{"mods":["AlwaysNeverKeys","BaseMod","Downfall","Hermit","Minty Spire (QoL Compilation)","Permanent Neow","Rare Cards Sparkle","StSLib","The Cursed"],"gold_per_floor":[136,136,169,169,1,26,59,95,95,95,148,179,179,31,31,172,172,204,204,204,235,255,255,303,317,317,357,410,410,464,499,499,595,595,632,333,703,735,748,778,778,807,807,807,835,874,874,886,886,886,886,886,29,62,62],"floor_reached":56,"language":"ENG","playtime":5094,"items_purged":["hermit:Strike_Hermit","hermit:Strike_Hermit"],"score":1264,"play_id":"9e31dbc0-2ed4-448b-97c2-0ab533969659","local_time":"20210206140008","is_ascension_mode":false,"campfire_choices":[{"floor":10.0,"key":"REST"},{"floor":13.0,"key":"REST"},{"floor":15.0,"key":"REST"},{"data":"hermit:FatalDesire","floor":23.0,"key":"SMITH"},{"data":"downfall:Bewildered","floor":32.0,"key":"PURGE"},{"data":"hermit:TakeCover","floor":41.0,"key":"SMITH"},{"data":"hermit:Snipe","floor":44.0,"key":"SMITH"},{"data":"hermit:FlashPowder","floor":49.0,"key":"SMITH"},{"data":"hermit:TakeAim","floor":52.0,"key":"SMITH"}],"circlet_count":0,"master_deck":["hermit:Strike_Hermit+1","hermit:Defend_Hermit+1","hermit:Defend_Hermit","hermit:Snapshot","hermit:Covet","Pain","HandOfGreed","hermit:Ricochet","hermit:Snipe+1","Regret","Flash of Steel","hermit:CalledShot","hermit:HoleUp","hermit:FatalDesire+1","hermit:BodyArmor","hermit:Adapt","hermit:Roulette+1","hermit:GhostlyPresence","hermit:FinalCanter","hermit:GhostlyPresence+1","hermit:TakeCover+1","hermit:Combo","hermit:ShadowCloak","Finesse","hermit:TakeAim+1","hermit:Grudge+1","hermit:FlashPowder+1","hermit:TakeCover+1","hermit:Manifest","hermit:Glare+1"],"relics":["hermit:ClaspedLocket","Darkstone Periapt","hermit:CharredGlove","Calipers","Kunai","Guardian:BottledAnomaly","Busted Crown","hexamod:CandleOfCauterizing","Smiling Mask","Meat on the Bone","sneckomod:BabySnecko","Peace Pipe","Bronze Scales","Old Coin","hexamod:BolsterEngine","Akabeko","Pear","StrikeDummy","Lizard Tail","Thread and Needle","DollysMirror","Shuriken"],"acts_visited":["Exordium","TheCity","TheBeyond","TheEnding"],"potions_floor_usage":[55],"damage_taken":[{"damage":1.0,"enemies":"2 Louse","floor":1.0,"turns":3.0},{"damage":6.0,"enemies":"Jaw Worm","floor":3.0,"turns":6.0},{"damage":35.0,"enemies":"Lagavulin","floor":6.0,"turns":7.0},{"damage":0.0,"enemies":"Small Slimes","floor":7.0,"turns":3.0},{"damage":20.0,"enemies":"Exordium Wildlife","floor":8.0,"turns":5.0},{"damage":11.0,"enemies":"3 Sentries","floor":11.0,"turns":8.0},{"damage":2.0,"enemies":"Looter","floor":12.0,"turns":2.0},{"damage":47.0,"enemies":"Slime Boss","floor":16.0,"turns":14.0},{"damage":5.0,"enemies":"Spheric Guardian","floor":18.0,"turns":5.0},{"damage":3.0,"enemies":"Chosen","floor":21.0,"turns":3.0},{"damage":1.0,"enemies":"Sentry and Sphere","floor":22.0,"turns":4.0},{"damage":4.0,"enemies":"Book of Stabbing","floor":24.0,"turns":4.0},{"damage":11.0,"enemies":"Snake Plant","floor":25.0,"turns":4.0},{"damage":5.0,"enemies":"Chosen and Byrds","floor":27.0,"turns":4.0},{"damage":0.0,"enemies":"3 Cultists","floor":28.0,"turns":6.0},{"damage":3.0,"enemies":"Gremlin Leader","floor":30.0,"turns":6.0},{"damage":5.0,"enemies":"Centurion and Healer","floor":31.0,"turns":3.0},{"damage":5.0,"enemies":"Automaton","floor":33.0,"turns":9.0},{"damage":13.0,"enemies":"3 Darklings","floor":35.0,"turns":5.0},{"damage":2.0,"enemies":"Mind Bloom Boss Battle","floor":37.0,"turns":7.0},{"damage":4.0,"enemies":"3 Shapes","floor":38.0,"turns":3.0},{"damage":16.0,"enemies":"3 Darklings","floor":39.0,"turns":5.0},{"damage":36.0,"enemies":"Reptomancer","floor":40.0,"turns":8.0},{"damage":15.0,"enemies":"Nemesis","floor":42.0,"turns":5.0},{"damage":12.0,"enemies":"Reptomancer","floor":45.0,"turns":7.0},{"damage":0.0,"enemies":"Maw","floor":46.0,"turns":8.0},{"damage":0.0,"enemies":"Transient","floor":48.0,"turns":5.0},{"damage":15.0,"enemies":"Donu and Deca","floor":50.0,"turns":9.0},{"damage":23,"enemies":"Shield and Spear","floor":54,"turns":7},{"damage":72,"enemies":"The Heart","floor":55,"turns":11}],"seed_played":"-5154865217655592056","potions_obtained":[{"floor":7.0,"key":"FearPotion"},{"floor":8.0,"key":"LiquidBronze"},{"floor":12.0,"key":"Weak Potion"},{"floor":16.0,"key":"FearPotion"},{"floor":18.0,"key":"LiquidBronze"},{"floor":24.0,"key":"DistilledChaos"},{"floor":35.0,"key":"Regen Potion"},{"floor":38.0,"key":"LiquidMemories"},{"floor":39.0,"key":"sneckomod:MuddlingPotion"},{"floor":45.0,"key":"GamblersBrew"},{"floor":48.0,"key":"AttackPotion"}],"is_trial":false,"path_per_floor":["M","?","M","?","$","E","M","M","T","R","E","M","R","$","R","B",null,"M","?","?","M","M","R","E","M","T","M","M","?","E","M","R","B",null,"M","$","?","M","M","E","R","E","T","R","E","M","?","M","R","B",null,"R","$","E","B",null],"character_chosen":"HERMIT","items_purchased":["Flash of Steel","Guardian:BottledAnomaly","hermit:ShadowCloak","Finesse","Bronze Scales","Lizard Tail","Thread and Needle","DollysMirror","hermit:Manifest"],"campfire_rested":3,"item_purchase_floors":[5,14,36,36,36,53,53,53,53],"current_hp_per_floor":[74,59,53,59,59,24,24,4,4,28,17,15,39,39,63,16,81,76,76,76,73,72,72,68,57,57,52,52,58,55,50,50,45,87,82,82,87,85,85,67,67,67,77,77,84,97,97,97,97,97,97,97,97,83,34],"gold":62,"neow_bonus":"RANDOM_COLORLESS_2","is_daily":false,"chose_seed":false,"campfire_upgraded":5,"win_rate":0.0,"timestamp":1612638008,"path_taken":["M","?","M","?","$","E","M","M","T","R","E","M","R","?","R","BOSS","M","?","?","M","M","R","E","M","T","M","M","?","E","M","R","BOSS","M","$","?","M","M","E","R","E","T","R","E","M","?","M","R","BOSS","R","$","E","BOSS"],"items_purchased_type":["Card","Relic","Card","Card","Relic","Relic","Relic","Relic","Card"],"build_version":"2020-12-22","purchased_purges":2,"victory":true,"max_hp_per_floor":[75,75,75,81,81,81,81,81,81,81,81,81,81,81,81,81,81,81,81,81,81,81,81,81,81,81,81,81,87,87,87,87,87,87,87,87,87,87,87,87,87,87,97,97,97,97,97,97,97,97,97,97,97,97,97],"card_choices":[{"not_picked":["Violence","Mayhem"],"picked":"HandOfGreed","floor":0.0},{"not_picked":["hermit:Glare","hermit:BodyArmor"],"picked":"hermit:Ricochet","floor":1.0},{"not_picked":["hermit:Coalescence","hermit:WideOpen"],"picked":"hermit:Snipe","floor":3.0},{"not_picked":["hermit:LowProfile","hermit:Coalescence","hermit:Brawl"],"picked":"SKIP","floor":6.0},{"not_picked":["hermit:Manifest","hermit:WideOpen"],"picked":"hermit:CalledShot","floor":7.0},{"not_picked":["hermit:Misfire","hermit:WideOpen"],"picked":"hermit:HoleUp","floor":8.0},{"not_picked":["hermit:Showdown","hermit:Headshot"],"picked":"hermit:FatalDesire","floor":11.0},{"not_picked":["hermit:Feint","hermit:Showdown"],"picked":"hermit:BodyArmor","floor":12.0},{"not_picked":["hermit:FromBeyond","hermit:Purgatory"],"picked":"hermit:Adapt","floor":16.0},{"not_picked":[],"picked":"hermit:Roulette+1","floor":18.0},{"not_picked":["hermit:Misfire"],"picked":"SKIP","floor":21.0},{"not_picked":["hermit:LowProfile+1"],"picked":"SKIP","floor":22.0},{"not_picked":["hermit:Quickdraw"],"picked":"SKIP","floor":24.0},{"not_picked":["hermit:SprayPray"],"picked":"SKIP","floor":25.0},{"not_picked":["hermit:LowProfile+1"],"picked":"SKIP","floor":27.0},{"not_picked":["hermit:ItchyTrigger"],"picked":"SKIP","floor":28.0},{"not_picked":[],"picked":"hermit:GhostlyPresence+1","floor":30.0},{"not_picked":[],"picked":"hermit:TakeCover","floor":31.0},{"not_picked":[],"picked":"hermit:Combo","floor":35.0},{"not_picked":["hermit:HighCaliber+1"],"picked":"SKIP","floor":38.0},{"not_picked":["hermit:PistolWhip"],"picked":"SKIP","floor":39.0},{"not_picked":[],"picked":"hermit:TakeAim","floor":40.0},{"not_picked":[],"picked":"hermit:Grudge+1","floor":42.0},{"not_picked":["hermit:Glare"],"picked":"SKIP","floor":45.0},{"not_picked":["hermit:Misfire"],"picked":"SKIP","floor":46.0},{"not_picked":[],"picked":"hermit:FlashPowder","floor":48.0},{"not_picked":[],"picked":"hermit:Glare+1","floor":54}],"player_experience":883034,"relics_obtained":[{"floor":6.0,"key":"hermit:CharredGlove"},{"floor":9.0,"key":"Calipers"},{"floor":11.0,"key":"Kunai"},{"floor":24.0,"key":"Smiling Mask"},{"floor":26.0,"key":"Meat on the Bone"},{"floor":30.0,"key":"Peace Pipe"},{"floor":37.0,"key":"Old Coin"},{"floor":40.0,"key":"hexamod:BolsterEngine"},{"floor":42.0,"key":"Akabeko"},{"floor":43.0,"key":"Pear"},{"floor":45.0,"key":"StrikeDummy"},{"floor":54,"key":"Shuriken"}],"event_choices":[{"damage_healed":0.0,"max_hp_gain":0.0,"max_hp_loss":0.0,"gold_gain":0.0,"event_name":"Shining Light","player_choice":"Entered Light","floor":2.0,"gold_loss":0.0,"damage_taken":15.0,"cards_upgraded":["hermit:Defend_Hermit","hermit:Strike_Hermit"]},{"damage_healed":0.0,"max_hp_gain":0.0,"max_hp_loss":0.0,"gold_gain":0.0,"event_name":"Big Fish","player_choice":"Box","floor":4.0,"gold_loss":0.0,"damage_taken":0.0,"relics_obtained":["Darkstone Periapt"],"cards_obtained":["Regret"]},{"damage_healed":0.0,"max_hp_gain":0.0,"max_hp_loss":0.0,"gold_gain":0.0,"event_name":"The Mausoleum","player_choice":"Opened","floor":19.0,"gold_loss":0.0,"damage_taken":0.0,"relics_obtained":["hexamod:CandleOfCauterizing"]},{"damage_healed":0.0,"max_hp_gain":0.0,"max_hp_loss":0.0,"gold_gain":0.0,"cards_transformed":["hermit:Strike_Hermit","hermit:Defend_Hermit"],"event_name":"Drug Dealer","player_choice":"Became Test Subject","floor":20.0,"gold_loss":0.0,"damage_taken":0.0,"cards_obtained":["hermit:GhostlyPresence","hermit:FinalCanter"]},{"damage_healed":0.0,"max_hp_gain":0.0,"max_hp_loss":0.0,"gold_gain":0.0,"event_name":"MindBloom","player_choice":"Fight","floor":37.0,"gold_loss":0.0,"damage_taken":0.0},{"cards_removed":["hermit:Defend_Hermit"],"damage_healed":0.0,"max_hp_gain":0.0,"max_hp_loss":0.0,"gold_gain":0.0,"event_name":"Falling","player_choice":"Removed Skill","floor":47.0,"gold_loss":0.0,"damage_taken":0.0}],"is_beta":false,"boss_relics":[{"not_picked":["Calling Bell","Pandora\u0027s Box"],"picked":"Busted Crown"},{"not_picked":["Runic Pyramid","expansioncontent:StudyCardRelic"],"picked":"hermit:ClaspedLocket"}],"items_purged_floors":[5,53],"is_endless":false,"potions_floor_spawned":[7,8,12,16,18,24,27,35,38,39,45,48],"ascension_level":0}}