{"host":"usru02jcpe2a942d","time":1612571865,"event":{"mods":["ATMod(°¢èªMod)","Act Like it!","BaseMod","Better Note","Better Vampires","Challenge The Spire","Colored Powertips","Friendly Minions","GifTheSpireLib","Highlight Path","Hubris","Infinite Spire","Jedi Mod","Minty Spire (QoL Compilation)","MostiFishMod","Pale of the Ancients","Quick Restart","Relic Stats","RumiaBox-Â¶Ã×æ«µÄÉñÃØºÐ×Ó","StSLib","The Servant 0.9.4","noobMod","¡¾ÒÅÎï¿¨ÅÆ¡¿REMEMod","óô»ðÖ¸ÄÏ"],"gold_per_floor":[119,119,119,139,155,188,188,206,206,206,206,55,55,82,82,185,185,199,199,199,218,250,283,283,303,373,408,423,435,459,472,472,656,656,673,206,206,206,226,244,244,244,318,343,343,52,87,87,87,87,105,118,118,193,147,147,3,3,3,3],"floor_reached":61,"language":"ZHS","playtime":2597,"items_purged":["Strike_S","Strike_S","Strike_S"],"score":1827,"play_id":"61b6c666-ac94-4fed-a611-9433e499a70b","local_time":"20210206083745","is_ascension_mode":false,"campfire_choices":[{"data":"SilverBlades","floor":7.0,"key":"SMITH"},{"data":"REME_WheelOfFate","floor":13.0,"key":"SMITH"},{"data":"SurpressingFire","floor":15.0,"key":"SMITH"},{"data":"BottledTime","floor":24,"key":"SMITH"},{"data":"SoulSculpture","floor":32,"key":"SMITH"},{"data":"FloweringNight","floor":41,"key":"SMITH"},{"data":"InstantArmor","floor":49,"key":"SMITH"}],"circlet_count":0,"master_deck":["Defend_S","Defend_S","Defend_S","Defend_S","KidneyShot","Exchange","REME_WheelOfFate+1","AT_FamilyPortrait+1","SurpressingFire+1","SilverBlades+1","TimeWarp","ShatteredReality","Dilation","BottledTime+1","SoulSculpture+1","AT_EmpoweredMortalDraw","BottledTime","BottledTime","FastForward+1","ShiftingGears","Ricochet","Advance","FloweringNight+1","Rearm","MostiFishMod:ButterFly+1","Flash of Steel","REME_ShortnessOfBreath","jedi:forcepush","InstantArmor+1","ShatteredReality+1","TimeWarp","Sabotage+1","BottledTime+1"],"relics":["Uniform","DaveBox","ice","REME_ComplimentaryCards","AT_ATBox","ThornShield","SynthV:TestCard","jedi:cryingmask","REME_HourglassOfDeath","Darkstone Periapt","hubris:Icosahedron","jedi:crownofsimplicity","Incense Burner","AT_MortalBlade","FeatherPendant","Pantograph","Red Mask","Anchor","hubris:BottledRain","jedi:gremlinknob","AT_SunfireAegis","ChiXiaoBlade","REME_CardOfGreed","hubris:TenFootPole","Bag of Marbles","Question Card","jedi:HeartOfTheCards","hubris:Towel","DianPoetry","AT_GoldPhoenixTree","paleoftheancients:Timepiece","paleoftheancients:KeyRelic","Gremlin Horn","CultistMask","infinitespire:Bottled Soul","Nunchaku","jedi:ominousloannote","AT_LudenTempest","paleoftheancients:SoulOfTheVixen","Civilization","DaCapo"],"acts_visited":["Exordium","TheCity","TheBeyond","paleoftheancients:PaleOfTheAncients"],"potions_floor_usage":[16,16,33],"damage_taken":[{"damage":7.0,"enemies":"2 Louse","floor":1.0,"turns":2.0},{"damage":0.0,"enemies":"Jaw Worm","floor":4.0,"turns":3.0},{"damage":1.0,"enemies":"Small Slimes","floor":5.0,"turns":5.0},{"damage":26.0,"enemies":"Lagavulin","floor":6.0,"turns":8.0},{"damage":0.0,"enemies":"Looter","floor":8.0,"turns":3.0},{"damage":0.0,"enemies":"3 Sentries","floor":14.0,"turns":1.0},{"damage":0,"enemies":"Slime Boss","floor":16,"turns":7},{"damage":0,"enemies":"2 Thieves","floor":18,"turns":2},{"damage":0,"enemies":"Chosen","floor":21,"turns":1},{"damage":0,"enemies":"Masked Bandits","floor":22,"turns":3},{"damage":0,"enemies":"REME_1_Revenger","floor":23,"turns":2},{"damage":0,"enemies":"Snecko","floor":25,"turns":4},{"damage":0,"enemies":"Nightmare","floor":27,"turns":2},{"damage":0,"enemies":"Centurion and Healer","floor":28,"turns":1},{"damage":0,"enemies":"Snake Plant","floor":29,"turns":1},{"damage":0,"enemies":"Sentry and Sphere","floor":31,"turns":1},{"damage":0,"enemies":"Champ","floor":33,"turns":3},{"damage":0,"enemies":"3 Shapes","floor":35,"turns":1},{"damage":0,"enemies":"3 Darklings","floor":39,"turns":1},{"damage":0,"enemies":"4 Shapes","floor":40,"turns":1},{"damage":0,"enemies":"Nightmare","floor":44,"turns":1},{"damage":0,"enemies":"Giant Head","floor":47,"turns":1},{"damage":0,"enemies":"infinitespire:MassOfShapes","floor":50,"turns":1},{"damage":0,"enemies":"infinitespire:MassOfShapes","floor":51,"turns":2},{"damage":0,"enemies":"infinitespire:MassOfShapes","floor":52,"turns":1},{"damage":0,"enemies":"infinitespire:MassOfShapes","floor":56,"turns":1},{"damage":0,"enemies":"paleoftheancients:N","floor":60,"turns":2}],"seed_played":"212757757046824900","potions_obtained":[{"floor":1.0,"key":"jedi:wingpotion"},{"floor":6.0,"key":"SkillPotion"},{"floor":8.0,"key":"PowerPotion"},{"floor":21,"key":"AttackPotion"},{"floor":25,"key":"jedi:StrikingPotion"},{"floor":33,"key":"Weak Potion"},{"floor":40,"key":"Ancient Potion"},{"floor":47,"key":"Swift Potion"}],"is_trial":false,"path_per_floor":["M","?","?","M","M","E","R","M","T","?","?","$","R","E","R","B",null,"M","?","AVR","M","?","E","R","M","T","NM","M","M","T","M","R","B",null,"M","$","?","?","M","M","R","AVR","T","NM","?","R","E","?","R","B","M","M","?","T","R","M","R","T","?","B",null],"character_chosen":"THE_SERVANT","items_purchased":["jedi:crownofsimplicity","REME_CardOfGreed","hubris:TenFootPole","MostiFishMod:ButterFly","DianPoetry","Nunchaku","jedi:ominousloannote","AT_LudenTempest","Civilization"],"campfire_rested":0,"item_purchase_floors":[12,36,36,36,46,55,55,55,57],"current_hp_per_floor":[64,64,64,69,68,42,42,42,42,25,25,25,25,25,25,25,71,71,71,71,71,71,71,71,71,71,71,71,71,71,71,71,71,71,71,71,66,66,71,71,71,71,71,71,71,71,71,71,71,71,71,71,71,71,71,71,71,71,71,72],"gold":3,"neow_bonus":"TEN_PERCENT_HP_BONUS","is_daily":false,"chose_seed":false,"campfire_upgraded":7,"win_rate":0.0,"timestamp":1612571865,"path_taken":["M","?","?","M","?","E","R","M","T","?","?","?","R","E","R","BOSS","M","?","AVR","?","?","E","R","M","T","NM","?","?","?","M","R","BOSS","M","$","?","?","M","?","R","AVR","T","NM","?","R","E","?","R","BOSS","M","M","?","T","R","M","R","T","?","BOSS"],"items_purchased_type":["Relic","Relic","Relic","Card","Relic","Relic","Relic","Relic","Relic"],"build_version":"2020-12-22","purchased_purges":3,"victory":true,"max_hp_per_floor":[71,71,71,71,71,71,71,71,71,71,71,71,71,71,71,71,71,71,71,71,71,71,71,71,71,71,71,71,71,71,71,71,71,71,71,71,71,71,71,71,71,71,71,71,71,71,71,71,71,71,71,71,71,71,71,71,71,71,71,72],"relic_stats":{"Darkstone Periapt":0,"Nunchaku":[3],"Gremlin Horn":[9,9],"counters":[27,61],"Pantograph":0,"Question Card":19,"obtain_stats":[{"Darkstone Periapt":9,"AT_ATBox":0,"DaveBox":0,"Gremlin Horn":50,"DianPoetry":46,"Uniform":0,"ice":0,"Incense Burner":14,"Civilization":57,"Nunchaku":55,"hubris:Icosahedron":11,"infinitespire:Bottled Soul":54,"Pantograph":20,"jedi:cryingmask":5,"Red Mask":22,"DaCapo":58,"paleoftheancients:KeyRelic":50,"AT_MortalBlade":17,"jedi:gremlinknob":27,"AT_GoldPhoenixTree":47,"paleoftheancients:SoulOfTheVixen":56,"jedi:crownofsimplicity":12,"hubris:Towel":45,"ThornShield":0,"Question Card":43,"jedi:HeartOfTheCards":44,"paleoftheancients:Timepiece":50,"Anchor":23,"AT_LudenTempest":55,"SynthV:TestCard":1,"REME_HourglassOfDeath":6,"FeatherPendant":20,"jedi:ominousloannote":55,"ChiXiaoBlade":34,"CultistMask":50,"hubris:TenFootPole":36,"Bag of Marbles":42,"REME_CardOfGreed":36,"AT_SunfireAegis":30,"REME_ComplimentaryCards":0,"hubris:BottledRain":26},{"Darkstone Periapt":5,"AT_ATBox":0,"DaveBox":0,"Gremlin Horn":23,"DianPoetry":21,"Uniform":0,"ice":0,"Incense Burner":6,"Civilization":26,"Nunchaku":25,"hubris:Icosahedron":5,"infinitespire:Bottled Soul":25,"Pantograph":8,"jedi:cryingmask":3,"Red Mask":10,"DaCapo":26,"paleoftheancients:KeyRelic":23,"AT_MortalBlade":7,"jedi:gremlinknob":13,"AT_GoldPhoenixTree":22,"paleoftheancients:SoulOfTheVixen":26,"jedi:crownofsimplicity":5,"hubris:Towel":21,"ThornShield":0,"Question Card":20,"jedi:HeartOfTheCards":21,"paleoftheancients:Timepiece":23,"Anchor":11,"AT_LudenTempest":25,"SynthV:TestCard":1,"REME_HourglassOfDeath":4,"FeatherPendant":8,"jedi:ominousloannote":25,"ChiXiaoBlade":17,"CultistMask":23,"hubris:TenFootPole":18,"Bag of Marbles":20,"REME_CardOfGreed":18,"AT_SunfireAegis":15,"REME_ComplimentaryCards":0,"hubris:BottledRain":12},{"Darkstone Periapt":21,"AT_ATBox":0,"DaveBox":0,"Gremlin Horn":55,"DianPoetry":53,"Uniform":0,"ice":0,"Incense Burner":22,"Civilization":59,"Nunchaku":58,"hubris:Icosahedron":21,"infinitespire:Bottled Soul":58,"Pantograph":31,"jedi:cryingmask":9,"Red Mask":35,"DaCapo":59,"paleoftheancients:KeyRelic":55,"AT_MortalBlade":29,"jedi:gremlinknob":43,"AT_GoldPhoenixTree":54,"paleoftheancients:SoulOfTheVixen":59,"jedi:crownofsimplicity":21,"hubris:Towel":53,"ThornShield":0,"Question Card":52,"jedi:HeartOfTheCards":53,"paleoftheancients:Timepiece":55,"Anchor":37,"AT_LudenTempest":58,"SynthV:TestCard":2,"REME_HourglassOfDeath":18,"FeatherPendant":31,"jedi:ominousloannote":58,"ChiXiaoBlade":49,"CultistMask":55,"hubris:TenFootPole":50,"Bag of Marbles":52,"REME_CardOfGreed":50,"AT_SunfireAegis":45,"REME_ComplimentaryCards":0,"hubris:BottledRain":41}]},"card_choices":[{"not_picked":["ShatteredReality","DoubleEdge"],"picked":"SurpressingFire","floor":1.0},{"not_picked":["Rearm","Reset","Ricochet","Shuttle"],"picked":"SilverBlades","floor":4.0},{"not_picked":["ShatteredReality","Hightail","Foresight","Snipe"],"picked":"TimeWarp","floor":5.0},{"not_picked":["Spin","RealityMarble","Replace","Barrier"],"picked":"ShatteredReality","floor":6.0},{"not_picked":["Moonlight","Desolation","TimeWarp","Comet"],"picked":"Dilation","floor":8.0},{"not_picked":["infinitespire:UltimateForm","hubris:Rewind"],"picked":"infinitespire:SealOfDarkness+","floor":10.0},{"not_picked":["Defy","Ricochet","Revamp","Rearm"],"picked":"BottledTime","floor":14.0},{"not_picked":["Deny","Embodiment","LightFlow","PendulumOfEternity"],"picked":"SoulSculpture","floor":16},{"not_picked":["TimeWarp","Potential","Hightail","Barrier"],"picked":"BottledTime","floor":18},{"not_picked":["RealityMarble","Defy","Revamp","Shuttle+1"],"picked":"Unruled","floor":21},{"not_picked":["Spin","Replace","Snipe","Defy"],"picked":"BottledTime","floor":22},{"not_picked":["Potential","Misdirection","Deny","Alleviate"],"picked":"FastForward+1","floor":23},{"not_picked":["Moonlight","SilverBlades+1","Unruled","Read+1","RealityMarble"],"picked":"SKIP","floor":25},{"not_picked":["TimeWarp","Starlight","Replace","Potential"],"picked":"ShiftingGears","floor":27},{"not_picked":["Rewind+1","Rearm","Potential","WasteNot+1"],"picked":"Ricochet","floor":28},{"not_picked":["Spin","Revamp","Potential","BestPractice"],"picked":"Advance","floor":29},{"not_picked":["RealityMarble","Ricochet","SurpressingFire","MoonPhase","Misdirection"],"picked":"SKIP","floor":31},{"not_picked":["FlawlessForm","Initiator","PendulumOfEternity","LightFlow"],"picked":"FloweringNight","floor":33},{"not_picked":["Spin","Replace","ReturningBlade+1","Revamp"],"picked":"Rearm","floor":35},{"not_picked":["Dramatic Entrance","Deep Breath","MostiFishMod:Kaleido","Impatience"],"picked":"Flash of Steel","floor":37},{"not_picked":["REME_MagicPocketWatch","Good Instincts","AT_CelerityRune","Secret Technique"],"picked":"REME_ShortnessOfBreath","floor":37},{"not_picked":["MostiFishMod:MusicBox","jedi:cleanse","MostiFishMod:Kaleido","Deep Breath"],"picked":"jedi:forcepush","floor":37},{"not_picked":["Starlight+1","DualDimension","DoubleEdge","InstantArmor+1","SilverBlades"],"picked":"SKIP","floor":39},{"not_picked":["Rewind","Replace+1","Ricochet+1","Solidify","Starlight"],"picked":"SKIP","floor":40},{"not_picked":["Spin","Misdirection+1","ReturningBlade","SurpressingFire+1","SoulSculpture"],"picked":"InstantArmor","floor":44},{"not_picked":["SurpressingFire+1","Defy","Unruled+1","Misdirection+1","GearUp+1"],"picked":"ShatteredReality+1","floor":47},{"not_picked":["FastForward","Manipulate","Gouge","Potential","Ricochet"],"picked":"Sabotage+1","floor":51},{"not_picked":["Starlight","Sabotage","StarChef+1","RealityMarble","Potential+1","Revamp"],"picked":"SKIP","floor":52},{"not_picked":["Revamp","SurpressingFire","Potential+1","WasteNot","Unruled"],"picked":"BottledTime+1","floor":56}],"player_experience":240962,"relics_obtained":[{"floor":1.0,"key":"SynthV:TestCard"},{"floor":6.0,"key":"REME_HourglassOfDeath"},{"floor":9.0,"key":"Darkstone Periapt"},{"floor":14.0,"key":"Incense Burner"},{"floor":22,"key":"Red Mask"},{"floor":23,"key":"Anchor"},{"floor":26,"key":"hubris:BottledRain"},{"floor":27,"key":"jedi:gremlinknob"},{"floor":30,"key":"AT_SunfireAegis"},{"floor":43,"key":"Question Card"},{"floor":44,"key":"jedi:HeartOfTheCards"},{"floor":47,"key":"AT_GoldPhoenixTree"},{"floor":54,"key":"infinitespire:Bottled Soul"},{"floor":56,"key":"paleoftheancients:SoulOfTheVixen"},{"floor":58,"key":"DaCapo"}],"event_choices":[{"cards_removed":["Strike_S"],"damage_healed":0,"gold_gain":0,"player_choice":"Give","damage_taken":0,"max_hp_gain":0,"max_hp_loss":0,"event_name":"betterNote:BetterNote","floor":19,"gold_loss":0,"cards_obtained":["None"]},{"damage_healed":0,"gold_gain":0,"player_choice":"Fought Bandits","damage_taken":0,"max_hp_gain":0,"max_hp_loss":0,"event_name":"Masked Bandits","floor":22,"gold_loss":0},{"damage_healed":0,"gold_gain":0,"player_choice":"Memory 3","damage_taken":10,"max_hp_gain":0,"max_hp_loss":0,"event_name":"SensoryStone","floor":37,"gold_loss":0},{"cards_removed":["Strike_S"],"damage_healed":0,"gold_gain":0,"player_choice":"Purged","damage_taken":0,"max_hp_gain":0,"max_hp_loss":0,"event_name":"Purifier","floor":38,"gold_loss":0},{"damage_healed":0,"gold_gain":0,"cards_transformed":["Unruled"],"player_choice":"Transformed","damage_taken":0,"max_hp_gain":0,"max_hp_loss":0,"event_name":"Transmorgrifier","floor":48,"gold_loss":0,"cards_obtained":["TimeWarp"]},{"damage_healed":0,"gold_gain":0,"player_choice":"Upgraded","damage_taken":0,"max_hp_gain":0,"max_hp_loss":0,"event_name":"Upgrade Shrine","floor":53,"gold_loss":0,"cards_upgraded":["MostiFishMod:ButterFly"]}],"is_beta":false,"boss_relics":[{"not_picked":["hubris:TerracottaHorce","Cursed Key"],"picked":"AT_MortalBlade"},{"not_picked":["Coffee Dripper","hubris:HollowSoul"],"picked":"ChiXiaoBlade"}],"items_purged_floors":[20,36,42],"is_endless":false,"potions_floor_spawned":[1,6,8,21,25,28,29,33,40,47,56],"ascension_level":0}}