{"host":"Jinnai","time":1612575074,"event":{"mods":["BaseMod","Bestiary","Block Reminder","Colored Map","Colored Powertips","Highlight Path","Minty Spire (QoL Compilation)","Quick Restart","Relic Stats","StSLib"],"gold_per_floor":[16,16,34,50,71,71,104,123,123,146,146,146,170,194,194,194,194],"floor_reached":16,"language":"ENG","playtime":705,"items_purged":[],"score":212,"play_id":"132a9457-8c01-4fee-9f78-d7f538cfe3a0","local_time":"20210205203114","is_ascension_mode":true,"campfire_choices":[{"data":"Blade Dance","floor":6,"key":"SMITH"},{"floor":12,"key":"REST"},{"floor":15,"key":"REST"}],"circlet_count":0,"master_deck":["AscendersBane","Strike_G","Strike_G","Strike_G","Strike_G","Defend_G","Defend_G","Defend_G","Defend_G","Defend_G","Survivor","Neutralize","Sucker Punch","Blade Dance+1","Riddle With Holes","Dagger Throw","Setup","Terror","Backflip","Masterful Stab","Die Die Die","Dagger Throw"],"relics":["Ring of the Snake","Unceasing Top","Golden Idol","Singing Bowl","HornCleat"],"acts_visited":["Exordium"],"potions_floor_usage":[7,7,16,16],"damage_taken":[{"damage":6,"enemies":"Small Slimes","floor":1,"turns":4},{"damage":0,"enemies":"Cultist","floor":3,"turns":4},{"damage":0,"enemies":"2 Louse","floor":4,"turns":2},{"damage":8,"enemies":"Blue Slaver","floor":5,"turns":5},{"damage":28,"enemies":"Lagavulin","floor":7,"turns":6},{"damage":11,"enemies":"Gremlin Gang","floor":8,"turns":5},{"damage":0,"enemies":"3 Louse","floor":10,"turns":3},{"damage":1,"enemies":"Exordium Wildlife","floor":13,"turns":2},{"damage":0,"enemies":"Gremlin Gang","floor":14,"turns":1},{"damage":47,"enemies":"The Guardian","floor":16,"turns":11}],"seed_played":"-8813827606171469944","potions_obtained":[{"floor":3,"key":"EssenceOfSteel"},{"floor":5,"key":"SpeedPotion"},{"floor":10,"key":"ColorlessPotion"},{"floor":13,"key":"DistilledChaos"}],"is_trial":false,"path_per_floor":["M","?","M","M","M","R","E","M","T","M","?","R","M","M","R","B"],"character_chosen":"THE_SILENT","items_purchased":[],"campfire_rested":2,"item_purchase_floors":[],"current_hp_per_floor":[53,53,53,53,45,45,17,6,6,6,6,24,23,23,41,0,0],"gold":194,"neow_bonus":"ONE_RARE_RELIC","is_daily":false,"chose_seed":false,"campfire_upgraded":1,"win_rate":0.0,"timestamp":1612575074,"path_taken":["M","?","M","M","M","R","E","M","T","M","?","R","?","M","R","BOSS"],"items_purchased_type":[],"build_version":"2020-12-18","purchased_purges":0,"victory":false,"max_hp_per_floor":[66,60,60,60,60,60,60,60,60,60,60,60,60,60,60,60,60],"relic_stats":{"Singing Bowl":0,"counters":[10,43],"Golden Idol":37,"obtain_stats":[{"HornCleat":9,"Singing Bowl":7,"Golden Idol":2,"Unceasing Top":0,"Ring of the Snake":0},{"HornCleat":6,"Singing Bowl":5,"Golden Idol":1,"Unceasing Top":0,"Ring of the Snake":0},{"HornCleat":26,"Singing Bowl":21,"Golden Idol":4,"Unceasing Top":0,"Ring of the Snake":0}],"Unceasing Top":[3],"Ring of the Snake":[20]},"card_choices":[{"not_picked":["Poisoned Stab","PiercingWail"],"picked":"Sucker Punch","floor":1},{"not_picked":["Dagger Spray","Deflect"],"picked":"Blade Dance","floor":3},{"not_picked":["Distraction","Acrobatics"],"picked":"Riddle With Holes","floor":4},{"not_picked":["Caltrops","Masterful Stab"],"picked":"Dagger Throw","floor":5},{"not_picked":["Tactician","Well Laid Plans"],"picked":"Setup","floor":7},{"not_picked":["Sucker Punch","PiercingWail"],"picked":"Terror","floor":8},{"not_picked":["Deadly Poison","Terror"],"picked":"Backflip","floor":10},{"not_picked":["Poisoned Stab","Endless Agony"],"picked":"Die Die Die","floor":13},{"not_picked":["Acrobatics","Dagger Spray"],"picked":"Dagger Throw","floor":14}],"player_experience":1644491,"relics_obtained":[{"floor":7,"key":"Singing Bowl"},{"floor":9,"key":"HornCleat"}],"event_choices":[{"damage_healed":0,"gold_gain":0,"player_choice":"Lose Max HP","damage_taken":0,"relics_obtained":["Golden Idol"],"max_hp_gain":0,"max_hp_loss":6,"event_name":"Golden Idol","floor":2,"gold_loss":0},{"damage_healed":0,"gold_gain":0,"cards_transformed":["Strike_G"],"player_choice":"Transformed","damage_taken":0,"max_hp_gain":0,"max_hp_loss":0,"event_name":"Transmorgrifier","floor":11,"gold_loss":0,"cards_obtained":["Masterful Stab"]}],"is_beta":true,"boss_relics":[],"items_purged_floors":[],"is_endless":false,"potions_floor_spawned":[3,5,10,13],"killed_by":"The Guardian","ascension_level":20}}