{"host":"ek3xvuouaw6vk9if","time":1612639441,"event":{"mods":["BaseMod","BetterRewards","Curses Come First","Dark Map","Hubris","Minty Spire (QoL Compilation)","Permanent Neow","Quick Restart","Relic Stats","Replay The Spire","Robot Space Explorer","Spire Arcade","StSLib","The Cursed"],"gold_per_floor":[115,127,141,155,169,202,220,220,220,248,173,173,173],"floor_reached":12,"language":"ENG","playtime":693,"items_purged":[],"score":222,"play_id":"23de36df-86f4-4d56-a660-8c8d31423a3d","local_time":"20210206142401","is_ascension_mode":true,"campfire_choices":[],"circlet_count":1,"master_deck":["AscendersBane","Strike_G","Strike_G","Strike_G","Strike_G","Strike_G","Defend_G","Defend_G","Defend_G","Defend_G","Defend_G","Survivor","Neutralize","ReplayTheSpireMod:From All Sides","Footwork+1","Pot Of Greed","Pot Of Greed","Terror","Blade Dance","Footwork","Deflect","Blade Dance","Dodge and Roll","Cloak And Dagger","Deflect+1"],"relics":["Ring of the Snake","Grinning Jar","Circlet","Toxic Egg 2","Replay:Baseball"],"acts_visited":["Exordium"],"potions_floor_usage":[12],"damage_taken":[{"damage":0.0,"enemies":"2 Louse","floor":1.0,"turns":3.0},{"damage":7.0,"enemies":"Small Slimes","floor":2.0,"turns":3.0},{"damage":1.0,"enemies":"Cultist","floor":3.0,"turns":4.0},{"damage":8.0,"enemies":"Large Slime","floor":4.0,"turns":8.0},{"damage":0.0,"enemies":"2 Fungi Beasts","floor":5.0,"turns":5.0},{"damage":11.0,"enemies":"3 Sentries","floor":6.0,"turns":10.0},{"damage":0.0,"enemies":"Blue Slaver","floor":7.0,"turns":3.0},{"damage":0,"enemies":"Lagavulin","floor":10,"turns":8},{"damage":40,"enemies":"Gremlin Nob","floor":12,"turns":4}],"seed_played":"-3941983619138855767","potions_obtained":[{"floor":1.0,"key":"Block Potion"},{"floor":2.0,"key":"Energy Potion"}],"is_trial":false,"path_per_floor":["M","M","M","M","M","E","M","?","T","E","?","E"],"character_chosen":"THE_SILENT","items_purchased":["ReplayTheSpireMod:From All Sides","Footwork","Grinning Jar"],"campfire_rested":0,"item_purchase_floors":[0,0,0],"current_hp_per_floor":[59,52,51,43,43,32,32,32,32,32,32,0,0],"gold":173,"neow_bonus":"","is_daily":false,"chose_seed":false,"campfire_upgraded":0,"win_rate":0.0,"timestamp":1612639441,"path_taken":["M","M","M","M","M","E","M","?","T","E","?","E"],"items_purchased_type":["Card","Card","Relic"],"build_version":"2020-12-22","purchased_purges":0,"victory":false,"max_hp_per_floor":[66,66,66,66,66,66,66,66,66,66,66,66,66],"relic_stats":{"counters":[9,48],"obtain_stats":[{"Divine Protection":6,"Replay:Baseball":10,"Circlet":0,"Coffee Dripper":0,"Grinning Jar":0,"Toxic Egg 2":9,"Ring of the Snake":0},{"Divine Protection":6,"Replay:Baseball":8,"Circlet":0,"Coffee Dripper":0,"Grinning Jar":0,"Toxic Egg 2":7,"Ring of the Snake":0},{"Divine Protection":33,"Replay:Baseball":44,"Circlet":0,"Coffee Dripper":0,"Grinning Jar":0,"Toxic Egg 2":36,"Ring of the Snake":0}],"Ring of the Snake":[18]},"card_choices":[{"not_picked":["Well Laid Plans","Deadly Poison"],"picked":"Blade Dance","floor":1.0},{"not_picked":["Toxin Wave","Terror"],"picked":"Footwork","floor":2.0},{"not_picked":["Bane","Expertise"],"picked":"Deflect","floor":3.0},{"not_picked":["Acrobatics","Setup"],"picked":"Blade Dance","floor":4.0},{"not_picked":["Underhanded Strike","Terror"],"picked":"Dodge and Roll","floor":5.0},{"not_picked":["Poisoned Stab","Sucker Punch","Draining Mist"],"picked":"SKIP","floor":6.0},{"not_picked":["Deflect","Terror"],"picked":"Cloak And Dagger","floor":7.0},{"not_picked":["Heel Hook","Catalyst+1"],"picked":"Deflect+1","floor":10}],"player_experience":537555,"relics_obtained":[{"floor":6.0,"key":"Divine Protection"},{"floor":9,"key":"Toxic Egg 2"},{"floor":10,"key":"Replay:Baseball"}],"event_choices":[{"damage_healed":0.0,"max_hp_gain":0.0,"max_hp_loss":0.0,"gold_gain":0.0,"event_name":"Living Wall","player_choice":"Grow","floor":8.0,"gold_loss":0.0,"damage_taken":0.0,"cards_upgraded":["Footwork"]},{"damage_healed":0,"gold_gain":0,"player_choice":"Left Gold","damage_taken":0,"max_hp_gain":0,"max_hp_loss":0,"event_name":"World of Goop","floor":11,"gold_loss":75}],"is_beta":false,"boss_relics":[],"items_purged_floors":[],"is_endless":false,"potions_floor_spawned":[1,2,3],"killed_by":"Gremlin Nob","ascension_level":18}}