{"host":"m9b9nkcj1hzhp9h6","time":1612626376,"event":{"mods":["100% Spire Juice","A Penny For Your Troubles","AchievementEnabler","Act Like it!","AlwaysNeverKeys","Aspiration","BaseMod","Better Altar","Better Match","Better Note","Better Sensory Stone","Better Silent Start","Better Skull","Better Third Choice","Better Vampires","BetterRewards","Booster Modes","Colored Map","Colored Powertips","Colorless Booster Pack","Conspire","Custom Start","Dark Map","Defective Defect","Dio Mod","Displayed Cursed Tome","Dota2Spire","Elementarium","Emptier Cage","Energized Spire","Fox Events","Friendly Minions","Gensokyo","GifTheSpireLib","Halation","HexUI Lib","Hubris","Infinite Spire","Ironclad Rager","Jedi Mod","Mari Mod (Legacy)","Mari\u0027s V1 Patch","Marked Mod","Menagerie","Mimic Mod","Minty Spire (QoL Compilation)","Pale of the Ancients","Permanent Neow","Poor People Problems","Prisma Mod","RRrroohrrRGHHhhh!!","Random Character Button","Random Character Mod","Relic Sorter","Relic Stats","Reliquary","Remilia??????","Replay The Spire","Reworked Bosses","Robot Space Explorer","RumiaBox-????????","SCP261 Mod","SacredBarkPlus","Small Relic Pack","Smile Girya","Spikes Relics","StS++","StSLib","Stuff the Spire","The Animator","The Blue Laboratory","The IronCluck","The Jungle","Trackpad","Transform Curses","Useless Jewels Mod","Virulent Crown","Waifu the Spire","Wandering Minibosses","Yohane!","Yuri Mod","egg","slay the spire mod where everything is the same but ironclad has a cowboy hat","thorton"],"gold_per_floor":[359,359,167,177,177,177,177,204,228,246,246,282,282,301,301,399,399,410,410,430,257,272,306,306,320,358,370,381,11,21,147,147,251,251,266,266,278,297,29,29,45,45,72,193,193,213,60,72,72,72,72,72,455,455,455],"floor_reached":54,"language":"ENG","playtime":3340,"items_purged":["Yohane:Strike_Grey","Yohane:Ice_Cream_Assault+1","Yohane:Little_Demon_Lily","Yohane:Strike_Grey"],"score":834,"play_id":"8d2b237f-3e97-4463-8dc1-aea61152724b","local_time":"20210206174616","is_ascension_mode":false,"campfire_choices":[{"data":"Yohane:Allure_of_Darkness","floor":6,"key":"SMITH"},{"data":"Yohane:Little_Demon_Ruby","floor":11,"key":"SMITH"},{"data":"Yohane:Ice_Cream_Assault","floor":13,"key":"SMITH"},{"data":"Yohane:Ice_Cream_Assault","floor":15,"key":"SMITH"},{"data":"Yohane:Go_All_Out","floor":24,"key":"SMITH"},{"floor":32,"key":"REST"},{"data":"StuffTheSpire:Resist","floor":40,"key":"SMITH"},{"data":"Heavy Blade","floor":42,"key":"SMITH"},{"floor":49,"key":"RECALL"},{"data":"Yohane:Grand_Entrance","floor":52,"key":"SMITH"}],"circlet_count":0,"master_deck":["Yohane:Strike_Grey","Yohane:Strike_Grey","Yohane:Defend_Grey","Yohane:Defend_Grey","Yohane:Defend_Grey","Yohane:Defend_Grey","Yohane:Well_Laid_Ambush","Yohane:Inspiration","Yohane:Ice_Cream_Assault","Yohane:Dark_Rest","Yohane:Little_Demon_Ruby","Yohane:Dark_Rest","Yohane:Go_All_Out","Yohane:Little_Demon_Mari","Yohane:Wrath","Yohane:Angel_Tears","Yohane:Grand_Entrance","Yohane:Impressive_Display","Yohane:Misfortune","Heavy Blade","Yohane:Grand_Entrance","StSpp:Sprint+1","jedi:controlledanger+1"],"relics":["animator:TheEgnaroPiece"],"acts_visited":["Gensokyo:Gensokyo","Elementarium:Elementarium","Gensokyo:Gensokyoest","TheEnding","EYB:TheUnnamedReign"],"potions_floor_usage":[16,16,31,31,31,33,50,50],"damage_taken":[{"damage":4,"enemies":"Gensokyo:3_Fairies","floor":1,"turns":3},{"damage":1,"enemies":"Gensokyo:Python","floor":4,"turns":3},{"damage":11,"enemies":"Gensokyo:Aya","floor":8,"turns":8},{"damage":1,"enemies":"Gensokyo:Gryphon","floor":10,"turns":3},{"damage":5,"enemies":"conspire:MimicChest","floor":12,"turns":7},{"damage":0,"enemies":"Gensokyo:VengefulSpirit","floor":14,"turns":4},{"damage":24,"enemies":"Gensokyo:Reimu","floor":16,"turns":13},{"damage":14,"enemies":"Elementarium:MUD_AND_TAR_GOLEMS","floor":18,"turns":5},{"damage":1,"enemies":"Elementarium:Cyclone","floor":20,"turns":9},{"damage":0,"enemies":"Elementarium:Hydrostalker","floor":22,"turns":5},{"damage":0,"enemies":"Elementarium:WarGolem","floor":23,"turns":4},{"damage":0,"enemies":"Elementarium:STONE_GOLEMS","floor":25,"turns":3},{"damage":0,"enemies":"Elementarium:CYCLONE_AND_ORB_OF_FIRE","floor":26,"turns":4},{"damage":33,"enemies":"Elementarium:CYCLONE_AND_ORB_OF_FIRE","floor":27,"turns":5},{"damage":0,"enemies":"Elementarium:RubyGolem","floor":28,"turns":4},{"damage":4,"enemies":"Elementarium:VOID_CORRUPTION_AND_ORB_OF_FIRE","floor":30,"turns":3},{"damage":8,"enemies":"Elementarium:FIRE_NOBILITY","floor":31,"turns":4},{"damage":0,"enemies":"Elementarium:GolemEmperor","floor":33,"turns":6},{"damage":11,"enemies":"Gensokyo:3_Boulders","floor":35,"turns":4},{"damage":14,"enemies":"Gensokyo:AncientGuardian","floor":37,"turns":3},{"damage":0,"enemies":"Gensokyo:3_Boulders","floor":38,"turns":2},{"damage":15,"enemies":"Gensokyo:4_Bats","floor":41,"turns":4},{"damage":0,"enemies":"Gensokyo:Doremy","floor":44,"turns":4},{"damage":15,"enemies":"Gensokyo:Rafflesia","floor":46,"turns":4},{"damage":22,"enemies":"Gensokyo:3_Boulders","floor":48,"turns":3},{"damage":6,"enemies":"Gensokyo:Scarlet_Devils","floor":50,"turns":5},{"damage":90,"enemies":"animator:TRIPLE_SHAPES_WEAK","floor":54,"turns":6}],"seed_played":"-2906028038823658316","potions_obtained":[{"floor":10,"key":"Fire Potion"},{"floor":12,"key":"blueLaboratory:BottleOfVodka"},{"floor":16,"key":"blueLaboratory:BottleOfVodka"},{"floor":18,"key":"jedi:tentaclejuice"},{"floor":20,"key":"blueLaboratory:PolymorphPotion"},{"floor":31,"key":"blueLaboratory:FruitPunch"},{"floor":33,"key":"Ancient Potion"},{"floor":37,"key":"Elixir"},{"floor":44,"key":"Block Potion"},{"floor":48,"key":"EssenceOfSteel"}],"is_trial":false,"path_per_floor":["M","?","$","M","?","R","?","E","T","M","R","?","R","M","R","B",null,"M","?","M","$","M","E","R","M","MIM","M","M","$","M","E","R","B",null,"M","?","M","M","$","R","M","R","T","E","?","M","$","M","R","B",null,"R","??","M"],"character_chosen":"FallenAngel","items_purchased":["Yohane:Ice_Cream_Assault","Yohane:Allure_of_Darkness","Yohane:Little_Demon_Mari","StSpp:JackpotMachine","Yohane:Angel_Tears","Yohane:Grand_Entrance","StuffTheSpire:Resist","Heavy Blade","Strawberry"],"campfire_rested":1,"item_purchase_floors":[3,3,21,29,29,29,39,39,47],"current_hp_per_floor":[50,50,50,49,49,49,49,38,38,37,37,32,32,32,32,8,54,40,40,39,39,39,39,39,39,39,6,6,21,17,9,25,42,56,49,52,42,46,56,56,45,45,45,49,55,44,63,45,45,43,63,63,89,14,14],"gold":455,"neow_bonus":"TWO_FIFTY_GOLD","is_daily":false,"chose_seed":false,"campfire_upgraded":8,"win_rate":0.0,"timestamp":1612626376,"path_taken":["M","?","$","M","?","R","?","E","T","M","R","?","R","M","R","BOSS","M","?","M","$","M","E","R","M","MIM","M","M","?","M","E","R","BOSS","M","?","M","M","$","R","?","R","T","E","?","?","?","M","R","BOSS","R","??","M"],"items_purchased_type":["Card","Card","Card","Relic","Card","Card","Card","Card","Relic"],"build_version":"2020-12-22","purchased_purges":4,"victory":false,"max_hp_per_floor":[54,54,54,54,54,54,54,54,54,54,54,54,54,54,54,54,54,54,54,54,54,54,54,54,54,54,54,54,54,54,54,54,56,56,56,56,56,56,56,56,56,56,56,56,56,56,63,63,63,63,63,63,89,89,89],"relic_stats":{"counters":[27,128],"obtain_stats":[{"reliquary:Boomerang":9,"rorgmod:Ceramic Fish":23,"StSpp:JackpotMachine":29,"ReplayTheSpireMod:Ring of Sloth":19,"infinitespire:Beetle Shell":31,"Yohane:AngelWings":0,"relicPack:DarknessArmor":44,"aspiration:IroncladSkillbook":34,"animator:TheEgnaroPiece":53,"wanderingMiniBosses:Blackblade":25,"Elementarium:ElementariumTrophy":33,"Ccalipers":8,"Ring of Misfortune":19,"Strawberry":47,"MealTicket":23,"Turnip":31,"Black Star":17,"halation:AfternoonTea":26,"aspiration:HatOfInfinitePower":44,"infinitespire:PuzzleCube":12,"hubris:BottledRain":26},{"reliquary:Boomerang":3,"rorgmod:Ceramic Fish":11,"StSpp:JackpotMachine":15,"ReplayTheSpireMod:Ring of Sloth":8,"infinitespire:Beetle Shell":17,"Yohane:AngelWings":0,"relicPack:DarknessArmor":23,"aspiration:IroncladSkillbook":18,"animator:TheEgnaroPiece":26,"wanderingMiniBosses:Blackblade":12,"Elementarium:ElementariumTrophy":18,"Ccalipers":3,"Ring of Misfortune":8,"Strawberry":24,"MealTicket":11,"Turnip":17,"Black Star":7,"halation:AfternoonTea":13,"aspiration:HatOfInfinitePower":23,"infinitespire:PuzzleCube":5,"hubris:BottledRain":13},{"reliquary:Boomerang":14,"rorgmod:Ceramic Fish":64,"StSpp:JackpotMachine":80,"ReplayTheSpireMod:Ring of Sloth":46,"infinitespire:Beetle Shell":87,"Yohane:AngelWings":0,"relicPack:DarknessArmor":110,"aspiration:IroncladSkillbook":93,"animator:TheEgnaroPiece":122,"wanderingMiniBosses:Blackblade":67,"Elementarium:ElementariumTrophy":93,"Ccalipers":14,"Ring of Misfortune":46,"Strawberry":114,"MealTicket":64,"Turnip":87,"Black Star":41,"halation:AfternoonTea":71,"aspiration:HatOfInfinitePower":110,"infinitespire:PuzzleCube":24,"hubris:BottledRain":71}]},"card_choices":[{"not_picked":["Yohane:Energy_Change","Yohane:My_Mai_Tonight"],"picked":"Yohane:Inspiration","floor":1},{"not_picked":["Yohane:Backfoot","Yohane:Guilty_Kiss"],"picked":"Yohane:Dark_Rest","floor":4},{"not_picked":["Yohane:Academic_Prowess","Yohane:Introspection"],"picked":"Yohane:Little_Demon_Ruby","floor":8},{"not_picked":["Yohane:Misfortune","Yohane:Accelerator"],"picked":"Yohane:Dark_Rest","floor":10},{"not_picked":["Yohane:Academic_Prowess","Yohane:Misfortune","Yohane:Energy_Change"],"picked":"SKIP","floor":14},{"not_picked":["Yohane:Awaken_The_Power","Yohane:Indulge"],"picked":"Yohane:Go_All_Out","floor":16},{"not_picked":["Yohane:Accelerator+1","Yohane:Kowareyasuki","Yohane:Cursed_Strike"],"picked":"SKIP","floor":18},{"not_picked":["Yohane:Perfection","Yohane:Blazing","Yohane:My_Mai_Tonight"],"picked":"SKIP","floor":20},{"not_picked":["Yohane:Soul_Peek","Yohane:Allure_of_Darkness+1","Yohane:Little_Demon_Support"],"picked":"SKIP","floor":22},{"not_picked":["Yohane:Culinary_Genius","Yohane:Stealth_Mode","Yohane:Backfoot"],"picked":"SKIP","floor":23},{"not_picked":["wanderingMiniBosses:FinaleOfPromise"],"picked":"SKIP","floor":25},{"not_picked":["Yohane:Energy_Change","Yohane:Allure_of_Darkness","Yohane:Hakodate"],"picked":"SKIP","floor":25},{"not_picked":["Yohane:Academic_Prowess","Yohane:Retaliation"],"picked":"Yohane:Wrath","floor":27},{"not_picked":["Yohane:Energy_Change","Yohane:Miracle_Wave","Yohane:Lust+1"],"picked":"SKIP","floor":28},{"not_picked":["Yohane:Wrath","Yohane:Grace_Under_Fire"],"picked":"Yohane:Impressive_Display","floor":30},{"not_picked":["Yohane:Miracle_Wave","Yohane:Misfortune","Yohane:Adept_Technology"],"picked":"SKIP","floor":31},{"not_picked":["StuffTheSpire:RagingBull","Yohane:Envious+1","Yohane:Inspiration","jedi:fear+1"],"picked":"SKIP","floor":35},{"not_picked":["jedi:fear+1","Life Link","Twin Strike"],"picked":"Yohane:Misfortune+1","floor":37},{"not_picked":["Flame Barrier+1","Heavy Blade+1","StSpp:Succumb+1","Yohane:Kowareyasuki+1"],"picked":"SKIP","floor":38},{"not_picked":["ReplayTheSpireMod:Muscle Training+1","Yohane:Hakodate","True Grit"],"picked":"rorgmod:Sentinel+1","floor":41},{"not_picked":["StuffTheSpire:Slingshot","jedi:collectorstrike","Uppercut","Yohane:Gluttony+1"],"picked":"SKIP","floor":44},{"not_picked":["Clothesline","Fire Breathing","Yohane:Accelerator","Headbutt+1"],"picked":"SKIP","floor":46},{"not_picked":["Yohane:Inspiration","Yohane:Scorn","ReplayTheSpireMod:Strike From Hell+1"],"picked":"Yohane:Grand_Entrance+1","floor":48}],"player_experience":1499584,"relics_obtained":[{"floor":8,"key":"Ccalipers"},{"floor":9,"key":"reliquary:Boomerang"},{"floor":12,"key":"infinitespire:PuzzleCube"},{"floor":19,"key":"Ring of Misfortune"},{"floor":19,"key":"ReplayTheSpireMod:Ring of Sloth"},{"floor":23,"key":"MealTicket"},{"floor":23,"key":"rorgmod:Ceramic Fish"},{"floor":25,"key":"wanderingMiniBosses:Blackblade"},{"floor":26,"key":"halation:AfternoonTea"},{"floor":26,"key":"hubris:BottledRain"},{"floor":31,"key":"infinitespire:Beetle Shell"},{"floor":31,"key":"Turnip"},{"floor":44,"key":"relicPack:DarknessArmor"},{"floor":44,"key":"aspiration:HatOfInfinitePower"},{"floor":53,"key":"animator:TheEgnaroPiece"}],"event_choices":[{"damage_healed":3,"gold_gain":0,"player_choice":"LEAVE ","damage_taken":0,"relics_obtained":[],"max_hp_gain":0,"max_hp_loss":0,"event_name":"betterSkull:BetterSkull","floor":36,"gold_loss":0,"cards_upgraded":[]}],"is_beta":false,"boss_relics":[{"not_picked":["energizedSpire:NeverEndingSparkler","halation:Risk"],"picked":"Black Star"},{"not_picked":["StuffTheSpire:ModemDavis","Dota2Spire:RefresherOrb"],"picked":"aspiration:IroncladSkillbook"}],"items_purged_floors":[3,21,29,39],"is_endless":false,"potions_floor_spawned":[10,12,16,18,20,27,31,33,37,44,48],"killed_by":"animator:TRIPLE_SHAPES_WEAK","ascension_level":0}}