{"host":"gfxjwtol062e9znw","time":1612605173,"event":{"mods":["BaseMod","Colored Map","Minty Spire (QoL Compilation)","Rare Cards Sparkle"],"gold_per_floor":[366,65,81,81,105,120,120,140,220,235,266,290,290,365,365,490,490,515,536,536,559,403,403,403],"floor_reached":23,"language":"ENG","playtime":1006,"items_purged":[],"score":244,"play_id":"1db3a4a6-442e-49ab-aaab-e5d186b467b1","local_time":"20210206205253","is_ascension_mode":true,"campfire_choices":[{"floor":7,"key":"REST"},{"floor":13,"key":"REST"},{"floor":15,"key":"REST"}],"circlet_count":0,"master_deck":["Strike_B","Defend_B","Defend_B","Defend_B","Defend_B","Zap","Dualcast","Doom and Gloom","Sweeping Beam","Melter","Sweeping Beam","Streamline","Leap","Aggregate","Hologram","Gash+1","Genetic Algorithm+1","Hologram+1","Leap+1","Chill+1"],"relics":["Cracked Core","Symbiotic Virus","Golden Idol","Matryoshka","Shovel","Astrolabe","Cauldron"],"acts_visited":["Exordium","TheCity"],"potions_floor_usage":[11,16,19,21,22,23,23,23],"damage_taken":[{"damage":10,"enemies":"Small Slimes","floor":1,"turns":4},{"damage":8,"enemies":"2 Louse","floor":3,"turns":2},{"damage":1,"enemies":"Cultist","floor":5,"turns":3},{"damage":1,"enemies":"2 Fungi Beasts","floor":6,"turns":2},{"damage":6,"enemies":"Exordium Thugs","floor":8,"turns":3},{"damage":9,"enemies":"3 Louse","floor":10,"turns":2},{"damage":26,"enemies":"3 Sentries","floor":11,"turns":5},{"damage":7,"enemies":"Looter","floor":12,"turns":3},{"damage":44,"enemies":"The Guardian","floor":16,"turns":10},{"damage":3,"enemies":"Spheric Guardian","floor":18,"turns":3},{"damage":22,"enemies":"Shell Parasite","floor":19,"turns":5},{"damage":17,"enemies":"Cultist and Chosen","floor":21,"turns":6},{"damage":0,"enemies":"Slavers","floor":23,"turns":2}],"seed_played":"5977677806031030019","potions_obtained":[{"floor":1,"key":"SkillPotion"},{"floor":5,"key":"SteroidPotion"},{"floor":16,"key":"EssenceOfSteel"},{"floor":22,"key":"EntropicBrew"},{"floor":22,"key":"LiquidMemories"}],"is_trial":false,"path_per_floor":["M","$","M","?","M","M","R","M","T","M","E","M","R","?","R","B",null,"M","M","?","M","$","E"],"character_chosen":"DEFECT","items_purchased":["Symbiotic Virus","Fire Potion","Cauldron"],"campfire_rested":3,"item_purchase_floors":[2,2,22],"current_hp_per_floor":[58,58,50,50,49,48,68,62,62,53,27,20,40,29,49,5,52,49,27,27,10,10,10,10],"gold":403,"neow_bonus":"TWO_FIFTY_GOLD","is_daily":false,"chose_seed":false,"campfire_upgraded":0,"win_rate":0.0,"timestamp":1612605173,"path_taken":["M","$","M","?","M","M","R","M","T","M","E","M","R","?","R","BOSS","M","M","?","M","$","E"],"items_purchased_type":["Relic","Potion","Relic"],"build_version":"2020-12-22","purchased_purges":0,"victory":false,"max_hp_per_floor":[68,68,68,68,68,68,68,68,68,68,68,68,68,68,68,68,68,68,68,68,68,68,68,68],"card_choices":[{"not_picked":["Compile Driver","Recycle"],"picked":"Doom and Gloom","floor":1},{"not_picked":["Compile Driver","Beam Cell"],"picked":"Sweeping Beam","floor":3},{"not_picked":["Streamline","Heatsinks"],"picked":"Melter","floor":5},{"not_picked":["Beam Cell","Doom and Gloom"],"picked":"Sweeping Beam","floor":6},{"not_picked":["Compile Driver","Gash"],"picked":"Streamline","floor":8},{"not_picked":["Machine Learning","Turbo"],"picked":"Leap","floor":10},{"not_picked":["Undo","Self Repair"],"picked":"Aggregate","floor":11},{"not_picked":["Steam","Force Field"],"picked":"Hologram","floor":12},{"not_picked":["Steam","Force Field","Recycle"],"picked":"SKIP","floor":18},{"not_picked":["Reinforced Body+1","Stack"],"picked":"Leap+1","floor":19},{"not_picked":["Ball Lightning+1","Conserve Battery"],"picked":"Chill+1","floor":21}],"player_experience":113035,"relics_obtained":[{"floor":9,"key":"Matryoshka"},{"floor":11,"key":"Shovel"}],"event_choices":[{"damage_healed":0,"gold_gain":0,"player_choice":"Take Wound","damage_taken":0,"relics_obtained":["Golden Idol"],"max_hp_gain":0,"max_hp_loss":0,"event_name":"Golden Idol","floor":4,"gold_loss":0,"cards_obtained":["Injury"]},{"damage_healed":0,"gold_gain":75,"player_choice":"Gather Gold","damage_taken":11,"max_hp_gain":0,"max_hp_loss":0,"event_name":"World of Goop","floor":14,"gold_loss":0},{"cards_removed":["Injury"],"damage_healed":0,"gold_gain":0,"player_choice":"Purged","damage_taken":0,"max_hp_gain":0,"max_hp_loss":0,"event_name":"Purifier","floor":20,"gold_loss":0}],"is_beta":false,"boss_relics":[{"not_picked":["Ectoplasm","Sozu"],"picked":"Astrolabe"}],"items_purged_floors":[],"is_endless":false,"potions_floor_spawned":[1,5,16],"killed_by":"Slavers","ascension_level":5}}