{"host":"kh6fvhxn285ncg0o","time":1612580860,"event":{"mods":["Act Like it!","BaseMod","Colored Map","Friendly Minions","Keyboard Shortcuts","Minty Spire (QoL Compilation)","Quick Restart","Relic Stats","StSLib","SuperFastMode","UnlockEverythingMod"],"gold_per_floor":[110,35,47,47,47,72,82,82,82,92,126,126,152,164,164,240,240,253,253,253,253,269,595,50,77,77,104,121,41,141,161,161,239,239,255,275,288,288,288,288,319,319,319,353,368,401,401,421,421,421,421,421,421,85,115,115],"floor_reached":57,"language":"KOR","playtime":1518,"items_purged":["Strike_R","Strike_R","Immolate"],"score":3661,"play_id":"e3ec0c8d-5fa5-4b79-acad-5dd81f80799a","local_time":"20210206120740","is_ascension_mode":true,"campfire_choices":[{"data":"Fire Breathing","floor":8,"key":"SMITH"},{"data":"Fiend Fire","floor":15,"key":"SMITH"},{"data":"Body Slam","floor":32,"key":"SMITH"},{"floor":40,"key":"RECALL"},{"data":"Shrug It Off","floor":42,"key":"SMITH"},{"data":"Berserk","floor":49,"key":"SMITH"},{"floor":53,"key":"REST"}],"circlet_count":0,"master_deck":["AscendersBane","Defend_R","Defend_R","Defend_R","Defend_R","Bash","Wild Strike","Shrug It Off+1","Cleave","Fiend Fire+1","Fire Breathing+1","Power Through+1","Berserk+1","Body Slam+1","Seeing Red+1","Second Wind+1","Dark Embrace+1","Burning Pact+1","Panacea+1","Battle Trance+1","Exhume+1","Offering+1","Feel No Pain"],"relics":["Burning Blood","Du-Vu Doll","FossilizedHelix","Akabeko","The Courier","Dream Catcher","Blood Vial","Velvet Choker","Old Coin","Toxic Egg 2","Bag of Preparation","HornCleat","Self Forming Clay","Paper Frog","Calipers","Kunai","Runic Pyramid","Toy Ornithopter","Smiling Mask","InkBottle","Sundial","Thread and Needle"],"acts_visited":["Exordium","TheCity","TheBeyond","TheEnding"],"potions_floor_usage":[18,22,23,44,56,56],"damage_taken":[{"damage":14,"enemies":"Small Slimes","floor":1,"turns":4},{"damage":1,"enemies":"2 Louse","floor":3,"turns":2},{"damage":12,"enemies":"3 Sentries","floor":6,"turns":7},{"damage":0,"enemies":"Cultist","floor":7,"turns":2},{"damage":0,"enemies":"3 Louse","floor":10,"turns":1},{"damage":0,"enemies":"Gremlin Nob","floor":11,"turns":3},{"damage":0,"enemies":"Lagavulin","floor":13,"turns":4},{"damage":0,"enemies":"Large Slime","floor":14,"turns":4},{"damage":0,"enemies":"Slime Boss","floor":16,"turns":7},{"damage":10,"enemies":"3 Byrds","floor":18,"turns":5},{"damage":0,"enemies":"Shell Parasite","floor":22,"turns":2},{"damage":25,"enemies":"Slavers","floor":23,"turns":4},{"damage":16,"enemies":"Book of Stabbing","floor":25,"turns":5},{"damage":12,"enemies":"Gremlin Leader","floor":27,"turns":7},{"damage":0,"enemies":"Chosen and Byrds","floor":28,"turns":3},{"damage":0,"enemies":"Colosseum Slavers","floor":30,"turns":3},{"damage":0,"enemies":"Colosseum Nobs","floor":30,"turns":3},{"damage":0,"enemies":"Centurion and Healer","floor":31,"turns":4},{"damage":0,"enemies":"Champ","floor":33,"turns":7},{"damage":0,"enemies":"3 Shapes","floor":35,"turns":3},{"damage":0,"enemies":"Orb Walker","floor":36,"turns":2},{"damage":0,"enemies":"Maw","floor":37,"turns":5},{"damage":0,"enemies":"Giant Head","floor":41,"turns":4},{"damage":0,"enemies":"Reptomancer","floor":44,"turns":4},{"damage":0,"enemies":"Spire Growth","floor":45,"turns":3},{"damage":0,"enemies":"Giant Head","floor":46,"turns":4},{"damage":0,"enemies":"4 Shapes","floor":48,"turns":2},{"damage":0,"enemies":"Donu and Deca","floor":50,"turns":5},{"damage":0,"enemies":"Awakened One","floor":51,"turns":10},{"damage":0,"enemies":"Shield and Spear","floor":55,"turns":3},{"damage":6,"enemies":"The Heart","floor":56,"turns":7}],"seed_played":"-5167698477737653851","potions_obtained":[{"floor":6,"key":"HeartOfIron"},{"floor":11,"key":"Dexterity Potion"},{"floor":13,"key":"Explosive Potion"},{"floor":18,"key":"DistilledChaos"},{"floor":28,"key":"Energy Potion"},{"floor":30,"key":"SkillPotion"},{"floor":44,"key":"Explosive Potion"},{"floor":45,"key":"LiquidMemories"},{"floor":55,"key":"Dexterity Potion"}],"is_trial":false,"path_per_floor":["M","?","M","?","?","E","M","R","T","M","E","?","E","M","R","B",null,"M","?","?","?","M","E","$","E","T","E","M","$","?","M","R","B",null,"M","M","M","?","?","R","E","R","T","E","M","E","?","M","R","B","B",null,"R","$","E","B",null],"character_chosen":"IRONCLAD","items_purchased":["Toxic Egg 2","Bag of Preparation","Seeing Red+1","Second Wind+1","Feel No Pain","Sundial"],"campfire_rested":1,"item_purchase_floors":[24,24,24,24,54,54],"current_hp_per_floor":[60,60,65,54,54,48,54,54,54,60,66,66,68,68,68,68,68,64,45,45,45,53,36,36,28,28,24,32,32,48,56,56,64,71,73,73,73,63,63,63,71,71,71,73,73,73,69,69,69,69,69,69,69,69,69,69],"gold":115,"neow_bonus":"ONE_RARE_RELIC","is_daily":false,"chose_seed":false,"campfire_upgraded":5,"win_rate":0.0,"timestamp":1612580860,"path_taken":["M","?","M","?","?","E","M","R","T","?","E","?","E","M","R","BOSS","M","?","?","?","?","E","$","E","T","E","M","$","?","M","R","BOSS","M","M","M","?","?","R","E","R","T","E","?","E","?","M","R","BOSS","BOSS","R","$","E","BOSS"],"items_purchased_type":["Relic","Relic","Card","Card","Card","Relic"],"build_version":"2020-12-22","purchased_purges":3,"victory":true,"max_hp_per_floor":[68,68,68,68,68,68,68,68,68,68,68,68,68,68,68,68,68,68,73,73,73,73,73,73,73,73,73,73,73,73,73,73,73,73,73,73,73,73,73,73,73,73,73,73,73,73,69,69,69,69,69,69,69,69,69,69],"relic_stats":{"Blood Vial":24,"Dream Catcher":1,"counters":[31,129],"Self Forming Clay":[9],"Sundial":[10],"Bag of Preparation":[38],"Kunai":[3],"Smiling Mask":50,"obtain_stats":[{"Calipers":30,"Self Forming Clay":26,"Velvet Choker":17,"Thread and Needle":55,"The Courier":9,"Bag of Preparation":24,"Smiling Mask":44,"Burning Blood":0,"Akabeko":6,"Old Coin":23,"Du-Vu Doll":0,"Blood Vial":13,"Dream Catcher":11,"HornCleat":25,"Sundial":54,"Kunai":30,"Toxic Egg 2":24,"FossilizedHelix":4,"Toy Ornithopter":41,"InkBottle":46,"Paper Frog":27,"Runic Pyramid":34},{"Calipers":17,"Self Forming Clay":13,"Velvet Choker":9,"Thread and Needle":30,"The Courier":4,"Bag of Preparation":12,"Smiling Mask":24,"Burning Blood":0,"Akabeko":3,"Old Coin":12,"Du-Vu Doll":0,"Blood Vial":7,"Dream Catcher":6,"HornCleat":13,"Sundial":29,"Kunai":17,"Toxic Egg 2":12,"FossilizedHelix":2,"Toy Ornithopter":23,"InkBottle":26,"Paper Frog":14,"Runic Pyramid":19},{"Calipers":66,"Self Forming Clay":50,"Velvet Choker":34,"Thread and Needle":122,"The Courier":15,"Bag of Preparation":45,"Smiling Mask":95,"Burning Blood":0,"Akabeko":13,"Old Coin":45,"Du-Vu Doll":0,"Blood Vial":23,"Dream Catcher":19,"HornCleat":50,"Sundial":119,"Kunai":66,"Toxic Egg 2":45,"FossilizedHelix":6,"Toy Ornithopter":91,"InkBottle":102,"Paper Frog":57,"Runic Pyramid":77}],"Burning Blood":105,"Toy Ornithopter":5,"InkBottle":[10]},"card_choices":[{"not_picked":["Searing Blow","True Grit"],"picked":"Wild Strike","floor":1},{"not_picked":["Heavy Blade","Dark Embrace"],"picked":"Shrug It Off","floor":3},{"not_picked":["Wild Strike","Barricade"],"picked":"Fire Breathing","floor":6},{"not_picked":["Iron Wave","Headbutt"],"picked":"Power Through","floor":7},{"not_picked":["Anger","Clothesline","True Grit"],"picked":"SKIP","floor":10},{"not_picked":["Inflame","Flame Barrier"],"picked":"Berserk","floor":11},{"not_picked":["Heavy Blade","Rupture","Dual Wield"],"picked":"SKIP","floor":13},{"not_picked":["Warcry","Infernal Blade","Heavy Blade"],"picked":"SKIP","floor":14},{"not_picked":["Cleave","Clothesline","Wild Strike"],"picked":"SKIP","floor":18},{"not_picked":["Twin Strike","Clothesline"],"picked":"Body Slam","floor":22},{"not_picked":["Warcry","Anger","Clothesline"],"picked":"SKIP","floor":23},{"not_picked":["Fire Breathing","Cleave"],"picked":"Immolate","floor":25},{"not_picked":["Intimidate+1","Shrug It Off+1"],"picked":"Dark Embrace+1","floor":27},{"not_picked":["Warcry+1","Thunderclap"],"picked":"Burning Pact+1","floor":28},{"not_picked":["Sword Boomerang","Cleave","Flex+1"],"picked":"SKIP","floor":31},{"not_picked":["Whirlwind+1","Dark Embrace","Armaments+1"],"picked":"SKIP","floor":35},{"not_picked":["Bloodletting+1","Flex+1","Pommel Strike"],"picked":"SKIP","floor":36},{"not_picked":["Body Slam+1","Flex+1","Wild Strike"],"picked":"SKIP","floor":37},{"not_picked":["Magnetism","Flash of Steel"],"picked":"Panacea+1","floor":38},{"not_picked":["Pommel Strike","Warcry+1"],"picked":"Battle Trance+1","floor":41},{"not_picked":["Exhume+1","Armaments+1","Body Slam"],"picked":"SKIP","floor":44},{"not_picked":["Armaments+1","Body Slam"],"picked":"Exhume+1","floor":44},{"not_picked":["Iron Wave+1","Sentinel+1","Twin Strike"],"picked":"SKIP","floor":45},{"not_picked":["Searing Blow+1","Reckless Charge"],"picked":"Offering+1","floor":46},{"not_picked":["Shrug It Off+1","Metallicize+1","Infernal Blade+1"],"picked":"SKIP","floor":48},{"not_picked":["Dark Embrace","Body Slam","Rage+1"],"picked":"SKIP","floor":55}],"player_experience":1327913,"relics_obtained":[{"floor":6,"key":"Akabeko"},{"floor":9,"key":"The Courier"},{"floor":11,"key":"Dream Catcher"},{"floor":13,"key":"Blood Vial"},{"floor":23,"key":"Old Coin"},{"floor":25,"key":"HornCleat"},{"floor":26,"key":"Self Forming Clay"},{"floor":27,"key":"Paper Frog"},{"floor":30,"key":"Calipers"},{"floor":30,"key":"Kunai"},{"floor":41,"key":"Toy Ornithopter"},{"floor":44,"key":"Smiling Mask"},{"floor":46,"key":"InkBottle"},{"floor":55,"key":"Thread and Needle"}],"event_choices":[{"cards_removed":["Strike_R"],"damage_healed":0,"gold_gain":0,"player_choice":"Card Removal","damage_taken":0,"max_hp_gain":0,"max_hp_loss":0,"event_name":"The Cleric","floor":2,"gold_loss":75},{"damage_healed":0,"gold_gain":0,"player_choice":"Success","damage_taken":11,"relics_obtained":["FossilizedHelix"],"max_hp_gain":0,"max_hp_loss":0,"event_name":"Scrap Ooze","floor":4,"gold_loss":0},{"damage_healed":0,"gold_gain":0,"player_choice":"2 cards matched","damage_taken":0,"max_hp_gain":0,"max_hp_loss":0,"event_name":"Match and Keep!","floor":5,"gold_loss":0,"cards_obtained":["Cleave","Fiend Fire"]},{"cards_removed":["Strike_R"],"damage_healed":0,"gold_gain":0,"player_choice":"Forget","damage_taken":0,"max_hp_gain":0,"max_hp_loss":0,"event_name":"Living Wall","floor":12,"gold_loss":0},{"damage_healed":0,"gold_gain":0,"player_choice":"Shed Blood","damage_taken":24,"max_hp_gain":5,"max_hp_loss":0,"event_name":"Forgotten Altar","floor":19,"gold_loss":0},{"cards_removed":["Strike_R"],"damage_healed":0,"gold_gain":0,"player_choice":"Elegance","damage_taken":0,"max_hp_gain":0,"max_hp_loss":0,"event_name":"Back to Basics","floor":20,"gold_loss":0},{"damage_healed":0,"gold_gain":0,"player_choice":"Ignored","damage_taken":0,"max_hp_gain":0,"max_hp_loss":0,"event_name":"Vampires","floor":21,"gold_loss":0},{"damage_healed":0,"gold_gain":0,"player_choice":"Fight","damage_taken":0,"max_hp_gain":0,"max_hp_loss":0,"event_name":"Colosseum","floor":30,"gold_loss":0},{"damage_healed":0,"gold_gain":0,"player_choice":"Fought Nobs","damage_taken":0,"max_hp_gain":0,"max_hp_loss":0,"event_name":"Colosseum","floor":30,"gold_loss":0},{"damage_healed":0,"gold_gain":0,"player_choice":"Memory 3","damage_taken":10,"max_hp_gain":0,"max_hp_loss":0,"event_name":"SensoryStone","floor":38,"gold_loss":0},{"damage_healed":0,"gold_gain":0,"player_choice":"Upgraded","damage_taken":0,"max_hp_gain":0,"max_hp_loss":0,"event_name":"Upgrade Shrine","floor":39,"gold_loss":0,"cards_upgraded":["Power Through"]},{"damage_healed":0,"gold_gain":0,"player_choice":"Max HP","damage_taken":0,"max_hp_gain":0,"max_hp_loss":4,"event_name":"Winding Halls","floor":47,"gold_loss":0}],"is_beta":false,"boss_relics":[{"not_picked":["Black Blood","SlaversCollar"],"picked":"Velvet Choker"},{"not_picked":["SacredBark","Tiny House"],"picked":"Runic Pyramid"}],"items_purged_floors":[24,29,54],"is_endless":false,"potions_floor_spawned":[6,11,13,14,16,18,28,30,31,44,45,48,55],"ascension_level":20}}