{"host":"u7y9frlpoazak2mn","time":1612631499,"event":{"mods":["Act Like it!","Aspiration","BaseMod","Beaked The Cultist","Better Altar","Better Match","Better Note","Better Sensory Stone","Better Skull","Better Third Choice","Colored Map","Colored Powertips","Conspire","Downfall","Energized Spire","GifTheSpireLib","Googly Eyes","Halation","Hermit","Hubris","Infinite Spire","Marked Mod","Mimic Mod","Minty Spire (QoL Compilation)","Permanent Neow","Prisma Mod","Rare Cards Sparkle","Replay The Spire","StSLib","Stuff the Spire","The Construct","Waifu the Spire"],"gold_per_floor":[113,130,1,17,17,17,0,0,27,57,57,10,10,29,29,127,127,141,157,169,169,179,179,179],"floor_reached":23,"language":"ENG","playtime":1330,"items_purged":["Strike_P"],"score":191,"play_id":"a90817fa-9609-4f48-a56b-2209cc9a2b96","local_time":"20210206121139","is_ascension_mode":false,"campfire_choices":[{"data":"ForeignInfluence","floor":6,"key":"SMITH"},{"data":"Consecrate","floor":13,"key":"SMITH"},{"data":"Halt","floor":15,"key":"SMITH"}],"circlet_count":0,"master_deck":["Strike_P","Strike_P","Strike_P","Defend_P","Defend_P","Defend_P","Defend_P","Eruption","Vigilance","Halt+1","EmptyFist","EmptyBody","ForeignInfluence+1","Vengeance","Consecrate+1","Indignation","MarkedMod:SlowDance","Halt","Tantrum+1","Halt"],"relics":["PureWater","NeowsBlessing","Vajra","halation:PromiseList","energizedSpire:OgreHead"],"acts_visited":["Exordium","TheCity"],"potions_floor_usage":[10,16,19,19,23],"damage_taken":[{"damage":0,"enemies":"Cultist","floor":1,"turns":1},{"damage":2,"enemies":"conspire:RoseBush","floor":2,"turns":1},{"damage":0,"enemies":"2 Louse","floor":4,"turns":1},{"damage":0,"enemies":"Looter","floor":7,"turns":4},{"damage":14,"enemies":"3 Sentries","floor":10,"turns":11},{"damage":0,"enemies":"Lots of Slimes","floor":14,"turns":1},{"damage":39,"enemies":"Hexaghost","floor":16,"turns":9},{"damage":35,"enemies":"3 Byrds","floor":18,"turns":5},{"damage":0,"enemies":"conspire:FuzzyDice","floor":19,"turns":6},{"damage":13,"enemies":"Snake Plant","floor":20,"turns":4},{"damage":13,"enemies":"Centurion and Healer","floor":22,"turns":3},{"damage":15,"enemies":"Replay:Snechameleon","floor":23,"turns":3}],"seed_played":"-2671194884666712571","potions_obtained":[{"floor":1,"key":"sneckomod:MuddlingPotion"},{"floor":10,"key":"BottledMiracle"},{"floor":14,"key":"FearPotion"},{"floor":18,"key":"Adrenaline Potion"},{"floor":20,"key":"SteroidPotion"}],"is_trial":false,"path_per_floor":["M","M","$","M","?","R","M","?","T","E","?","$","R","M","R","B",null,"M","M","M","?","M","E"],"character_chosen":"WATCHER","items_purchased":["EmptyBody","Consecrate"],"campfire_rested":0,"item_purchase_floors":[3,12],"current_hp_per_floor":[72,70,70,70,70,70,70,72,72,58,62,62,62,62,62,23,72,37,37,24,24,11,0,0],"gold":179,"neow_bonus":"THREE_ENEMY_KILL","is_daily":false,"chose_seed":false,"campfire_upgraded":3,"win_rate":0.0,"timestamp":1612631499,"path_taken":["M","M","$","M","?","R","?","?","T","E","?","$","R","?","R","BOSS","M","M","M","?","M","E"],"items_purchased_type":["Card","Card"],"build_version":"2020-12-22","purchased_purges":1,"victory":false,"max_hp_per_floor":[72,72,72,72,72,72,72,72,72,72,72,72,72,72,72,72,72,72,72,72,72,72,72,72],"card_choices":[{"not_picked":["SashWhip","FlyingSleeves"],"picked":"Halt","floor":1},{"not_picked":["Replay:AtTheReady","Replay:BluntJabs"],"picked":"EmptyFist","floor":2},{"not_picked":["EmptyBody","FearNoEvil"],"picked":"ForeignInfluence","floor":4},{"not_picked":["Nirvana","FollowUp"],"picked":"Vengeance","floor":7},{"not_picked":["Replay:Vibes","Evaluate","MasterReality"],"picked":"SKIP","floor":10},{"not_picked":["Crescendo","ClearTheMind"],"picked":"Indignation","floor":14},{"not_picked":["Omniscience","Ragnarok"],"picked":"MarkedMod:SlowDance","floor":16},{"not_picked":["MarkedMod:GentlePulse","JustLucky"],"picked":"Halt","floor":18},{"not_picked":["Evaluate+1","Protect+1"],"picked":"Tantrum+1","floor":19},{"not_picked":["Replay:Cycle","Perseverance+1","Replay:Anticipation+1"],"picked":"SKIP","floor":20},{"not_picked":["Pray+1","EmptyFist","DeceiveReality"],"picked":"SKIP","floor":22}],"player_experience":410714,"relics_obtained":[{"floor":9,"key":"Vajra"},{"floor":10,"key":"halation:PromiseList"}],"event_choices":[{"damage_healed":0,"gold_gain":0,"player_choice":"Ignored","damage_taken":0,"max_hp_gain":0,"max_hp_loss":0,"event_name":"betterNote:BetterNote","floor":5,"gold_loss":0,"cards_obtained":["PathToVictory"]},{"damage_healed":4,"gold_gain":0,"player_choice":"LEAVE ","damage_taken":0,"relics_obtained":[],"max_hp_gain":0,"max_hp_loss":0,"event_name":"betterSkull:BetterSkull","floor":11,"gold_loss":0,"cards_upgraded":[]}],"is_beta":false,"boss_relics":[{"not_picked":["ReplayTheSpireMod:SealedPack","construct:ClawGrip"],"picked":"energizedSpire:OgreHead"}],"items_purged_floors":[3],"is_endless":false,"potions_floor_spawned":[1,10,14,18,20],"killed_by":"Replay:Snechameleon","ascension_level":0}}