{"host":"qc268ltokmxwqyrx","time":1612586963,"event":{"mods":["BaseMod","Colored Map","Colored Powertips","Minty Spire (QoL Compilation)","Relic Stats","Slay the Relics Exporter","StSLib","ojb\u0027s Info Mod"],"gold_per_floor":[19,35,47,59,59,59,97,97,97,138,138,138,167,180,180,270,270,289,50,74,344,357,398,398,434,446,458,486,532,562,544,556,657,669,695,722,734,344,403,434,434,475,528,861,861,877,877,892,892,892,892,892,892,407,438,438],"floor_reached":57,"language":"ENG","playtime":3773,"items_purged":["Deflect","Endless Agony+1"],"score":3106,"play_id":"3bcaa819-db42-4ef6-bef0-f7dd35091697","local_time":"20210205224923","is_ascension_mode":true,"campfire_choices":[{"data":"Footwork","floor":6.0,"key":"SMITH"},{"data":"Noxious Fumes","floor":8.0,"key":"SMITH"},{"data":"Catalyst","floor":15.0,"key":"SMITH"},{"data":"Wraith Form v2","floor":24.0,"key":"SMITH"},{"data":"Well Laid Plans","floor":27,"key":"SMITH"},{"data":"Corpse Explosion","floor":32,"key":"SMITH"},{"data":"Wraith Form v2","floor":41,"key":"SMITH"},{"floor":45,"key":"RECALL"},{"data":"Calculated Gamble","floor":47,"key":"SMITH"},{"data":"Accuracy","floor":49,"key":"SMITH"},{"data":"Acrobatics","floor":53,"key":"SMITH"}],"circlet_count":0,"master_deck":["AscendersBane","Survivor","Noxious Fumes+1","Deadly Poison","Skewer","Footwork+1","Accuracy+1","Bane+1","Catalyst+1","Cloak And Dagger","Wraith Form v2+1","Leg Sweep","Well Laid Plans+1","Acrobatics","Corpse Explosion+1","Eviscerate+1","Burst","Acrobatics","PiercingWail+1","Wraith Form v2+1","Glass Knife+1","Well Laid Plans","Calculated Gamble+1","Well Laid Plans","Tactician","Accuracy","Escape Plan","Die Die Die+1","Reflex","Bullet Time","Acrobatics+1","Crippling Poison","Storm of Steel","Acrobatics"],"relics":["Ring of the Snake","Bird Faced Urn","Mummified Hand","Molten Egg 2","White Beast Statue","Odd Mushroom","Snecko Eye","Lantern","Whetstone","MawBank","Gremlin Horn","Sundial","Pandora\u0027s Box","Strawberry","TungstenRod","Regal Pillow","Tingsha","Frozen Eye","Toy Ornithopter","Blood Vial"],"acts_visited":["Exordium","TheCity","TheBeyond","TheEnding"],"potions_floor_usage":[25,51,56,56],"damage_taken":[{"damage":0.0,"enemies":"Small Slimes","floor":1.0,"turns":5.0},{"damage":4.0,"enemies":"Jaw Worm","floor":2.0,"turns":6.0},{"damage":0.0,"enemies":"2 Louse","floor":3.0,"turns":4.0},{"damage":16.0,"enemies":"2 Fungi Beasts","floor":4.0,"turns":3.0},{"damage":5.0,"enemies":"Lagavulin","floor":7.0,"turns":8.0},{"damage":32.0,"enemies":"3 Sentries","floor":10.0,"turns":8.0},{"damage":7.0,"enemies":"The Mushroom Lair","floor":13.0,"turns":4.0},{"damage":5.0,"enemies":"Exordium Wildlife","floor":14.0,"turns":3.0},{"damage":27.0,"enemies":"Slime Boss","floor":16.0,"turns":11.0},{"damage":15.0,"enemies":"3 Byrds","floor":18.0,"turns":3.0},{"damage":1.0,"enemies":"Spheric Guardian","floor":20.0,"turns":4.0},{"damage":12.0,"enemies":"3 Cultists","floor":22.0,"turns":6.0},{"damage":0.0,"enemies":"Slavers","floor":23.0,"turns":3.0},{"damage":8,"enemies":"Book of Stabbing","floor":25,"turns":5},{"damage":2,"enemies":"Chosen and Byrds","floor":28,"turns":6},{"damage":0,"enemies":"Gremlin Leader","floor":29,"turns":5},{"damage":5,"enemies":"Centurion and Healer","floor":30,"turns":3},{"damage":13,"enemies":"Collector","floor":33,"turns":5},{"damage":0,"enemies":"Orb Walker","floor":35,"turns":3},{"damage":1,"enemies":"3 Shapes","floor":36,"turns":4},{"damage":2,"enemies":"2 Orb Walkers","floor":39,"turns":3},{"damage":0,"enemies":"Giant Head","floor":40,"turns":5},{"damage":0,"enemies":"Reptomancer","floor":42,"turns":4},{"damage":0,"enemies":"Spire Growth","floor":46,"turns":4},{"damage":3,"enemies":"Sphere and 2 Shapes","floor":48,"turns":5},{"damage":44,"enemies":"Donu and Deca","floor":50,"turns":5},{"damage":0,"enemies":"Awakened One","floor":51,"turns":6},{"damage":0,"enemies":"Shield and Spear","floor":55,"turns":4},{"damage":36,"enemies":"The Heart","floor":56,"turns":8}],"seed_played":"8613293641214438191","potions_obtained":[{"floor":2.0,"key":"SteroidPotion"},{"floor":7.0,"key":"Energy Potion"},{"floor":10.0,"key":"FairyPotion"},{"floor":13.0,"key":"SteroidPotion"},{"floor":14.0,"key":"LiquidBronze"},{"floor":18.0,"key":"SpeedPotion"},{"floor":22.0,"key":"PowerPotion"},{"floor":23.0,"key":"PowerPotion"},{"floor":25,"key":"Ancient Potion"},{"floor":28,"key":"CunningPotion"},{"floor":29,"key":"LiquidMemories"},{"floor":31,"key":"Dexterity Potion"},{"floor":36,"key":"DuplicationPotion"},{"floor":42,"key":"BlessingOfTheForge"}],"is_trial":false,"path_per_floor":["M","M","M","M","?","R","E","R","T","E","?","?","?","M","R","B",null,"M","$","M","?","M","E","R","E","T","R","M","E","M","?","R","B",null,"M","M","?","$","?","E","R","E","T","?","R","M","R","M","R","B","B",null,"R","$","E","B",null],"character_chosen":"THE_SILENT","items_purchased":["Lantern","Well Laid Plans","Strawberry","Bullet Time","Frozen Eye","Toy Ornithopter","SkillPotion"],"campfire_rested":0,"item_purchase_floors":[19,19,38,38,54,54,54],"current_hp_per_floor":[59,57,59,45,45,45,44,44,44,18,38,38,37,36,36,15,49,40,40,49,22,20,32,32,34,34,34,42,52,55,55,55,52,58,60,60,60,67,67,67,67,67,67,67,67,67,67,67,67,31,49,63,63,63,67,44],"gold":438,"neow_bonus":"ONE_RARE_RELIC","is_daily":false,"chose_seed":false,"campfire_upgraded":10,"win_rate":0.0,"timestamp":1612586963,"path_taken":["M","M","M","M","?","R","E","R","T","E","?","?","?","M","R","BOSS","M","$","M","?","M","E","R","E","T","R","M","E","?","?","R","BOSS","M","M","?","$","?","E","R","E","T","?","R","M","R","M","R","BOSS","BOSS","R","$","E","BOSS"],"items_purchased_type":["Relic","Card","Relic","Card","Relic","Relic","Potion"],"build_version":"2020-12-22","purchased_purges":2,"victory":true,"max_hp_per_floor":[66,66,66,66,60,60,60,60,60,60,60,60,60,60,60,60,60,60,60,60,60,60,60,60,60,60,60,60,60,60,60,60,60,60,60,60,60,67,67,67,67,67,67,67,67,67,67,67,67,67,67,67,67,67,67,67],"relic_stats":{"Regal Pillow":0,"Gremlin Horn":[15,15],"counters":[29,143],"Tingsha":[235],"Whetstone":["Strike_G","Neutralize"],"MawBank":156,"Blood Vial":0,"Mummified Hand":[237],"Sundial":[12],"Bird Faced Urn":[164],"Snecko Eye":[197,194,210,190],"Pandora\u0027s Box":["Glass Knife","Well Laid Plans","Calculated Gamble","Deflect","Well Laid Plans","Endless Agony","Tactician","Accuracy","Escape Plan","Die Die Die"],"obtain_stats":[{"Lantern":19,"Regal Pillow":40,"Gremlin Horn":26,"Golden Idol":5,"Tingsha":42,"Whetstone":23,"Odd Mushroom":13,"MawBank":25,"White Beast Statue":10,"Blood Vial":55,"Frozen Eye":54,"Mummified Hand":7,"Sundial":29,"Bird Faced Urn":0,"Strawberry":38,"Snecko Eye":17,"Molten Egg 2":9,"Pandora\u0027s Box":34,"TungstenRod":39,"Toy Ornithopter":54,"Ring of the Snake":0},{"Lantern":10,"Regal Pillow":22,"Gremlin Horn":14,"Golden Idol":4,"Tingsha":23,"Whetstone":13,"Odd Mushroom":7,"MawBank":14,"White Beast Statue":6,"Blood Vial":28,"Frozen Eye":27,"Mummified Hand":5,"Sundial":16,"Bird Faced Urn":0,"Strawberry":20,"Snecko Eye":9,"Molten Egg 2":5,"Pandora\u0027s Box":18,"TungstenRod":21,"Toy Ornithopter":27,"Ring of the Snake":0},{"Lantern":55,"Regal Pillow":107,"Gremlin Horn":73,"Golden Idol":18,"Tingsha":111,"Whetstone":68,"Odd Mushroom":38,"MawBank":73,"White Beast Statue":34,"Blood Vial":135,"Frozen Eye":131,"Mummified Hand":26,"Sundial":84,"Bird Faced Urn":0,"Strawberry":99,"Snecko Eye":52,"Molten Egg 2":26,"Pandora\u0027s Box":92,"TungstenRod":102,"Toy Ornithopter":131,"Ring of the Snake":0}],"TungstenRod":107,"Toy Ornithopter":5,"Ring of the Snake":[58]},"card_choices":[{"not_picked":["Flying Knee","Catalyst"],"picked":"Noxious Fumes","floor":1.0},{"not_picked":["Prepared","Sucker Punch"],"picked":"Deadly Poison","floor":2.0},{"not_picked":["Slice","Flying Knee"],"picked":"Skewer","floor":3.0},{"not_picked":["Underhanded Strike","Accuracy"],"picked":"Footwork","floor":4.0},{"not_picked":["Setup","All Out Attack"],"picked":"Accuracy","floor":7.0},{"not_picked":["Choke+1","Slice+1"],"picked":"Bane+1","floor":10.0},{"not_picked":["Choke+1","Burst"],"picked":"Catalyst","floor":13.0},{"not_picked":["Dagger Spray+1","Dodge and Roll"],"picked":"Cloak And Dagger","floor":14.0},{"not_picked":["Tools of the Trade","Adrenaline"],"picked":"Wraith Form v2","floor":16.0},{"not_picked":["Poisoned Stab+1","Caltrops"],"picked":"Leg Sweep","floor":18.0},{"not_picked":["Flying Knee+1","Deflect"],"picked":"Acrobatics","floor":20.0},{"not_picked":["Outmaneuver","Flechettes+1"],"picked":"Corpse Explosion","floor":22.0},{"not_picked":["Backstab+1","Masterful Stab+1"],"picked":"Eviscerate+1","floor":23.0},{"not_picked":["Quick Slash+1","Deadly Poison"],"picked":"Burst","floor":25},{"not_picked":["Deadly Poison","Prepared"],"picked":"Acrobatics","floor":28},{"not_picked":["Underhanded Strike+1","Outmaneuver+1"],"picked":"PiercingWail+1","floor":29},{"not_picked":["Slice+1","Cloak And Dagger","Deflect"],"picked":"SKIP","floor":30},{"not_picked":["Slice+1","Cloak And Dagger","Deflect"],"picked":"SKIP","floor":30},{"not_picked":["Malaise","Corpse Explosion"],"picked":"Wraith Form v2","floor":33},{"not_picked":["Slice+1","Backflip","Deadly Poison+1"],"picked":"SKIP","floor":35},{"not_picked":["Bane+1","Dodge and Roll"],"picked":"Reflex","floor":36},{"not_picked":["Blade Dance","Burst"],"picked":"Acrobatics","floor":39},{"not_picked":["Backflip","Deadly Poison","Dagger Throw+1"],"picked":"SKIP","floor":40},{"not_picked":["Slice+1","Blade Dance","Flechettes+1"],"picked":"SKIP","floor":42},{"not_picked":["Outmaneuver","Blur"],"picked":"Crippling Poison","floor":46},{"not_picked":["Riddle With Holes+1","Dagger Spray+1"],"picked":"Storm of Steel","floor":48},{"not_picked":["Phantasmal Killer","Bullet Time"],"picked":"Acrobatics","floor":55}],"player_experience":1791134,"relics_obtained":[{"floor":7.0,"key":"Mummified Hand"},{"floor":9.0,"key":"Molten Egg 2"},{"floor":10.0,"key":"White Beast Statue"},{"floor":13.0,"key":"Odd Mushroom"},{"floor":23.0,"key":"Whetstone"},{"floor":25,"key":"MawBank"},{"floor":26,"key":"Gremlin Horn"},{"floor":29,"key":"Sundial"},{"floor":39,"key":"TungstenRod"},{"floor":40,"key":"Regal Pillow"},{"floor":42,"key":"Tingsha"},{"floor":55,"key":"Blood Vial"}],"event_choices":[{"damage_healed":0.0,"max_hp_gain":0.0,"max_hp_loss":6.0,"gold_gain":0.0,"event_name":"Golden Idol","player_choice":"Lose Max HP","floor":5.0,"gold_loss":0.0,"damage_taken":0.0,"relics_obtained":["Golden Idol"]},{"damage_healed":20.0,"max_hp_gain":0.0,"max_hp_loss":0.0,"gold_gain":0.0,"event_name":"Big Fish","player_choice":"Banana","floor":11.0,"gold_loss":0.0,"damage_taken":0.0},{"damage_healed":0.0,"max_hp_gain":0.0,"max_hp_loss":0.0,"gold_gain":0.0,"event_name":"Liars Game","player_choice":"Ignored","floor":12.0,"gold_loss":0.0,"damage_taken":0.0},{"damage_healed":0.0,"max_hp_gain":0.0,"max_hp_loss":0.0,"gold_gain":0.0,"event_name":"Mushrooms","player_choice":"Fought Mushrooms","floor":13.0,"gold_loss":0.0,"damage_taken":0.0},{"damage_healed":0.0,"max_hp_gain":0.0,"max_hp_loss":0.0,"gold_gain":270.0,"event_name":"Knowing Skull","player_choice":"GOLD GOLD GOLD ","floor":21.0,"potions_obtained":[],"gold_loss":0.0,"damage_taken":27.0,"cards_obtained":[]},{"damage_healed":0,"gold_gain":0,"player_choice":"Bought 2 Potions","damage_taken":0,"max_hp_gain":0,"max_hp_loss":0,"event_name":"The Woman in Blue","floor":31,"gold_loss":0},{"cards_removed":["Neutralize"],"damage_healed":0,"gold_gain":0,"player_choice":"Removed Attack","damage_taken":0,"max_hp_gain":0,"max_hp_loss":0,"event_name":"Falling","floor":37,"gold_loss":0},{"damage_healed":0,"gold_gain":0,"player_choice":"Fight","damage_taken":0,"max_hp_gain":0,"max_hp_loss":0,"event_name":"Mysterious Sphere","floor":39,"gold_loss":0},{"damage_healed":0,"gold_gain":333,"player_choice":"Gave Idol","damage_taken":0,"max_hp_gain":0,"max_hp_loss":0,"event_name":"The Moai Head","floor":44,"relics_lost":["Golden Idol"],"gold_loss":0}],"is_beta":false,"boss_relics":[{"not_picked":["Fusion Hammer","HoveringKite"],"picked":"Snecko Eye"},{"not_picked":["Runic Dome","WristBlade"],"picked":"Pandora\u0027s Box"}],"items_purged_floors":[38,54],"is_endless":false,"potions_floor_spawned":[2,7,10,13,14,16,18,20,22,23,25,28,29,30,33,35,36,39,40,42,46,48,55],"ascension_level":20}}