{"host":"zjc1tzo4ovig5lll","time":1612596944,"event":{"mods":["AchievementEnabler","Aspiration","BaseMod","Beaked The Cultist","Better Altar","Better Match","Better Note","Better Sensory Stone","Colored Map","Colored Powertips","Conspire","Energized Spire","Friendly Minions","GifTheSpireLib","Halation","Hermit","Hubris","Minty Spire (QoL Compilation)","Rare Cards Sparkle","Reliquary","Replay The Spire","StSLib","The Blue Laboratory","The Bug Knight","The Construct","The Jungle","everything is the same but u backflip on backflip"],"gold_per_floor":[114,389,400,298,313,340,340,366,366,7,20,20,36,72,72,177,177,191,108,142,198,213,213,254,254,254,254,300,225,246,269,269,279,279],"floor_reached":33,"language":"ENG","playtime":1519,"items_purged":["Regret"],"score":391,"play_id":"34bf49a4-8ba2-41f9-b3f0-c1f6ce2892ab","local_time":"20210206093544","is_ascension_mode":true,"campfire_choices":[{"floor":7,"key":"REST"},{"data":"Defragment","floor":12,"key":"SMITH"},{"floor":15,"key":"REST"},{"floor":23,"key":"RECALL"},{"floor":25,"key":"REST"},{"floor":27,"key":"REST"},{"floor":32,"key":"REST"}],"circlet_count":0,"master_deck":["Defend_B","Defend_B","Defend_B+1","Defend_B","Dualcast","Conserve Battery","Conserve Battery","Defragment+1","Static Discharge","Heatsinks","Storm","Creative AI","Parasite","Overencumbered","Defragment","FIFO Queue","Leap","Leap","Static Discharge+1","Conserve Battery+1","ReplayTheSpireMod:System Scan","Hyperbeam+1","Conserve Battery"],"relics":["Cracked Core","aspiration:Nostalgia","construct:Cogwheel","Art of War","Gambling Chip","The Courier","reliquary:PartyBalloon","halation:IllGainedPizza","Simple Rune","Kintsugi","Garlic","reliquary:BallBearing","halation:TwoAmDonut","halation:Gekota"],"acts_visited":["Exordium","TheCity"],"potions_floor_usage":[8,30],"damage_taken":[{"damage":3,"enemies":"2 Louse","floor":1,"turns":2},{"damage":3,"enemies":"Cultist","floor":3,"turns":3},{"damage":0,"enemies":"Small Slimes","floor":5,"turns":3},{"damage":59,"enemies":"Gremlin Nob","floor":6,"turns":6},{"damage":31,"enemies":"3 Sentries","floor":8,"turns":8},{"damage":5,"enemies":"2 Fungi Beasts","floor":11,"turns":3},{"damage":11,"enemies":"3 Louse","floor":13,"turns":3},{"damage":25,"enemies":"Gremlin Nob","floor":14,"turns":3},{"damage":35,"enemies":"The Guardian","floor":16,"turns":9},{"damage":0,"enemies":"Spheric Guardian","floor":18,"turns":4},{"damage":7,"enemies":"conspire:MimicChest","floor":20,"turns":6},{"damage":5,"enemies":"3 Byrds","floor":21,"turns":5},{"damage":3,"enemies":"Sentry and Sphere","floor":22,"turns":5},{"damage":40,"enemies":"Book of Stabbing","floor":24,"turns":6},{"damage":31,"enemies":"Slavers","floor":28,"turns":5},{"damage":13,"enemies":"Cultist and Chosen","floor":30,"turns":6},{"damage":9,"enemies":"Snake Plant","floor":31,"turns":3},{"damage":70,"enemies":"Automaton","floor":33,"turns":6}],"seed_played":"217738390816895334","potions_obtained":[{"floor":1,"key":"blueLaboratory:ForbiddenFruitJuice"},{"floor":8,"key":"Flashbang"},{"floor":16,"key":"blueLaboratory:FruitPreserves"},{"floor":21,"key":"Block Potion"},{"floor":22,"key":"blueLaboratory:ImpenetrablePotion"}],"is_trial":false,"path_per_floor":["M","?","M","$","M","E","R","E","T","$","M","R","M","E","R","B",null,"M","$","?","M","M","R","E","R","T","R","E","?","M","M","R_BF","B"],"character_chosen":"DEFECT","items_purchased":["Conserve Battery","reliquary:PartyBalloon","halation:IllGainedPizza","Heatsinks","Storm","FIFO Queue","Leap"],"campfire_rested":5,"item_purchase_floors":[4,10,10,10,10,19,19],"current_hp_per_floor":[72,72,69,69,69,10,32,65,65,65,60,60,49,24,43,8,65,65,65,58,53,50,50,10,29,29,48,17,17,32,23,42,0,0],"gold":279,"neow_bonus":"NOSTALGIA","is_daily":false,"chose_seed":false,"campfire_upgraded":1,"win_rate":0.0,"timestamp":1612596944,"path_taken":["M","?","?","$","M","E","R","E","T","$","M","R","M","E","R","BOSS","M","$","?","M","M","R","E","R","T","R","E","?","M","M","R_BF","BOSS"],"items_purchased_type":["Card","Relic","Relic","Card","Card","Card","Card"],"build_version":"2020-12-22","purchased_purges":1,"victory":false,"max_hp_per_floor":[75,75,75,75,75,75,75,65,65,65,65,65,65,65,65,65,65,65,65,65,65,65,65,65,65,65,65,65,65,65,65,65,65,65],"card_choices":[{"not_picked":["Ball Lightning","Leap"],"picked":"Conserve Battery","floor":1},{"not_picked":["Turbo","ReplaySolidLightProjector","Double Energy"],"picked":"SKIP","floor":3},{"not_picked":["Steam","Cold Snap"],"picked":"Defragment","floor":5},{"not_picked":["Barrage","Gash","Redo"],"picked":"SKIP","floor":6},{"not_picked":["Blizzard","Time Bomb"],"picked":"Static Discharge","floor":8},{"not_picked":["Core Surge","Beam Cell","Rebound"],"picked":"SKIP","floor":11},{"not_picked":["Steam","Ball Lightning","Compile Driver"],"picked":"SKIP","floor":13},{"not_picked":["hubris:Prefetch","Beam Cell","Redo"],"picked":"SKIP","floor":14},{"not_picked":["ReplayRNGCard","Hyperbeam"],"picked":"Creative AI","floor":16},{"not_picked":["Cold Snap","Go for the Eyes+1"],"picked":"Defragment","floor":18},{"not_picked":["Barrage","Stack+1"],"picked":"Static Discharge+1","floor":20},{"not_picked":["Steam","Coolheaded"],"picked":"Conserve Battery+1","floor":21},{"not_picked":["Go for the Eyes","Beam Cell+1","Rebound"],"picked":"SKIP","floor":22},{"not_picked":["Steam+1","Steam Power","BasicCrystalCard"],"picked":"SKIP","floor":24},{"not_picked":["Compile Driver+1","Blizzard+1"],"picked":"ReplayTheSpireMod:System Scan","floor":28},{"not_picked":["hubris:Prefetch+1","Creative AI+1"],"picked":"Hyperbeam+1","floor":29},{"not_picked":["ReplayTheSpireMod:Repulse","White Noise","Compile Driver"],"picked":"SKIP","floor":30},{"not_picked":["Coolheaded","Aggregate"],"picked":"Conserve Battery","floor":31}],"player_experience":694988,"relics_obtained":[{"floor":6,"key":"Art of War"},{"floor":8,"key":"Gambling Chip"},{"floor":9,"key":"The Courier"},{"floor":14,"key":"Simple Rune"},{"floor":20,"key":"Garlic"},{"floor":24,"key":"reliquary:BallBearing"},{"floor":26,"key":"halation:TwoAmDonut"},{"floor":28,"key":"halation:Gekota"}],"event_choices":[{"damage_healed":0,"gold_gain":275,"player_choice":"Desecrate","damage_taken":0,"max_hp_gain":0,"max_hp_loss":0,"event_name":"Golden Shrine","floor":2,"gold_loss":0,"cards_obtained":["Regret"]},{"damage_healed":0,"gold_gain":0,"player_choice":"2","damage_taken":0,"max_hp_gain":0,"max_hp_loss":0,"event_name":"betterMatch:BetterMatch","floor":29,"gold_loss":0,"cards_obtained":["betterMatch:UncommonCard","betterMatch:RareCard"]}],"is_beta":false,"boss_relics":[{"not_picked":["halation:PlatinumPhoenix","reliquary:WritOfMandamus"],"picked":"Kintsugi"}],"items_purged_floors":[4],"is_endless":false,"potions_floor_spawned":[1,6,8,16,21,22,24],"killed_by":"Automaton","ascension_level":4}}