{"host":"3e3mwsgb9gfqiuxm","time":1612603260,"event":{"mods":["Act Like it!","BaseMod","BetterRewards","Colored Map","Colored Powertips","Downfall","Gensokyo","Hermit","Infinite Spire","Koishi","Marisa????????","Minty Spire (QoL Compilation)","Quick Restart","Reimu??????","Remilia??????","Replay The Spire","Shop Mod","StSLib","SuperFastMode","The Animator","The Bug Knight","The Cursed","The Jungle","The Servant 0.9.4","everything is the same but u backflip on backflip"],"gold_per_floor":[115,115,13,26,26,26,358,358,358,572,412,412,447,447,447,546,546,557,437,437,456,473,500,511,545,593,593,593,623,198,412,412,507,507,521,521,541,173,190,217,217,246,246,260,260,260,260,170,170,170],"floor_reached":51,"language":"ENG","playtime":2301,"items_purged":["Strike_S","Strike_S"],"score":946,"play_id":"a935e896-8ffb-49ab-b9f9-0a701e0e3f31","local_time":"20210206042100","is_ascension_mode":true,"campfire_choices":[{"data":"KidneyShot","floor":6.0,"key":"SMITH"},{"floor":8.0,"key":"REST"},{"data":"SurpressingFire","floor":12.0,"key":"SMITH"},{"data":"FanOfKnives","floor":15.0,"key":"SMITH"},{"data":"MurderousAura","floor":27.0,"key":"SMITH"},{"floor":32.0,"key":"REST"},{"data":"Apotheosis","floor":41.0,"key":"SMITH"},{"data":"SilverBlades","floor":46,"key":"SMITH"},{"data":"KillingDoll","floor":49,"key":"SMITH"}],"circlet_count":0,"master_deck":["Strike_S","Defend_S+1","Defend_S+1","KidneyShot+1","Exchange","Rearm","SurpressingFire+1","FanOfKnives+1","TheWorld","KillingDoll+1","Spin+1","MurderousAura+1","GearUp","Rearm","RealityMarble","Rearm+1","SilverBlades+1","SoulSculpture","Ricochet+1","SilverBlades+1","SoulSculpture","GearUp+1","Gensokyo:CustomPotion"],"relics":["Uniform","Happy Flower","Gremlin Food","PureWhite:ReiMu","Strawberry","Gensokyo:BookOfSpecters","Regal Pillow","Gensokyo:OccultBall","Replay:Bronze Core","Gensokyo:LionMask","Gensokyo:SongOfSouls","HollowMod:PaleOreRelic","Sundial","Bag of Preparation","Incense Burner","Onion Ring","Question Card","Painkiller Herb","infinitespire:PuzzleCube","Thread and Needle","Bottled Tornado","Eternal Feather"],"acts_visited":["Gensokyo:Gensokyo","Gensokyo:Gensokyoer","Gensokyo:Gensokyoest"],"potions_floor_usage":[],"damage_taken":[{"damage":3.0,"enemies":"Gensokyo:3_Fairies","floor":1.0,"turns":4.0},{"damage":8.0,"enemies":"Gensokyo:2_Kodama","floor":4.0,"turns":10.0},{"damage":42.0,"enemies":"Gensokyo:Aya","floor":7.0,"turns":15.0},{"damage":5.0,"enemies":"Gensokyo:Python","floor":10.0,"turns":5.0},{"damage":0.0,"enemies":"Gensokyo:Mamizou","floor":13.0,"turns":8.0},{"damage":32.0,"enemies":"Gensokyo:Yukari","floor":16.0,"turns":12.0},{"damage":8.0,"enemies":"Gensokyo:2_Gloops","floor":18.0,"turns":5.0},{"damage":1.0,"enemies":"Gensokyo:Chomper","floor":21.0,"turns":3.0},{"damage":10.0,"enemies":"Gensokyo:Swordslinger","floor":22.0,"turns":2.0},{"damage":2.0,"enemies":"Gensokyo:Tenshi","floor":23.0,"turns":4.0},{"damage":15.0,"enemies":"Gensokyo:Slime_Group","floor":24.0,"turns":2.0},{"damage":7.0,"enemies":"Gensokyo:Koishi","floor":25.0,"turns":4.0},{"damage":0.0,"enemies":"Gensokyo:Reisen","floor":29.0,"turns":3.0},{"damage":41.0,"enemies":"Gensokyo:Tenshi","floor":31.0,"turns":3.0},{"damage":10.0,"enemies":"Gensokyo:Eiki","floor":33.0,"turns":7.0},{"damage":0.0,"enemies":"Gensokyo:AncientGuardian","floor":35.0,"turns":3.0},{"damage":0.0,"enemies":"Gensokyo:3_Boulders","floor":37.0,"turns":3.0},{"damage":0.0,"enemies":"Gensokyo:Rafflesia","floor":39.0,"turns":4.0},{"damage":7.0,"enemies":"Gensokyo:Marisa","floor":40.0,"turns":5.0},{"damage":3.0,"enemies":"Gensokyo:Doremy","floor":42.0,"turns":3.0},{"damage":0.0,"enemies":"Gensokyo:Doremy","floor":44.0,"turns":4.0},{"damage":0,"enemies":"Gensokyo:Yuyuko","floor":50,"turns":5}],"seed_played":"-4229503190025010168","potions_obtained":[{"floor":4.0,"key":"FairyPotion"},{"floor":13.0,"key":"sneckomod:MuddlingPotion"},{"floor":16.0,"key":"Explosive Potion"},{"floor":21.0,"key":"Fire Potion"},{"floor":25.0,"key":"Cursed Concoction"},{"floor":31.0,"key":"FearPotion"},{"floor":42.0,"key":"bronze:BurnAndBuffPotion"},{"floor":44.0,"key":"Block Potion"}],"is_trial":false,"path_per_floor":["M","?","COS","M","?","R","E","R","T","M","?","R","E","?","R","B",null,"M","?","?","M","M","E","M","E","T","R","?","E","$","E","R","B",null,"?","?","?","T","?","E","T","E","T","T","?","T","T","?","T","B",null],"character_chosen":"THE_SERVANT","items_purchased":["RealityMarble","Rearm+1","Onion Ring","Apotheosis","SilverBlades"],"campfire_rested":2,"item_purchase_floors":[30,30,30,38,38],"current_hp_per_floor":[62,62,62,54,54,54,12,31,31,33,33,33,33,33,33,1,72,64,64,64,63,53,51,36,29,29,29,29,29,29,9,45,35,72,72,62,62,62,62,55,55,52,52,52,52,52,52,52,64,64],"gold":170,"neow_bonus":"TRANSFORM_CARD","is_daily":false,"chose_seed":false,"campfire_upgraded":7,"win_rate":0.0,"timestamp":1612603260,"path_taken":["M","?","COS","M","?","R","E","R","T","M","?","R","E","?","R","BOSS","M","?","?","M","M","E","?","E","T","R","?","E","?","E","R","BOSS","?","?","?","T","?","E","T","E","T","T","?","T","?","?","T","BOSS"],"items_purchased_type":["Card","Card","Relic","Card","Card"],"build_version":"2020-12-22","purchased_purges":2,"victory":true,"max_hp_per_floor":[65,65,65,65,65,65,65,65,65,72,72,72,72,72,72,72,72,72,72,72,72,72,72,72,72,72,72,72,72,72,72,72,72,72,72,72,72,72,72,72,72,72,72,72,72,72,72,72,72,72],"card_choices":[{"not_picked":["Potential","Rewind"],"picked":"Rearm","floor":1.0},{"not_picked":["ShatteredReality","TimeWarp"],"picked":"SurpressingFire","floor":4.0},{"not_picked":["Collapse","ShatteredReality"],"picked":"FanOfKnives","floor":7.0},{"not_picked":["Unruled","Replace","ReturningBlade"],"picked":"SKIP","floor":10.0},{"not_picked":["DoubleEdge","Ricochet"],"picked":"Solidify","floor":13.0},{"not_picked":["FloweringNight","Deny"],"picked":"TheWorld","floor":16.0},{"not_picked":["Collapse+1","Alleviate","Advance"],"picked":"SKIP","floor":18.0},{"not_picked":["Unruled","Rewind","Read"],"picked":"SKIP","floor":21.0},{"not_picked":["Contraction+1","Hightail"],"picked":"KillingDoll","floor":22.0},{"not_picked":["ShatteredReality","Rewind"],"picked":"Spin+1","floor":23.0},{"not_picked":["DualDimension+1","StarChef","Rewind"],"picked":"SKIP","floor":24.0},{"not_picked":["DoubleEdge","Shuttle"],"picked":"MurderousAura","floor":25.0},{"not_picked":["DualDimension+1","Replace"],"picked":"Rearm","floor":29.0},{"not_picked":["Ricochet","Defy"],"picked":"SilverBlades+1","floor":31.0},{"not_picked":["ForgedInTime","Duplication","TheWorld"],"picked":"SoulSculpture","floor":33.0},{"not_picked":["Replace","ShatteredReality+1","TimeWarp"],"picked":"Ricochet+1","floor":35.0},{"not_picked":["WasteNot+1","ShiftingGears+1","MoonPhase","Barrier"],"picked":"SKIP","floor":37.0},{"not_picked":["Rearm+1","Unruled","Advance+1","TimeWarp"],"picked":"SKIP","floor":39.0},{"not_picked":["Misdirection","WasteNot","BottledTime+1"],"picked":"SoulSculpture","floor":40.0},{"not_picked":["MoonPhase","DualDimension","Starlight","TimeWarp+1"],"picked":"SKIP","floor":42.0},{"not_picked":["FanOfKnives","DoubleEdge+1","ShatteredReality"],"picked":"GearUp+1","floor":44.0}],"player_experience":1362143,"relics_obtained":[{"floor":7.0,"key":"Gremlin Food"},{"floor":9.0,"key":"PureWhite:ReiMu"},{"floor":13.0,"key":"Regal Pillow"},{"floor":16.0,"key":"Gensokyo:OccultBall"},{"floor":18.0,"key":"Gensokyo:OccultBall"},{"floor":21.0,"key":"Gensokyo:OccultBall"},{"floor":22.0,"key":"Gensokyo:OccultBall"},{"floor":23.0,"key":"HollowMod:PaleOreRelic"},{"floor":25.0,"key":"Sundial"},{"floor":26.0,"key":"Bag of Preparation"},{"floor":29.0,"key":"Gensokyo:OccultBall"},{"floor":29.0,"key":"Incense Burner"},{"floor":31.0,"key":"Question Card"},{"floor":33.0,"key":"Gensokyo:OccultBall"},{"floor":40.0,"key":"infinitespire:PuzzleCube"},{"floor":42.0,"key":"Thread and Needle"},{"floor":43.0,"key":"Bottled Tornado"},{"floor":44.0,"key":"Gensokyo:OccultBall"},{"floor":47,"key":"Eternal Feather"}],"event_choices":[],"is_beta":false,"boss_relics":[{"not_picked":["Pandora\u0027s Box","Empty Cage"],"picked":"Replay:Bronze Core"},{"not_picked":["StoneMask","Replay:Ancient Bell"],"picked":"Painkiller Herb"}],"items_purged_floors":[30,38],"is_endless":false,"potions_floor_spawned":[4,13,16,18,21,25,31,42,44],"ascension_level":1}}