{"host":"tgnam0g96qraiyqx","time":1612622182,"event":{"mods":["Always Whale","Arknights","Aspiration","Bartender","BaseMod","BetterRewards","CapriCore","CatGirl Mod","Chen","Colored Map","Colored Powertips","Decade(???)","Dio Mod","Downfall","Ekko","Energized Spire","Fireblade Mod","Glutton Mod","Hermit","HexUI Lib","Highlight Path","HornydragonMod","Hubris","Jorbs\u0027s Wanderer Trilogy","Kalas","KinomotoSakuraMod(????)","Koishi","Kratos Character Expansion","Luminous","Minty Spire (QoL Compilation)","Permanent Neow","Pikachu Mod","Potionbrewer","Prisma Mod","QueenMod","Railgun Mod","Random Character Button","Reimu??????","Replay The Spire","SCP261 Mod","Shade Mod","Shedinja","Shop Mod","Somnambulant","StSLib","The Alterego","The Bladedancer","The Cursed","The Death Knight","The Druid","The Hayseed","The Immortal","The Judge","The Juggle","The Jungle","The Kombatant","The Showman","The Warrior","The Wild Card","TheFirefly","TheSwordswoman","TheVacant","Warlord Emblem","[IsaacMod]????"],"gold_per_floor":[99,122,140,140,158,158,158,158,184,184,184,224,258,292,326,448,448,448,467,467,198,222,222,273,273,273,283,330,383,383,268,278,411,411,411,430,463,256,50,50,50,88,88,88,107,107,107,118,148,176],"floor_reached":51,"language":"FRA","playtime":20718,"items_purged":["bronze:Strike","bronze:Strike","bronze:Defend"],"score":672,"play_id":"29deea95-790a-4800-8a41-77b5124801a0","local_time":"20210206153622","is_ascension_mode":false,"campfire_choices":[{"data":"bronze:Replicate","floor":1,"key":"SMITH"},{"data":"bronze:Repulsor","floor":6,"key":"SMITH"},{"data":"bronze:DelayedSlice","floor":8,"key":"SMITH"},{"data":"bronze:Assembly","floor":10,"key":"SMITH"},{"data":"bronze:RecursiveStrike","floor":18,"key":"SMITH"},{"data":"bronze:ChildClass","floor":23,"key":"SMITH"},{"data":"theJungle:PetSnecko","floor":26,"key":"SMITH"},{"floor":30,"key":"REST"},{"data":"bronze:Verify","floor":40,"key":"SMITH"},{"data":"bronze:Optimize","floor":46,"key":"SMITH"},{"data":"expansioncontent:DashGenerateEvil","floor":47,"key":"SMITH"}],"circlet_count":0,"master_deck":["bronze:Strike","bronze:Defend","bronze:Defend","bronze:Defend","bronze:Replicate+1","bronze:Goto","bronze:Assembly+1","bronze:ChildClass+1","bronze:DelayedSlice+1","bronze:Repulsor+1","bronze:Shield","bronze:RecursiveStrike+1","bronze:Flail+1","bronze:ClassDefault","bronze:ClassDefault","Bandage Up","Bandage Up","bronze:Frontload+1","theJungle:PetSnecko+1","bronze:Branch","bronze:Branch+1","bronze:ItsAFeature","bronze:Verify+1","bronze:Branch","bronze:Frontload+1","bronze:Optimize+1","expansioncontent:DashGenerateEvil+1"],"relics":["bronze:BronzeCore","HushsDoor","SalivaCoin","hubris:Towel","UnicornStump","Juzu Bracelet","potionbrewer:SlideRule","aspiration:FutureDiary","ReplayTheSpireMod:ShopPack","Anchor","hubris:TenFootPole","SlaversCollar","potionbrewer:ToyAutogyro","Ice Cream"],"acts_visited":["Exordium","theJungle:Jungle","TheBeyond"],"potions_floor_usage":[16,29,33,33,50,50],"damage_taken":[{"damage":1,"enemies":"Cultist","floor":2,"turns":3},{"damage":1,"enemies":"Jaw Worm","floor":3,"turns":4},{"damage":2,"enemies":"2 Louse","floor":5,"turns":2},{"damage":13,"enemies":"Gremlin Nob","floor":12,"turns":3},{"damage":15,"enemies":"Exordium Wildlife","floor":13,"turns":5},{"damage":5,"enemies":"Blue Slaver","floor":14,"turns":4},{"damage":12,"enemies":"Exordium Thugs","floor":15,"turns":6},{"damage":13,"enemies":"WA_ARCHETYPE_RETAIN","floor":16,"turns":8},{"damage":5,"enemies":"theJungle:MUSHROOMGANG","floor":19,"turns":5},{"damage":0,"enemies":"downfall:FleeingMerchant","floor":21,"turns":4},{"damage":7,"enemies":"theJungle:Flameango_and_Byrd","floor":22,"turns":5},{"damage":0,"enemies":"theJungle:Snecko_Cultist_And_Trap","floor":27,"turns":4},{"damage":37,"enemies":"theJungle:2_Phrogs","floor":28,"turns":8},{"damage":26,"enemies":"theJungle:2_Flameangoes","floor":29,"turns":5},{"damage":0,"enemies":"downfall:FleeingMerchant","floor":31,"turns":4},{"damage":0,"enemies":"theJungle:JungleHuntersEncounter","floor":32,"turns":3},{"damage":3,"enemies":"IC_MUSHROOM_ARCHETYPE","floor":33,"turns":7},{"damage":0,"enemies":"Orb Walker","floor":36,"turns":2},{"damage":0,"enemies":"3 Shapes","floor":37,"turns":5},{"damage":0,"enemies":"downfall:FleeingMerchant","floor":38,"turns":4},{"damage":0,"enemies":"downfall:FleeingMerchant","floor":39,"turns":4},{"damage":0,"enemies":"R_Hoarder","floor":42,"turns":8},{"damage":0,"enemies":"3 Darklings","floor":45,"turns":6},{"damage":0,"enemies":"Sphere and 2 Shapes","floor":48,"turns":8},{"damage":38,"enemies":"Transient","floor":49,"turns":5},{"damage":16,"enemies":"DF_ARCHETYPE_ORBS","floor":50,"turns":9}],"seed_played":"-5546710367897725396","potions_obtained":[{"floor":14,"key":"Fire Potion"},{"floor":16,"key":"potionbrewer:StunPotion"},{"floor":22,"key":"bronze:BurnAndBuffPotion"},{"floor":27,"key":"potionbrewer:DiscountPotion"},{"floor":29,"key":"Swift Potion"},{"floor":37,"key":"hexamod:SoulburnPotion"},{"floor":45,"key":"LiquidBronze"}],"is_trial":false,"path_per_floor":["R","M","M","?","M","R","T","R","T","R","?","E","M","M","M","B",null,"R","M","?","$","M","R","T","?","R","M","E","M","R","$","M","B",null,"R_BF","M","M","$","$","R","T","E","?","?","M","R","R","M","M","B",null],"character_chosen":"THE_AUTOMATON","items_purchased":["bronze:ClassDefault","ReplayTheSpireMod:ShopPack","bronze:Optimize","expansioncontent:DashGenerateEvil"],"campfire_rested":1,"item_purchase_floors":[21,21,38,39],"current_hp_per_floor":[70,69,68,68,66,66,66,66,66,66,66,53,38,33,21,8,70,70,65,70,70,65,65,65,65,65,70,41,23,44,52,52,57,70,70,70,70,70,70,70,70,70,70,70,70,70,70,70,36,28],"gold":176,"neow_bonus":"ONE_RANDOM_RARE_CARD","is_daily":false,"chose_seed":false,"campfire_upgraded":10,"win_rate":0.0,"timestamp":1612622182,"path_taken":["R","M","M","?","M","R","T","R","?","R","?","E","M","M","M","BOSS","R","M","?","$","M","R","T","?","R","M","E","M","R","$","M","BOSS","R_BF","M","M","?","$","R","T","E","?","?","M","R","R","M","M","BOSS"],"items_purchased_type":["Card","Relic","Card","Card"],"build_version":"2020-12-22","purchased_purges":3,"victory":true,"max_hp_per_floor":[70,70,70,70,70,70,70,70,70,70,70,70,70,70,70,70,70,70,70,70,70,70,70,70,70,70,70,70,70,70,70,70,70,70,70,70,70,70,70,70,70,70,70,70,70,70,70,70,70,70],"card_choices":[{"not_picked":[],"picked":"Bomb","floor":0},{"not_picked":["bronze:ForLoop","bronze:Shield"],"picked":"bronze:ChildClass","floor":2},{"not_picked":["bronze:Assembly","bronze:DelayedGuard"],"picked":"bronze:DelayedSlice","floor":3},{"not_picked":["bronze:FineTuning","bronze:ForLoop"],"picked":"bronze:Repulsor","floor":5},{"not_picked":["bronze:RecursiveStrike","bronze:OilSpill"],"picked":"bronze:HardenedForm","floor":12},{"not_picked":["bronze:OilSpill","bronze:ItsAFeature"],"picked":"bronze:Shield","floor":13},{"not_picked":["bronze:NullPointer","bronze:MaxOutput","bronze:BitShift"],"picked":"SKIP","floor":14},{"not_picked":["bronze:BugBarrage","bronze:DelayedSlice"],"picked":"Bomb","floor":15},{"not_picked":["bronze:Verify","bronze:SpaghettiCode"],"picked":"bronze:RecursiveStrike","floor":16},{"not_picked":["bronze:FineTuning+1","bronze:DigitalCarnage+1"],"picked":"bronze:Flail+1","floor":19},{"not_picked":["bronze:FindAndReplace","bronze:Repulsor","bronze:Overheat"],"picked":"SKIP","floor":21},{"not_picked":["EpicFetus","Jack Of All Trades"],"picked":"Bandage Up","floor":21},{"not_picked":["Deep Breath","Replay:Parry"],"picked":"Bandage Up","floor":21},{"not_picked":["bronze:BuggyMess","bronze:BugBarrage"],"picked":"bronze:Frontload+1","floor":22},{"not_picked":["bronze:SpaghettiCode","bronze:BuggyMess"],"picked":"bronze:Branch","floor":27},{"not_picked":["bronze:Philosophize+1","bronze:Return","bronze:Iterate"],"picked":"SKIP","floor":28},{"not_picked":["bronze:Iterate","bronze:Return"],"picked":"bronze:Branch+1","floor":29},{"not_picked":["bronze:GetLatest","bronze:Format"],"picked":"bronze:ItsAFeature","floor":31},{"not_picked":["bronze:Branch","bronze:BitShift","bronze:Flail"],"picked":"SKIP","floor":32},{"not_picked":["bronze:HardenedForm","bronze:Break"],"picked":"bronze:Verify","floor":33},{"not_picked":["bronze:BuggyMess","bronze:OilSpill","bronze:MaxOutput"],"picked":"SKIP","floor":36},{"not_picked":["bronze:BitShift+1","bronze:WildBeam"],"picked":"bronze:Frontload+1","floor":37},{"not_picked":["bronze:BitShift+1","bronze:Invalidate","bronze:Branch+1"],"picked":"SKIP","floor":38},{"not_picked":["bronze:WhirlingStrike+1","bronze:Optimize+1","bronze:Overheat"],"picked":"SKIP","floor":39},{"not_picked":["bronze:Format","bronze:DelayedSlice","bronze:BugBarrage+1"],"picked":"SKIP","floor":42},{"not_picked":["bronze:Branch","bronze:DarkDash+1","bronze:OilSpill"],"picked":"SKIP","floor":45},{"not_picked":["bronze:Allocate+1","bronze:DelayedSlice","bronze:DigitalCarnage+1"],"picked":"SKIP","floor":48},{"not_picked":["bronze:BitShift","bronze:Return+1","bronze:CutThrough"],"picked":"SKIP","floor":49}],"player_experience":2650213,"relics_obtained":[{"floor":7,"key":"UnicornStump"},{"floor":9,"key":"Juzu Bracelet"},{"floor":12,"key":"potionbrewer:SlideRule"},{"floor":24,"key":"Anchor"},{"floor":28,"key":"hubris:TenFootPole"},{"floor":41,"key":"potionbrewer:ToyAutogyro"},{"floor":42,"key":"Ice Cream"}],"event_choices":[{"cards_removed":["bronze:HardenedForm"],"damage_healed":0,"gold_gain":0,"player_choice":"Removed Power","damage_taken":0,"max_hp_gain":0,"max_hp_loss":0,"event_name":"Falling","floor":44,"gold_loss":0}],"is_beta":false,"boss_relics":[{"not_picked":["Pandora\u0027s Box","hubris:BlackHole"],"picked":"aspiration:FutureDiary"},{"not_picked":[]},{"not_picked":["Replay:Ancient Bell","Busted Crown"],"picked":"SlaversCollar"},{"not_picked":[]}],"items_purged_floors":[21,31,38],"is_endless":false,"potions_floor_spawned":[14,16,22,27,29,37,45,49],"ascension_level":0}}