{"host":"92wx9z21c4p52du4","time":1612649290,"event":{"mods":["Arknights","BaseMod","Downfall","Infinite Spire","Lobotomy","Minty Spire (QoL Compilation)","Reliquary","Robot Space Explorer","StSLib","SuperFastMode","The Blue Laboratory","The Disciple","The Jungle","The Runesmith","TheSurvivalist"],"gold_per_floor":[110,285,285,299,324,324,324],"floor_reached":6,"language":"ENG","playtime":309,"items_purged":[],"score":34,"play_id":"69462337-43c0-4ed2-8e64-ab85f3657e6e","local_time":"20210206160810","is_ascension_mode":false,"campfire_choices":[],"circlet_count":0,"master_deck":["survmod:Strike","survmod:Strike","survmod:Strike","survmod:Strike","survmod:Defend","survmod:Defend","survmod:Defend","survmod:Defend","survmod:VersatileOffense","survmod:Sprint","UniverseFragment","survmod:VersatileDefense","Doubt","infinitespire:Fortify","CherryBlossoms","survmod:AimForTheLiver"],"relics":["survmod:InnateMutation","CogitoBucket","Omamori"],"acts_visited":["Exordium"],"potions_floor_usage":[],"damage_taken":[{"damage":0,"enemies":"Jaw Worm","floor":1,"turns":4},{"damage":5,"enemies":"Small Slimes","floor":4,"turns":7},{"damage":35,"enemies":"3 Sentries","floor":6,"turns":15}],"seed_played":"8526053481809504730","potions_obtained":[{"floor":4,"key":"blueLaboratory:BottleOfVodka"}],"is_trial":false,"path_per_floor":["M","?","?","M","T","E"],"character_chosen":"THE_SURVIVOR","items_purchased":[],"campfire_rested":0,"item_purchase_floors":[],"current_hp_per_floor":[50,50,38,33,33,0,0],"gold":324,"neow_bonus":"","is_daily":false,"chose_seed":false,"campfire_upgraded":0,"win_rate":0.0,"timestamp":1612649290,"path_taken":["M","?","?","M","?","E"],"items_purchased_type":[],"build_version":"2020-12-22","purchased_purges":0,"victory":false,"max_hp_per_floor":[50,50,50,50,50,50,50],"card_choices":[{"not_picked":["Wellcheers","SpiderBud"],"picked":"UniverseFragment","floor":1},{"not_picked":["survmod:QuickThinking","survmod:SurpriseTrap"],"picked":"survmod:VersatileDefense","floor":1},{"not_picked":["infinitespire:FutureSight","infinitespire:NeuralNetwork"],"picked":"infinitespire:Fortify","floor":3},{"not_picked":["FairyFestival","WhitesApple"],"picked":"CherryBlossoms","floor":4},{"not_picked":["survmod:FocusedFire","survmod:TwinShot"],"picked":"survmod:AimForTheLiver","floor":4}],"player_experience":274330,"relics_obtained":[{"floor":5,"key":"Omamori"}],"event_choices":[{"damage_healed":0,"gold_gain":175,"player_choice":"AGREE","damage_taken":0,"max_hp_gain":0,"max_hp_loss":0,"event_name":"Liars Game","floor":2,"gold_loss":0,"cards_obtained":["Doubt"]}],"is_beta":false,"boss_relics":[],"items_purged_floors":[],"is_endless":false,"potions_floor_spawned":[4],"killed_by":"3 Sentries","ascension_level":0}}