{"host":"ox77rn1xcurm2t5a","time":1612646813,"event":{"mods":["2.2 Compatiblity","AchievementEnabler","Act Like it!","Aspiration","BaseMod","Best Route Mod","Better Match","Better Note","Better Sensory Stone","Block Reminder","Colored Map","Colored Powertips","Conjunction","Conspire","Custom Start","Energized Spire","GifTheSpireLib","Gold Saver","Gremlin Skip","Halation","Highlight Path","Hubris","Infinite Spire","Minty Spire (QoL Compilation)","Pale of the Ancients","Quick Restart","Replay The Spire","Reworked Bosses","ShortenTheSpire","Spire Exporter","StSLib","Stuff the Spire","Wandering Minibosses"],"gold_per_floor":[249,7568,7533,6932,6944,6975,6975,7009,7034,7034,6362,6386,6386,6396,6396,6472,6472,6482,6497,6497,6497,6508,6538,6538,5898,5898,5898,5898,5898,5933,5952,5952,6031,6031,6041,6059,6079,6094,6114,6147,6158,5085,5085,5410,5410,5410,5410,5410,5410,5410,5410,5410,4498,4527,4527,4527],"floor_reached":55,"language":"ENG","playtime":2132,"items_purged":["Zap","Strike_B","Strike_B","Strike_B","Strike_B","Defend_B","Defend_B"],"score":1389,"play_id":"acb21cdb-56ef-4432-bc6a-0865577163a8","local_time":"20210206232653","is_ascension_mode":true,"campfire_choices":[{"floor":7.0,"key":"RECALL"},{"data":"Dualcast","floor":13.0,"key":"SMITH"},{"data":"Cold Snap","floor":15.0,"key":"SMITH"},{"data":"StuffTheSpire:Coldhearted","floor":27.0,"key":"SMITH"},{"floor":29.0,"key":"REST"},{"data":"Conserve Battery","floor":32.0,"key":"SMITH"},{"data":"StuffTheSpire:BrainWave","floor":47,"key":"SMITH"},{"floor":49,"key":"REST"},{"data":"Buffer","floor":52,"key":"SMITH"}],"circlet_count":0,"master_deck":["AscendersBane","Defend_B","Defend_B","Dualcast+1","Gash","Chill","Cold Snap+1","Gash","Streamline+1","Barrage+1","Sweeping Beam+1","Rebound+1","Cold Snap+1","StuffTheSpire:Coldhearted+1","Cold Snap+1","Go for the Eyes+1","Conserve Battery+1","Buffer+1","Chill","Ball Lightning+1","Conserve Battery+1","FIFO Queue","Streamline+1","Chill","Swift Strike+1","StuffTheSpire:BrainWave+1","Go for the Eyes+1","Go for the Eyes+1","Cold Snap+1","Glacier+1","Static Discharge"],"relics":["Cracked Core","NeowsBlessing","Vajra","ReplayTheSpireMod:Lightbulb","Geode","HornCleat","Thread and Needle","Molten Egg 2","aspiration:ChemicalBlood","Odd Mushroom","StuffTheSpire:ColdMirror","Garlic","conspire:TreasureMap","halation:TwoAmDonut","HandDrill","infinitespire:Cupcake","Replay:Ringing Soul","aspiration:Stellarator","wanderingMiniBosses:CarrionFlame","hubris:TenFootPole","hubris:SoftwareUpdate","halation:Jellyphish","StuffTheSpire:Expresso","Lantern","Old Coin","infinitespire:Freezer","StuffTheSpire:GrapeVine","Orrery","StuffTheSpire:EmeraldSignet","infinitespire:Golems Mask"],"acts_visited":["Exordium","TheCity","TheBeyond","TheEnding"],"potions_floor_usage":[38,38,40,40,41,41,50,50,54,54,55,55],"damage_taken":[{"damage":0.0,"enemies":"Small Slimes","floor":1.0,"turns":1.0},{"damage":0.0,"enemies":"Jaw Worm","floor":5.0,"turns":1.0},{"damage":0.0,"enemies":"Gremlin Nob","floor":6.0,"turns":1.0},{"damage":4.0,"enemies":"3 Sentries","floor":8.0,"turns":8.0},{"damage":9.0,"enemies":"The Mushroom Lair","floor":12.0,"turns":5.0},{"damage":0.0,"enemies":"2 Louse","floor":14.0,"turns":2.0},{"damage":3.0,"enemies":"The Guardian","floor":16.0,"turns":9.0},{"damage":3.0,"enemies":"2 Thieves","floor":18.0,"turns":6.0},{"damage":3.0,"enemies":"Spheric Guardian","floor":19.0,"turns":6.0},{"damage":2.0,"enemies":"Shelled Parasite and Fungi","floor":22.0,"turns":4.0},{"damage":15.0,"enemies":"Slavers","floor":23.0,"turns":3.0},{"damage":15.0,"enemies":"Book of Stabbing","floor":30.0,"turns":5.0},{"damage":0.0,"enemies":"Snecko","floor":31.0,"turns":5.0},{"damage":55.0,"enemies":"bossMod:newCollector","floor":33.0,"turns":15.0},{"damage":0.0,"enemies":"3 Darklings","floor":35.0,"turns":5.0},{"damage":0.0,"enemies":"Orb Walker","floor":36.0,"turns":5.0},{"damage":0,"enemies":"Jaw Worm Horde","floor":37,"turns":3},{"damage":27,"enemies":"Transient","floor":38,"turns":5},{"damage":10,"enemies":"Spire Growth","floor":39,"turns":6},{"damage":27,"enemies":"Reptomancer","floor":40,"turns":9},{"damage":0,"enemies":"Maw","floor":41,"turns":9},{"damage":0,"enemies":"Mind Bloom Boss Battle","floor":44,"turns":5},{"damage":21,"enemies":"conspire:OrnateMirror","floor":50,"turns":16},{"damage":35,"enemies":"Shield and Spear","floor":54,"turns":9},{"damage":90,"enemies":"The Heart","floor":55,"turns":9}],"seed_played":"-2879288178242598567","potions_obtained":[{"floor":8.0,"key":"Elixir"},{"floor":14.0,"key":"Energy Potion"},{"floor":16.0,"key":"SpeedPotion"},{"floor":22.0,"key":"Energy Potion"},{"floor":23.0,"key":"GamblersBrew"},{"floor":37,"key":"Weak Potion"},{"floor":40,"key":"Toxic Potion"},{"floor":44,"key":"Milkshake"},{"floor":54,"key":"Block Potion"}],"is_trial":false,"path_per_floor":["M","$","?","$","M","E","R","E","T","?","$","?","R","M","R","B",null,"M","M","?","?","M","E","?","$","T","R","AVR","R","E","M","R","B",null,"M","M","M","M","M","E","M","$","T","?","?","?","R","?","R","B",null,"R","$","E","B"],"character_chosen":"DEFECT","items_purchased":["Gash","Vajra","Chill","Cold Snap","SkillPotion","Gash","ReplayTheSpireMod:Lightbulb","Geode","Regen Potion","Molten Egg 2","aspiration:ChemicalBlood","Streamline+1","Barrage+1","Garlic","Cold Snap+1","conspire:TreasureMap","hubris:SoftwareUpdate","halation:Jellyphish","StuffTheSpire:Expresso","Streamline+1","Chill","infinitespire:Freezer","StuffTheSpire:GrapeVine","Go for the Eyes+1","Orrery","FairyPotion","Energy Potion"],"campfire_rested":2,"item_purchase_floors":[2,2,2,2,2,4,4,4,4,11,11,11,11,25,25,25,42,42,42,42,42,53,53,53,53,53,53],"current_hp_per_floor":[64,64,71,71,71,71,71,67,67,67,67,71,71,71,71,68,70,67,64,64,64,62,47,47,47,47,47,47,68,56,59,59,7,62,62,65,68,44,37,10,10,13,13,13,16,19,19,19,45,24,71,71,74,42,0,0],"gold":4527,"neow_bonus":"THREE_ENEMY_KILL","is_daily":false,"chose_seed":false,"campfire_upgraded":6,"win_rate":0.0,"timestamp":1612646813,"path_taken":["M","$","?","$","M","E","R","E","T","?","$","?","R","M","R","BOSS","M","M","?","?","M","E","?","$","T","R","AVR","R","E","M","R","BOSS","M","M","M","M","M","E","M","$","T","?","?","?","R","?","R","BOSS","R","$","E","BOSS"],"items_purchased_type":["Card","Relic","Card","Card","Potion","Card","Relic","Relic","Potion","Relic","Relic","Card","Card","Relic","Card","Relic","Relic","Relic","Relic","Card","Card","Relic","Relic","Card","Relic","Potion","Potion"],"build_version":"2020-12-22","purchased_purges":7,"victory":false,"max_hp_per_floor":[71,71,71,71,71,71,71,71,71,71,71,71,71,71,71,71,71,71,71,71,71,71,71,71,71,71,71,71,71,74,77,77,80,80,80,83,86,89,92,92,92,95,95,95,98,87,87,87,87,87,87,87,90,93,93,93],"card_choices":[{"not_picked":["Melter","Panic Button","Doom and Gloom"],"picked":"SKIP","floor":1.0},{"not_picked":["Rebound","Beam Cell","Melter"],"picked":"SKIP","floor":5.0},{"not_picked":["Fission","Hologram","StuffTheSpire:LoadUp"],"picked":"SKIP","floor":6.0},{"not_picked":["StuffTheSpire:LoadUp","Steam","Sweeping Beam"],"picked":"SKIP","floor":8.0},{"not_picked":["Barrage+1","ReplayGash+1"],"picked":"Sweeping Beam+1","floor":12.0},{"not_picked":["Stack","Leap"],"picked":"Rebound+1","floor":14.0},{"not_picked":["Hologram","aspiration:Polymerization","Rebound+1"],"picked":"SKIP","floor":18.0},{"not_picked":["Compile Driver+1","Conserve Battery","ReplayTheSpireMod:Dual Polarity"],"picked":"SKIP","floor":19.0},{"not_picked":["Sunder+1","BasicCrystalCard+1"],"picked":"Cold Snap+1","floor":22.0},{"not_picked":["Cold Snap+1","StuffTheSpire:NuclearReactor"],"picked":"StuffTheSpire:Coldhearted","floor":23.0},{"not_picked":["Scrape+1","Tempest"],"picked":"Go for the Eyes+1","floor":30.0},{"not_picked":["ReplayTheSpireMod:Dual Polarity","StuffTheSpire:Plugnplay"],"picked":"Conserve Battery","floor":31.0},{"not_picked":["StuffTheSpire:EventHorizon","Electrodynamics"],"picked":"Buffer","floor":33.0},{"not_picked":["Turbo+1","ReplayTheSpireMod:Reroute Power","Barrage+1"],"picked":"SKIP","floor":35.0},{"not_picked":["Turbo","StuffTheSpire:Plugnplay"],"picked":"Chill","floor":36.0},{"not_picked":["Go for the Eyes+1","StuffTheSpire:ShieldGenerator"],"picked":"Ball Lightning+1","floor":37},{"not_picked":["Crystallizer","Coolheaded"],"picked":"Conserve Battery+1","floor":38},{"not_picked":["StuffTheSpire:Rend","StuffTheSpire:SnapShoot"],"picked":"FIFO Queue","floor":39},{"not_picked":["Fusion","ReplayTheSpireMod:Omega Cannon+1","aspiration:Polymerization"],"picked":"SKIP","floor":40},{"not_picked":["Steam","FTL+1","Redo"],"picked":"SKIP","floor":41},{"not_picked":["Mind Blast+1","Secret Weapon"],"picked":"Swift Strike+1","floor":45},{"not_picked":["StuffTheSpire:Plugnplay+1","Double Energy"],"picked":"Cold Snap+1","floor":53},{"not_picked":["hubris:PowerSurge+1","BasicCrystalCard"],"picked":"Glacier+1","floor":53},{"not_picked":["Reinforced Body","hubris:DoWhile","Static Discharge"],"picked":"SKIP","floor":54},{"not_picked":["Reinforced Body","hubris:DoWhile"],"picked":"Static Discharge","floor":54}],"player_experience":3052831,"relics_obtained":[{"floor":6.0,"key":"HornCleat"},{"floor":8.0,"key":"Thread and Needle"},{"floor":12.0,"key":"Odd Mushroom"},{"floor":23.0,"key":"StuffTheSpire:ColdMirror"},{"floor":26.0,"key":"halation:TwoAmDonut"},{"floor":30.0,"key":"Replay:Ringing Soul"},{"floor":35.0,"key":"wanderingMiniBosses:CarrionFlame"},{"floor":40,"key":"hubris:TenFootPole"},{"floor":43,"key":"Lantern"},{"floor":44,"key":"Old Coin"},{"floor":54,"key":"StuffTheSpire:EmeraldSignet"}],"event_choices":[{"damage_healed":17.0,"max_hp_gain":0.0,"max_hp_loss":0.0,"gold_gain":0.0,"event_name":"The Cleric","player_choice":"Healed","floor":3.0,"gold_loss":35.0,"damage_taken":0.0},{"damage_healed":0.0,"max_hp_gain":0.0,"max_hp_loss":0.0,"gold_gain":0.0,"event_name":"Golden Idol","player_choice":"Ignored","floor":10.0,"gold_loss":0.0,"damage_taken":0.0},{"damage_healed":0.0,"max_hp_gain":0.0,"max_hp_loss":0.0,"gold_gain":0.0,"event_name":"Mushrooms","player_choice":"Fought Mushrooms","floor":12.0,"gold_loss":0.0,"damage_taken":0.0},{"damage_healed":0,"gold_gain":0,"player_choice":"Fight","damage_taken":0,"max_hp_gain":0,"max_hp_loss":0,"event_name":"MindBloom","floor":44,"gold_loss":0},{"damage_healed":0,"gold_gain":3,"player_choice":"1","damage_taken":0,"max_hp_gain":0,"max_hp_loss":0,"event_name":"betterStone:BetterStone","floor":45,"gold_loss":0}],"is_beta":false,"boss_relics":[{"not_picked":["halation:Prosthetics","halation:SmartPhone","energizedSpire:UnstableMolecules"]},{"not_picked":["ReplayTheSpireMod:DimensionalGlitch","Honey Jar"],"picked":"aspiration:Stellarator"}],"items_purged_floors":[2,4,11,25,28,42,53],"is_endless":false,"potions_floor_spawned":[5,8,14,16,22,23,37,40,44],"killed_by":"The Heart","ascension_level":16}}