{"host":"Black","time":1612569676,"event":{"mods":["Act Like it!","Always Whale","AlwaysNeverKeys","Aspiration","BaseMod","Beta Mode","BetterRewards","Colored Map","Colored Powertips","Custom Start","DeckTracker","Downfall","FetchMod","Highlight Path","Hubris","Minty Spire (QoL Compilation)","MoreRelics","Quick Restart","Random Character Button","Shop Mod","StSLib","SuperFastMode","Unceasing Turn Reminder","everything is the same but u backflip on backflip"],"gold_per_floor":[119,119,136,61,61,61,74,74,101,201,201,201,6,36,36,133,133,151,26,26,37,53,53,53,53,53,1,12,12,43,43,43,140,140,153,453,466,47,64,64,80,80,80,96,126,126,137,137,137,137],"floor_reached":51,"language":"ENG","playtime":2478,"items_purged":["Strike_R","Strike_R","Strike_R"],"score":766,"play_id":"333aa5cf-fbc9-41d0-9377-910506281fed","local_time":"20210206010116","is_ascension_mode":false,"campfire_choices":[{"data":"Bash","floor":6,"key":"SMITH"},{"data":"Spot Weakness","floor":8,"key":"SMITH"},{"data":"Sword Boomerang","floor":12,"key":"SMITH"},{"data":"Flex","floor":15,"key":"SMITH"},{"data":"Shrug It Off","floor":23,"key":"SMITH"},{"data":"Madness","floor":25,"key":"SMITH"},{"data":"Shrug It Off","floor":29,"key":"SMITH"},{"floor":32,"key":"REST"},{"data":"Shrug It Off","floor":40,"key":"SMITH"},{"data":"Thinking Ahead","floor":42,"key":"SMITH"},{"floor":46,"key":"REST"},{"data":"Offering","floor":49,"key":"SMITH"}],"circlet_count":0,"master_deck":["Strike_R","Strike_R","Defend_R","Defend_R","Defend_R","Defend_R","Bash+1","Demon Form+1","Sword Boomerang+1","Spot Weakness+1","Battle Trance","Shrug It Off+1","Flex+1","Evolve","Offering+1","Burning Pact","Necronomicurse","Shrug It Off+1","Headbutt","Madness+1","Flex","Brutality","Sword Boomerang+1","Thinking Ahead+1","Shrug It Off+1","hubris:Gluttony","hubris:Despair","Dual Wield+1","Whirlwind+1"],"relics":["Burning Blood","Dream Catcher","downfall:ExtraCursedKey","hubris:GlazedTorus","Runic Dome","Necronomicon","Turnip","aspiration:RunicSpoon","Pen Nib","Bottled Lightning","Shuriken"],"acts_visited":["Exordium","TheCity","TheBeyond"],"potions_floor_usage":[30,30,33,47],"damage_taken":[{"damage":5,"enemies":"Small Slimes","floor":1,"turns":3},{"damage":0,"enemies":"2 Louse","floor":3,"turns":3},{"damage":1,"enemies":"Cultist","floor":7,"turns":3},{"damage":18,"enemies":"Gremlin Nob","floor":14,"turns":3},{"damage":40,"enemies":"Hexaghost","floor":16,"turns":5},{"damage":11,"enemies":"Shell Parasite","floor":18,"turns":4},{"damage":6,"enemies":"2 Thieves","floor":21,"turns":2},{"damage":22,"enemies":"3 Cultists","floor":22,"turns":5},{"damage":13,"enemies":"Snake Plant","floor":28,"turns":3},{"damage":10,"enemies":"Gremlin Leader","floor":30,"turns":5},{"damage":27,"enemies":"hubris:MusketHawk","floor":33,"turns":6},{"damage":27,"enemies":"3 Darklings","floor":35,"turns":4},{"damage":15,"enemies":"3 Shapes","floor":37,"turns":3},{"damage":22,"enemies":"Jaw Worm Horde","floor":39,"turns":4},{"damage":0,"enemies":"3 Darklings","floor":41,"turns":2},{"damage":24,"enemies":"Spire Growth","floor":44,"turns":4},{"damage":6,"enemies":"Giant Head","floor":45,"turns":3},{"damage":16,"enemies":"Maw","floor":47,"turns":5},{"damage":48,"enemies":"hubris:GrandSnecko","floor":50,"turns":3}],"seed_played":"2879069015028292509","potions_obtained":[{"floor":1,"key":"Weak Potion"},{"floor":3,"key":"SteroidPotion"},{"floor":14,"key":"champ:CounterPotion"},{"floor":30,"key":"AttackPotion"},{"floor":35,"key":"Weak Potion"},{"floor":41,"key":"GamblersBrew"},{"floor":47,"key":"Energy Potion"}],"is_trial":false,"path_per_floor":["M","?","M","$","?","R","M","R","T","?","?","R","$","E","R","B",null,"M","$","?","M","M","R","?","R","T","$","M","R","E","?","R","B",null,"M","?","M","$","M","R","M","R","T","M","E","R","M","?","R","B",null],"character_chosen":"IRONCLAD","items_purchased":["Shrug It Off","Flex","Flex","Thinking Ahead","Shrug It Off","Pen Nib","SteroidPotion"],"campfire_rested":2,"item_purchase_floors":[13,13,27,38,38,38,38],"current_hp_per_floor":[80,85,85,85,85,85,85,85,85,85,85,85,85,73,73,39,85,80,80,64,64,48,48,48,48,48,48,41,41,37,37,62,41,85,64,64,55,55,39,39,45,45,45,27,27,52,42,74,74,32],"gold":137,"neow_bonus":"ONE_RANDOM_RARE_CARD","is_daily":false,"chose_seed":false,"campfire_upgraded":10,"win_rate":0.0,"timestamp":1612569676,"path_taken":["M","?","M","$","?","R","M","R","T","?","?","R","$","E","R","BOSS","M","$","?","M","M","R","?","R","T","$","?","R","E","?","R","BOSS","M","?","M","$","?","R","M","R","T","M","E","R","M","?","R","BOSS"],"items_purchased_type":["Card","Card","Card","Card","Card","Relic","Potion"],"build_version":"2020-12-22","purchased_purges":3,"victory":true,"max_hp_per_floor":[80,85,85,85,85,85,85,85,85,85,85,85,85,85,85,85,85,85,85,85,85,85,85,85,85,85,85,85,85,85,85,85,85,85,85,85,85,85,85,85,85,85,85,85,85,85,85,74,74,74],"card_choices":[{"not_picked":["Bloodletting","Rampage"],"picked":"Sword Boomerang","floor":1},{"not_picked":["Clash","Clothesline"],"picked":"Spot Weakness","floor":3},{"not_picked":["Anger","Cleave"],"picked":"Battle Trance","floor":7},{"not_picked":["Clothesline","Combust"],"picked":"Evolve","floor":14},{"not_picked":["Double Tap","Reaper"],"picked":"Offering","floor":16},{"not_picked":["Headbutt+1","Body Slam"],"picked":"Burning Pact","floor":18},{"not_picked":["Sentinel","Havoc","Ghostly Armor"],"picked":"SKIP","floor":21},{"not_picked":["Pommel Strike","True Grit"],"picked":"Shrug It Off","floor":22},{"not_picked":["Warcry","Bludgeon","Sever Soul"],"picked":"SKIP","floor":28},{"not_picked":["Cleave+1","hubris:ReadiedAction","Ghostly Armor"],"picked":"SKIP","floor":30},{"not_picked":["Bludgeon","Fiend Fire"],"picked":"Brutality","floor":33},{"not_picked":["Body Slam","Disarm"],"picked":"Sword Boomerang+1","floor":35},{"not_picked":["Havoc+1","Reckless Charge","Clash"],"picked":"SKIP","floor":37},{"not_picked":["Armaments+1","Twin Strike","Havoc+1"],"picked":"SKIP","floor":39},{"not_picked":["True Grit","Juggernaut","Heavy Blade"],"picked":"SKIP","floor":41},{"not_picked":["Clash","Sword Boomerang","Searing Blow+1"],"picked":"SKIP","floor":44},{"not_picked":["Feel No Pain","Entrench"],"picked":"Dual Wield+1","floor":45},{"not_picked":["Anger+1","Battle Trance"],"picked":"Whirlwind+1","floor":47}],"player_experience":474059,"relics_obtained":[{"floor":9,"key":"Dream Catcher"},{"floor":14,"key":"hubris:GlazedTorus"},{"floor":20,"key":"Necronomicon"},{"floor":30,"key":"Turnip"},{"floor":43,"key":"Bottled Lightning"},{"floor":45,"key":"Shuriken"}],"event_choices":[{"damage_healed":0,"gold_gain":0,"player_choice":"Donut","damage_taken":0,"max_hp_gain":5,"max_hp_loss":0,"event_name":"Big Fish","floor":2,"gold_loss":0},{"cards_removed":["Normality"],"damage_healed":0,"gold_gain":0,"player_choice":"Forget","damage_taken":0,"max_hp_gain":0,"max_hp_loss":0,"event_name":"Living Wall","floor":11,"gold_loss":0},{"damage_healed":0,"gold_gain":0,"player_choice":"Obtained Book","damage_taken":16,"max_hp_gain":0,"max_hp_loss":0,"event_name":"Cursed Tome","floor":20,"gold_loss":0},{"damage_healed":0,"gold_gain":0,"player_choice":"2 cards matched","damage_taken":0,"max_hp_gain":0,"max_hp_loss":0,"event_name":"Match and Keep!","floor":24,"gold_loss":0,"cards_obtained":["Headbutt","Madness"]},{"damage_healed":0,"gold_gain":300,"player_choice":"Gold","damage_taken":0,"max_hp_gain":0,"max_hp_loss":0,"event_name":"Wheel of Change","floor":36,"gold_loss":0},{"damage_healed":74,"gold_gain":0,"player_choice":"Heal","damage_taken":0,"max_hp_gain":0,"max_hp_loss":11,"event_name":"The Moai Head","floor":48,"gold_loss":0}],"is_beta":true,"boss_relics":[{"not_picked":["Runic Pyramid","hubris:Stopwatch"],"picked":"Runic Dome"},{"not_picked":["Tiny House","Empty Cage"],"picked":"aspiration:RunicSpoon"}],"items_purged_floors":[4,13,19],"is_endless":false,"potions_floor_spawned":[1,3,14,21,22,30,35,41,45,47],"ascension_level":0}}