{"host":"dmtlrev5pkc1867p","time":1612617333,"event":{"mods":["BaseMod","Colored Map","Downfall","Hermit","Marisa¡]Ãú«B¡@Å]²z¨F¡^","Minty Spire (QoL Compilation)","Replay The Spire","StSLib","The Cursed","The Disciple","The Servant 0.9.4"],"gold_per_floor":[111,126,137,47,47,57,81,101,120,136,163,194,94,94,94,196,196,211,225,87,87,87,100,100,119,16,32,45,61,61,61,61,61,61,61],"floor_reached":33,"language":"ZHS","playtime":1716,"items_purged":["Shame"],"score":353,"play_id":"afef3535-c82b-4312-9d58-39c512234089","local_time":"20210206211533","is_ascension_mode":true,"campfire_choices":[{"floor":13.0,"key":"RECALL"},{"floor":15.0,"key":"REST"},{"floor":30,"key":"REST"},{"floor":32,"key":"REST"}],"circlet_count":0,"master_deck":["Slimebound:Strike_Slimebound","Slimebound:Strike_Slimebound","Slimebound:Strike_Slimebound","Slimebound:Tackle","Slimebound:Defend_Slimebound","Slimebound:Defend_Slimebound","Slimebound:Defend_Slimebound","Slimebound:Defend_Slimebound","Slimebound:Split","Slimebound:CorrosiveSpit","Slimebound:Prepare","Slimebound:SplitAcid","Slimebound:SamplingLick","Slimebound:ViciousTackle","Slimebound:LeadByExample","Slimebound:Teamwork","Slimebound:SamplingLick","Slimebound:LeechLife","Slimebound:HauntingLick","Slimebound:LevelUp","Slimebound:TagTeam","Sickly","Slimebound:RallyTheTroops","Slimebound:ComboTackle+1","Slimebound:RejuvenatingLick","Slimebound:FormOfPuddle","Slimebound:MegaLick","Slimebound:LeadByExample","Slimebound:SplitAcid+1","Slimebound:SlimeTap","Slimebound:FirmFortitude","Slimebound:SplitAcid+1","Slimebound:LivingWall+1","Slimebound:Gluttony","Slimebound:LevelUp","Slimebound:Dissolve","Slimebound:SpikyOuterGoop+1","Slimebound:MegaLick","Slimebound:Dissolve","Slimebound:ComboTackle+1","Slimebound:Schlurp+1"],"relics":["Slimebound:AbsorbEndCombat","Pen Nib","Happy Flower","downfall:HeartBlessingBlue","The Courier","Replay:Ancient Bell","MealTicket","Letter Opener","Prayer Wheel","Matryoshka","ReplayFunnel","Bottled Tornado","Spirit Poop"],"acts_visited":["Exordium","TheCity"],"potions_floor_usage":[26,28,33],"damage_taken":[{"damage":1.0,"enemies":"Cultist","floor":1.0,"turns":4.0},{"damage":0.0,"enemies":"Small Slimes","floor":2.0,"turns":3.0},{"damage":3.0,"enemies":"2 Louse","floor":3.0,"turns":1.0},{"damage":3.0,"enemies":"downfall:FleeingMerchant","floor":4.0,"turns":4.0},{"damage":15.0,"enemies":"Exordium Thugs","floor":6.0,"turns":4.0},{"damage":0.0,"enemies":"Gremlin Gang","floor":8.0,"turns":3.0},{"damage":0.0,"enemies":"Red Slaver","floor":9.0,"turns":2.0},{"damage":3.0,"enemies":"Blue Slaver","floor":10.0,"turns":3.0},{"damage":22.0,"enemies":"Gremlin Nob","floor":12.0,"turns":3.0},{"damage":37.0,"enemies":"IC_STATUS_ARCHETYPE","floor":16.0,"turns":7.0},{"damage":12,"enemies":"3 Byrds","floor":18,"turns":3},{"damage":32,"enemies":"Centurion and Healer","floor":19,"turns":6},{"damage":2,"enemies":"downfall:FleeingMerchant","floor":20,"turns":4},{"damage":44,"enemies":"Snake Plant","floor":23,"turns":3},{"damage":20,"enemies":"3 Cultists","floor":25,"turns":5},{"damage":5,"enemies":"downfall:FleeingMerchant","floor":26,"turns":4},{"damage":22,"enemies":"Snecko","floor":27,"turns":6},{"damage":37,"enemies":"Centurion and Healer","floor":28,"turns":4},{"damage":0,"enemies":"3 Cultists","floor":29,"turns":2},{"damage":51,"enemies":"DF_ARCHETYPE_CLAW","floor":33,"turns":6}],"seed_played":"7326169576504717785","potions_obtained":[{"floor":0.0,"key":"SneckoOil"},{"floor":0.0,"key":"LiquidMemories"},{"floor":0.0,"key":"Fire Potion"},{"floor":2.0,"key":"Elixir"},{"floor":5.0,"key":"DistilledChaos"},{"floor":5.0,"key":"champ:CounterPotion"},{"floor":5.0,"key":"LifebloodPotion"},{"floor":9.0,"key":"PowerPotion"},{"floor":12.0,"key":"Venom Potion"},{"floor":18,"key":"PowerPotion"},{"floor":19,"key":"GamblersBrew"},{"floor":29,"key":"Fire Potion"}],"is_trial":false,"path_per_floor":["M","M","M","$","?","M","T","M","M","M","T","E","R","?","R","B",null,"M","M","$","?","T","M","T","M","$","M","M","M","R","?","R","B"],"character_chosen":"SLIMEBOUND","items_purchased":["Slimebound:LeadByExample","Slimebound:LeadByExample","Slimebound:Gluttony","Slimebound:LevelUp"],"campfire_rested":3,"item_purchase_floors":[4,20,26,26],"current_hp_per_floor":[62,64,61,64,64,54,54,56,58,65,65,45,55,48,70,41,67,57,35,68,68,68,30,30,34,46,28,7,7,29,29,51,14,14,14],"gold":61,"neow_bonus":"THREE_SMALL_POTIONS","is_daily":false,"chose_seed":false,"campfire_upgraded":0,"win_rate":0.0,"timestamp":1612617333,"path_taken":["M","M","M","?","?","M","T","?","M","M","?","E","R","?","R","BOSS","M","M","$","?","?","?","T","M","?","M","?","M","R","?","R","BOSS"],"items_purchased_type":["Card","Card","Card","Card"],"build_version":"2020-12-22","purchased_purges":1,"victory":false,"max_hp_per_floor":[65,65,65,65,65,65,65,65,65,65,65,65,75,75,75,75,75,75,75,75,75,75,75,75,75,75,75,75,75,75,75,75,75,75,75],"card_choices":[{"not_picked":["Slimebound:SamplingLick","Slimebound:Grow"],"picked":"Slimebound:Prepare","floor":1.0},{"not_picked":["Slimebound:SlimeSpikes","Slimebound:SplitBruiser"],"picked":"Slimebound:SplitAcid","floor":2.0},{"not_picked":["Slimebound:HauntingLick","Slimebound:SplitAcid"],"picked":"Slimebound:SamplingLick","floor":3.0},{"not_picked":["Slimebound:Dissolve","Slimebound:LeechEnergy"],"picked":"Slimebound:ViciousTackle","floor":4.0},{"not_picked":["Slimebound:SplitSpecialist","Slimebound:Chomp"],"picked":"Slimebound:Teamwork","floor":6.0},{"not_picked":["Slimebound:Prepare","Slimebound:HauntingLick"],"picked":"Slimebound:SamplingLick","floor":8.0},{"not_picked":["Slimebound:RainOfGoop","Slimebound:FinishingTackle"],"picked":"Slimebound:LeechLife","floor":9.0},{"not_picked":["Slimebound:FinishingTackle","Slimebound:LeechingTouch"],"picked":"Slimebound:HauntingLick","floor":10.0},{"not_picked":["Slimebound:PressTheAttack","Slimebound:GrowthPunch"],"picked":"Slimebound:LevelUp","floor":12.0},{"not_picked":["Slimebound:Teamwork","Slimebound:LeechLife"],"picked":"Slimebound:TagTeam","floor":16.0},{"not_picked":["Looming Evil","Voices"],"picked":"Shame","floor":17},{"not_picked":["Doubt","Hallucinations"],"picked":"Sickly","floor":17},{"not_picked":["Pain","Looming Evil"],"picked":"downfall:Aged","floor":17},{"not_picked":["Slimebound:ViciousTackle","Slimebound:SplitMire"],"picked":"Slimebound:RallyTheTroops","floor":18},{"not_picked":["Slimebound:AcidTongue","Slimebound:SplitLeeching"],"picked":"Slimebound:ComboTackle+1","floor":18},{"not_picked":["Slimebound:Nibble+1","Slimebound:PressTheAttack+1"],"picked":"Slimebound:RejuvenatingLick","floor":19},{"not_picked":["Slimebound:FinishingTackle+1","Slimebound:SlimeBarrage"],"picked":"Slimebound:FormOfPuddle","floor":19},{"not_picked":["Slimebound:Prepare","Slimebound:FormOfPuddle"],"picked":"Slimebound:MegaLick","floor":20},{"not_picked":["Slimebound:PressTheAttack","Slimebound:SplitLeeching"],"picked":"Slimebound:SplitAcid+1","floor":23},{"not_picked":["Slimebound:SplitBruiser","Slimebound:FinishingTackle+1"],"picked":"Slimebound:SlimeTap","floor":23},{"not_picked":["Slimebound:FinishingTackle+1","Slimebound:ViciousTackle"],"picked":"Slimebound:FirmFortitude","floor":25},{"not_picked":["Slimebound:LeechingTouch","Slimebound:Chomp"],"picked":"Slimebound:SplitAcid+1","floor":25},{"not_picked":["Slimebound:RollThrough","Slimebound:LeadByExample"],"picked":"Slimebound:LivingWall+1","floor":26},{"not_picked":["Slimebound:SamplingLick","Slimebound:RollThrough+1"],"picked":"Slimebound:Dissolve","floor":27},{"not_picked":["Slimebound:OozeBath","Slimebound:Schlurp+1"],"picked":"Slimebound:SpikyOuterGoop+1","floor":27},{"not_picked":["Slimebound:PressTheAttack","Slimebound:Schlurp"],"picked":"Slimebound:MegaLick","floor":28},{"not_picked":["Slimebound:LeechEnergy","Slimebound:FormOfPuddle"],"picked":"Slimebound:Dissolve","floor":28},{"not_picked":["Slimebound:SplitLeeching+1","Slimebound:FormOfPuddle"],"picked":"Slimebound:ComboTackle+1","floor":29},{"not_picked":["Slimebound:Repurpose+1","Slimebound:SplitAcid"],"picked":"Slimebound:Schlurp+1","floor":29}],"player_experience":599151,"relics_obtained":[{"floor":7.0,"key":"Pen Nib"},{"floor":12.0,"key":"Happy Flower"},{"floor":22,"key":"Matryoshka"},{"floor":24,"key":"ReplayFunnel"},{"floor":24,"key":"Bottled Tornado"}],"event_choices":[{"damage_healed":0.0,"max_hp_gain":0.0,"max_hp_loss":0.0,"gold_gain":0.0,"event_name":"Lab","player_choice":"Got Potions","floor":5.0,"gold_loss":0.0,"damage_taken":0.0},{"damage_healed":0.0,"max_hp_gain":0.0,"max_hp_loss":0.0,"gold_gain":0.0,"event_name":"Scrap Ooze","player_choice":"Success","floor":14.0,"gold_loss":0.0,"damage_taken":7.0,"relics_obtained":["The Courier"]},{"cards_removed":["downfall:Aged"],"damage_healed":0,"gold_gain":0,"player_choice":"Offered Curse","damage_taken":0,"relics_obtained":["Spirit Poop"],"max_hp_gain":0,"max_hp_loss":0,"event_name":"Bonfire Elementals","floor":31,"gold_loss":0}],"is_beta":false,"boss_relics":[{"not_picked":["Runic Dome","Tiny House"],"picked":"Replay:Ancient Bell"},{"not_picked":["Pet Ghost","Smiling Mask"],"picked":"MealTicket"},{"not_picked":["Meat on the Bone","Molten Egg 2"],"picked":"Letter Opener"},{"not_picked":["Torii","FossilizedHelix"],"picked":"Prayer Wheel"}],"items_purged_floors":[20],"is_endless":false,"potions_floor_spawned":[2,9,10,12,18,19,29],"killed_by":"DF_ARCHETYPE_CLAW","ascension_level":6}}