{"host":"rw1trt79hfpl7pom","time":1612620211,"event":{"mods":["BaseMod","Bestiary","Colored Map","Minty Spire (QoL Compilation)","Relic Stats","StSLib","SuperFastMode"],"gold_per_floor":[117,129,54,19,19,44,44,44,44,44,60,78,58,75,75,146,146,146,86,86,1,1,1,1,1,1,1,1,1,1,1],"floor_reached":30,"language":"ENG","playtime":1090,"items_purged":["Strike_G"],"score":492,"play_id":"8cb5b3f3-0289-4d0e-a3ff-c38055c200ca","local_time":"20210206060331","is_ascension_mode":true,"campfire_choices":[{"data":"Blade Dance","floor":8.0,"key":"SMITH"},{"data":"Neutralize","floor":10.0,"key":"SMITH"},{"data":"Flechettes","floor":15.0,"key":"SMITH"},{"data":"Skewer","floor":24,"key":"SMITH"},{"floor":28,"key":"DIG"}],"circlet_count":0,"master_deck":["AscendersBane","Strike_G","Strike_G","Strike_G","Strike_G","Defend_G","Defend_G","Defend_G","Defend_G","Defend_G","Survivor","Neutralize+1","Endless Agony","Backflip","Blade Dance+1","Flechettes+1","Dagger Spray","Blade Dance","Envenom","Skewer+1","Backflip+1","Well Laid Plans","Cloak And Dagger"],"relics":["Coffee Dripper","Vajra","Letter Opener","Ectoplasm","Shovel","Bag of Marbles","Oddly Smooth Stone"],"acts_visited":["Exordium","TheCity"],"potions_floor_usage":[23],"damage_taken":[{"damage":2.0,"enemies":"Cultist","floor":1.0,"turns":6.0},{"damage":11.0,"enemies":"Jaw Worm","floor":2.0,"turns":5.0},{"damage":42.0,"enemies":"3 Sentries","floor":6.0,"turns":22.0},{"damage":0.0,"enemies":"Small Slimes","floor":11.0,"turns":2.0},{"damage":0.0,"enemies":"2 Fungi Beasts","floor":12.0,"turns":2.0},{"damage":0.0,"enemies":"Gremlin Gang","floor":14.0,"turns":4.0},{"damage":8.0,"enemies":"Slime Boss","floor":16.0,"turns":6.0},{"damage":1.0,"enemies":"3 Byrds","floor":18.0,"turns":4.0},{"damage":9.0,"enemies":"2 Thieves","floor":19.0,"turns":3.0},{"damage":3.0,"enemies":"Sentry and Sphere","floor":20.0,"turns":4.0},{"damage":2,"enemies":"Slavers","floor":23,"turns":4},{"damage":16,"enemies":"Colosseum Slavers","floor":27,"turns":4},{"damage":11,"enemies":"Snake Plant","floor":30,"turns":3}],"seed_played":"-97357850152917649","potions_obtained":[{"floor":2.0,"key":"Swift Potion"},{"floor":12.0,"key":"Ancient Potion"},{"floor":13.0,"key":"Fruit Juice"},{"floor":14.0,"key":"Poison Potion"},{"floor":19.0,"key":"DistilledChaos"}],"is_trial":false,"path_per_floor":["M","M","$","?","?","E","?","R","T","R","M","M","?","M","R","B",null,"M","M","M","$","?","E","R","?","T","?","R","$","M"],"character_chosen":"THE_SILENT","items_purchased":["Well Laid Plans"],"campfire_rested":0,"item_purchase_floors":[21],"current_hp_per_floor":[57,46,46,62,62,20,20,20,20,20,20,20,20,25,25,17,58,57,48,45,45,45,43,43,23,23,7,7,7,0,0],"gold":1,"neow_bonus":"BOSS_RELIC","is_daily":false,"chose_seed":false,"campfire_upgraded":4,"win_rate":0.0,"timestamp":1612620211,"path_taken":["M","M","$","?","?","E","?","R","T","R","M","M","?","?","R","BOSS","M","M","M","$","?","E","R","?","T","?","R","$","M"],"items_purchased_type":["Card"],"build_version":"2020-12-22","purchased_purges":1,"victory":false,"max_hp_per_floor":[66,66,66,66,66,66,66,66,66,66,66,66,66,71,71,71,71,71,71,71,71,71,71,71,76,76,76,76,76,76,76],"relic_stats":{"Shovel":1,"counters":[13,69],"Ectoplasm":216,"Letter Opener":[55],"obtain_stats":[{"Shovel":23,"Vajra":6,"Oddly Smooth Stone":28,"Ectoplasm":17,"Coffee Dripper":0,"Bag of Marbles":26,"Letter Opener":9,"Ring of the Snake":0},{"Shovel":11,"Vajra":3,"Oddly Smooth Stone":12,"Ectoplasm":7,"Coffee Dripper":0,"Bag of Marbles":11,"Letter Opener":3,"Ring of the Snake":0},{"Shovel":62,"Vajra":33,"Oddly Smooth Stone":66,"Ectoplasm":47,"Coffee Dripper":0,"Bag of Marbles":62,"Letter Opener":33,"Ring of the Snake":0}]},"card_choices":[{"not_picked":["Poisoned Stab","Backflip"],"picked":"Endless Agony","floor":1.0},{"not_picked":["Slice","Dodge and Roll"],"picked":"Backflip","floor":2.0},{"not_picked":["Dodge and Roll","Distraction"],"picked":"Blade Dance","floor":6.0},{"not_picked":["Bane","Deflect"],"picked":"Flechettes","floor":11.0},{"not_picked":["Setup","Flechettes"],"picked":"Dagger Spray","floor":12.0},{"not_picked":["Flechettes","Doppelganger"],"picked":"Blade Dance","floor":14.0},{"not_picked":["Corpse Explosion","Malaise"],"picked":"Envenom","floor":16.0},{"not_picked":["Dagger Throw","Setup"],"picked":"Skewer","floor":18.0},{"not_picked":["Prepared","Slice","Sucker Punch"],"picked":"SKIP","floor":19.0},{"not_picked":["Acrobatics","Endless Agony"],"picked":"Backflip+1","floor":20.0},{"not_picked":["Dagger Throw","Poisoned Stab"],"picked":"Cloak And Dagger","floor":23}],"player_experience":2619604,"relics_obtained":[{"floor":6.0,"key":"Vajra"},{"floor":9.0,"key":"Letter Opener"},{"floor":23,"key":"Shovel"},{"floor":26,"key":"Bag of Marbles"},{"floor":28,"key":"Oddly Smooth Stone"}],"event_choices":[{"damage_healed":16.0,"max_hp_gain":0.0,"max_hp_loss":0.0,"gold_gain":0.0,"event_name":"The Cleric","player_choice":"Healed","floor":4.0,"gold_loss":35.0,"damage_taken":0.0},{"damage_healed":0.0,"max_hp_gain":0.0,"max_hp_loss":0.0,"gold_gain":0.0,"event_name":"Scrap Ooze","player_choice":"Fled","floor":5.0,"gold_loss":0.0,"damage_taken":0.0},{"damage_healed":0.0,"max_hp_gain":0.0,"max_hp_loss":0.0,"gold_gain":0.0,"event_name":"Shining Light","player_choice":"Ignored","floor":7.0,"gold_loss":0.0,"damage_taken":0.0},{"damage_healed":0.0,"max_hp_gain":0.0,"max_hp_loss":0.0,"gold_gain":0.0,"event_name":"The Woman in Blue","player_choice":"Bought 1 Potion","floor":13.0,"gold_loss":0.0,"damage_taken":0.0},{"damage_healed":0.0,"max_hp_gain":0.0,"max_hp_loss":0.0,"gold_gain":50.0,"event_name":"Nest","player_choice":"Stole From Cult","floor":22.0,"gold_loss":0.0,"damage_taken":0.0},{"damage_healed":0,"gold_gain":0,"player_choice":"Shed Blood","damage_taken":25,"max_hp_gain":5,"max_hp_loss":0,"event_name":"Forgotten Altar","floor":25,"gold_loss":0},{"damage_healed":0,"gold_gain":0,"player_choice":"Fight","damage_taken":0,"max_hp_gain":0,"max_hp_loss":0,"event_name":"Colosseum","floor":27,"gold_loss":0},{"damage_healed":0,"gold_gain":0,"player_choice":"Fled From Nobs","damage_taken":0,"max_hp_gain":0,"max_hp_loss":0,"event_name":"Colosseum","floor":27,"gold_loss":0}],"is_beta":false,"boss_relics":[{"not_picked":["Snecko Eye","Empty Cage"],"picked":"Ectoplasm"}],"items_purged_floors":[3],"is_endless":false,"potions_floor_spawned":[2,12,14,19,27],"killed_by":"Snake Plant","ascension_level":20}}