{"host":"2zjdcgw4be5n15ja","time":1612612133,"event":{"mods":["AchievementEnabler","BaseMod","Better Skull","Better Third Choice","BetterRewards","Block Reminder","Hermit","Marisa????????","Minty Spire (QoL Compilation)","Poor People Problems","Quick Restart","Rare Cards Sparkle","Reimu??????","Relic Stats","Reliquary","StSLib","The Runesmith","The Senshi","TheFirefly","Yakumo Yukari mod"],"gold_per_floor":[12,12,26,26,26,57,83,83,108,132,175,198,160,180,180,310,310,334,357,456,78,78,78,99,99,124,137,160,160,17,35,35,165,165,181,181,181,181,181],"floor_reached":38,"language":"ENG","playtime":3534,"items_purged":["Regret"],"score":409,"play_id":"0d1fc292-9c56-483d-b5df-af6b3c9aac44","local_time":"20210207004853","is_ascension_mode":false,"campfire_choices":[{"floor":15,"key":"REST"},{"floor":23,"key":"REST"},{"floor":25,"key":"REST"},{"floor":29,"key":"RECALL"},{"floor":32,"key":"REST"}],"circlet_count":0,"master_deck":["Strike_P","Strike_P","Strike_P","Strike_P","Defend_P+1","Defend_P","Defend_P+1","Defend_P","Eruption","Vigilance","Establishment","Tantrum","ForeignInfluence+1","Injury","Meditate","Nirvana","Halt","FlurryOfBlows","Consecrate","DevaForm","CutThroughFate+1","Alpha","Weave","BattleHymn","TalkToTheHand","Evaluate","Halt+1","Pray+1","Wireheading","CarveReality","EmptyFist","Alpha","Protect+1","Finesse","Writhe"],"relics":["PureWater","Golden Idol","Gremlin Horn","reliquary:PorcupineQuills","Toy Ornithopter","War Paint","SlaversCollar","Ancient Tea Set","reliquary:RosewoodLute","reliquary:ExpiredCoupon","RedLine:ReiMu"],"acts_visited":["Exordium","TheCity","TheBeyond"],"potions_floor_usage":[27,28,33,33],"damage_taken":[{"damage":7.0,"enemies":"2 Louse","floor":1.0,"turns":3.0},{"damage":0.0,"enemies":"Cultist","floor":3.0,"turns":2.0},{"damage":2.0,"enemies":"Gremlin Nob","floor":6.0,"turns":3.0},{"damage":17.0,"enemies":"Jaw Worm","floor":10.0,"turns":5.0},{"damage":31.0,"enemies":"Lagavulin","floor":11.0,"turns":6.0},{"damage":8.0,"enemies":"Looter","floor":12.0,"turns":4.0},{"damage":1.0,"enemies":"2 Fungi Beasts","floor":14.0,"turns":3.0},{"damage":21,"enemies":"Hexaghost","floor":16,"turns":6},{"damage":16,"enemies":"Spheric Guardian","floor":18,"turns":4},{"damage":39,"enemies":"Shell Parasite","floor":19,"turns":7},{"damage":3,"enemies":"Chosen and Byrds","floor":24,"turns":4},{"damage":25,"enemies":"Snake Plant","floor":27,"turns":5},{"damage":17,"enemies":"Centurion and Healer","floor":28,"turns":5},{"damage":31,"enemies":"Snecko","floor":31,"turns":6},{"damage":44,"enemies":"Collector","floor":33,"turns":7},{"damage":39,"enemies":"Orb Walker","floor":35,"turns":5},{"damage":56,"enemies":"2 Orb Walkers","floor":38,"turns":3}],"seed_played":"-8956916675590145455","potions_obtained":[{"floor":1.0,"key":"ZuzhouPotion:ReiMu"},{"floor":3.0,"key":"Dexterity Potion"},{"floor":11.0,"key":"StancePotion"},{"floor":12.0,"key":"AttackPotion"},{"floor":16,"key":"EssenceOfSteel"},{"floor":19,"key":"FearPotion"},{"floor":24,"key":"AttackPotion"},{"floor":28,"key":"FairyPotion"},{"floor":31,"key":"Regen Potion"},{"floor":35,"key":"FearPotion"}],"is_trial":false,"path_per_floor":["M","?","M","?","?","E","T","?","T","M","E","M","?","M","R","B",null,"M","M","?","$","?","R","M","R","T","M","M","R","$","M","R","B",null,"M","?","?","?"],"character_chosen":"WATCHER","items_purchased":["Weave","BattleHymn","TalkToTheHand","Ancient Tea Set","Evaluate","CarveReality"],"campfire_rested":4,"item_purchase_floors":[21,21,21,21,21,30],"current_hp_per_floor":[65,65,65,65,65,63,63,63,63,46,15,12,12,11,32,11,72,56,17,17,17,17,38,35,56,56,36,24,24,24,21,42,23,72,33,33,51,0,0],"gold":181,"neow_bonus":"THREE_RARE_CARDS","is_daily":false,"chose_seed":false,"campfire_upgraded":0,"win_rate":0.0,"timestamp":1612612133,"path_taken":["M","?","?","?","?","E","?","?","T","M","E","M","?","M","R","BOSS","M","M","?","$","?","R","M","R","T","M","?","R","$","M","R","BOSS","M","?","?","?"],"items_purchased_type":["Card","Card","Card","Relic","Card","Card"],"build_version":"2020-12-22","purchased_purges":1,"victory":false,"max_hp_per_floor":[72,72,72,72,72,72,72,72,72,72,72,72,72,72,72,72,72,72,72,72,72,72,72,72,72,72,72,72,72,72,72,72,72,72,72,72,72,72,72],"relic_stats":{"Gremlin Horn":[7,7],"counters":[17,78],"Golden Idol":124,"War Paint":["Defend_P","Defend_P"],"obtain_stats":[{"SlaversCollar":17,"reliquary:ExpiredCoupon":26,"reliquary:PorcupineQuills":8,"Gremlin Horn":6,"Golden Idol":5,"PureWater":0,"War Paint":11,"reliquary:RosewoodLute":22,"Ancient Tea Set":21,"Toy Ornithopter":9,"RedLine:ReiMu":34},{"SlaversCollar":8,"reliquary:ExpiredCoupon":11,"reliquary:PorcupineQuills":3,"Gremlin Horn":3,"Golden Idol":2,"PureWater":0,"War Paint":5,"reliquary:RosewoodLute":10,"Ancient Tea Set":10,"Toy Ornithopter":3,"RedLine:ReiMu":15},{"SlaversCollar":32,"reliquary:ExpiredCoupon":47,"reliquary:PorcupineQuills":8,"Gremlin Horn":8,"Golden Idol":5,"PureWater":0,"War Paint":19,"reliquary:RosewoodLute":43,"Ancient Tea Set":43,"Toy Ornithopter":8,"RedLine:ReiMu":70}],"Toy Ornithopter":25},"card_choices":[{"not_picked":["Ragnarok","SpiritShield"],"picked":"Establishment","floor":0.0},{"not_picked":["Indignation","CutThroughFate"],"picked":"Tantrum","floor":1.0},{"not_picked":["EmptyFist","FlurryOfBlows"],"picked":"ForeignInfluence","floor":3.0},{"not_picked":["FlyingSleeves","CarveReality"],"picked":"Meditate","floor":6.0},{"not_picked":["Worship","FollowUp"],"picked":"Nirvana","floor":10.0},{"not_picked":["BowlingBash","Tantrum"],"picked":"Halt","floor":11.0},{"not_picked":["CrushJoints","Nirvana"],"picked":"FlurryOfBlows","floor":12.0},{"not_picked":["PathToVictory","EmptyMind"],"picked":"Consecrate","floor":14.0},{"not_picked":["Ragnarok","Scrawl"],"picked":"DevaForm","floor":16},{"not_picked":["CrushJoints","Conclude"],"picked":"CutThroughFate+1","floor":18},{"not_picked":["Consecrate","JustLucky"],"picked":"Alpha","floor":19},{"not_picked":["BowlingBash","Worship"],"picked":"Halt+1","floor":24},{"not_picked":["SashWhip+1","Worship+1"],"picked":"Pray+1","floor":27},{"not_picked":["ThirdEye","Swivel"],"picked":"Wireheading","floor":28},{"not_picked":["BowlingBash","Sanctity"],"picked":"EmptyFist","floor":31},{"not_picked":["Wish","Omniscience"],"picked":"Alpha","floor":33},{"not_picked":["WaveOfTheHand+1","DeceiveReality"],"picked":"Protect+1","floor":35},{"not_picked":["Panacea","Chrysalis"],"picked":"Finesse","floor":36}],"player_experience":395671,"relics_obtained":[{"floor":6.0,"key":"Gremlin Horn"},{"floor":9.0,"key":"Toy Ornithopter"},{"floor":11.0,"key":"War Paint"},{"floor":26,"key":"reliquary:ExpiredCoupon"}],"event_choices":[{"damage_healed":0.0,"max_hp_gain":0.0,"max_hp_loss":0.0,"gold_gain":0.0,"event_name":"NoteForYourself","player_choice":"Ignored","floor":2.0,"gold_loss":0.0,"damage_taken":0.0},{"damage_healed":0.0,"max_hp_gain":0.0,"max_hp_loss":0.0,"gold_gain":0.0,"event_name":"Living Wall","player_choice":"Grow","floor":4.0,"gold_loss":0.0,"damage_taken":0.0,"cards_upgraded":["ForeignInfluence"]},{"damage_healed":0.0,"max_hp_gain":0.0,"max_hp_loss":0.0,"gold_gain":0.0,"event_name":"Golden Idol","player_choice":"Take Wound","floor":5.0,"gold_loss":0.0,"damage_taken":0.0,"relics_obtained":["Golden Idol"],"cards_obtained":["Injury"]},{"damage_healed":0.0,"max_hp_gain":0.0,"max_hp_loss":0.0,"gold_gain":0.0,"event_name":"Big Fish","player_choice":"Box","floor":8.0,"gold_loss":0.0,"damage_taken":0.0,"relics_obtained":["reliquary:PorcupineQuills"],"cards_obtained":["Regret"]},{"damage_healed":0.0,"max_hp_gain":0.0,"max_hp_loss":0.0,"gold_gain":0.0,"event_name":"betterThird:BetterGoop","player_choice":"Left","floor":13.0,"gold_loss":38.0,"damage_taken":0.0},{"damage_healed":0,"gold_gain":99,"player_choice":"Steal","damage_taken":0,"max_hp_gain":0,"max_hp_loss":0,"event_name":"betterThird:BetterNest","floor":20,"gold_loss":0},{"damage_healed":0,"gold_gain":0,"player_choice":"Opened","damage_taken":0,"relics_obtained":["reliquary:RosewoodLute"],"max_hp_gain":0,"max_hp_loss":0,"event_name":"The Mausoleum","floor":22,"gold_loss":0},{"damage_healed":0,"gold_gain":0,"player_choice":"Memory 1","damage_taken":0,"max_hp_gain":0,"max_hp_loss":0,"event_name":"SensoryStone","floor":36,"gold_loss":0},{"damage_healed":18,"gold_gain":0,"player_choice":"Writhe","damage_taken":0,"max_hp_gain":0,"max_hp_loss":0,"event_name":"Winding Halls","floor":37,"gold_loss":0,"cards_obtained":["Writhe"]},{"damage_healed":0,"gold_gain":0,"player_choice":"Fight","damage_taken":0,"max_hp_gain":0,"max_hp_loss":0,"event_name":"Mysterious Sphere","floor":38,"gold_loss":0}],"is_beta":false,"boss_relics":[{"not_picked":["Snecko Eye","Busted Crown"],"picked":"SlaversCollar"},{"not_picked":["Calling Bell","SacredBark"],"picked":"RedLine:ReiMu"}],"items_purged_floors":[30],"is_endless":false,"potions_floor_spawned":[1,3,11,12,16,19,24,28,31,35],"killed_by":"2 Orb Walkers","ascension_level":0}}