{"host":"msfr2axb1w9025n0","time":1612596825,"event":{"mods":["BaseMod","Bestiary","Block Reminder","Colored Map","DeckTracker","Minty Spire (QoL Compilation)","Relic Stats","Weighted Paths"],"gold_per_floor":[111,126,141,62,79,79,108,60,60,9,34,34,46,60,60,131,131,146,146,13,33,48,58,58,111,111,144,160,190,190,203,203,203,203],"floor_reached":33,"language":"ENG","playtime":1490,"items_purged":[],"score":535,"play_id":"524e6235-c73e-42c8-afe3-92f6ad50d08e","local_time":"20210206143345","is_ascension_mode":true,"campfire_choices":[{"data":"Spot Weakness","floor":6.0,"key":"SMITH"},{"data":"Spot Weakness","floor":12.0,"key":"SMITH"},{"data":"Heavy Blade","floor":15.0,"key":"SMITH"},{"data":"Limit Break","floor":24.0,"key":"SMITH"},{"data":"Whirlwind","floor":30,"key":"SMITH"},{"data":"Enlightenment","floor":32,"key":"SMITH"}],"circlet_count":0,"master_deck":["AscendersBane","Strike_R","Strike_R","Strike_R","Strike_R","Strike_R","Defend_R","Defend_R","Defend_R","Defend_R","Bash","Hemokinesis","Metallicize","Thunderclap","Clothesline","Whirlwind+1","Spot Weakness+1","Demon Form","Spot Weakness+1","Heavy Blade+1","Seeing Red","Limit Break+1","Headbutt","Shame","Enlightenment+1","Pummel","Blood for Blood","Perfected Strike","True Grit+1"],"relics":["Burning Blood","PreservedInsect","Bronze Scales","Pantograph","Coffee Dripper","Gambling Chip","Tiny Chest","InkBottle","Bottled Lightning","Mango"],"acts_visited":["Exordium","TheCity"],"potions_floor_usage":[33],"damage_taken":[{"damage":3.0,"enemies":"2 Louse","floor":1.0,"turns":2.0},{"damage":8.0,"enemies":"Small Slimes","floor":2.0,"turns":4.0},{"damage":6.0,"enemies":"Jaw Worm","floor":3.0,"turns":5.0},{"damage":7.0,"enemies":"Lots of Slimes","floor":5.0,"turns":2.0},{"damage":44.0,"enemies":"Gremlin Nob","floor":7.0,"turns":5.0},{"damage":7.0,"enemies":"3 Sentries","floor":11.0,"turns":2.0},{"damage":23.0,"enemies":"Exordium Wildlife","floor":13.0,"turns":4.0},{"damage":1.0,"enemies":"Large Slime","floor":14.0,"turns":6.0},{"damage":20.0,"enemies":"Slime Boss","floor":16.0,"turns":7.0},{"damage":39.0,"enemies":"2 Thieves","floor":18.0,"turns":4.0},{"damage":6.0,"enemies":"Chosen","floor":21.0,"turns":3.0},{"damage":8.0,"enemies":"3 Cultists","floor":22.0,"turns":4.0},{"damage":14.0,"enemies":"Centurion and Healer","floor":23.0,"turns":2.0},{"damage":25.0,"enemies":"Gremlin Leader","floor":27.0,"turns":4.0},{"damage":7.0,"enemies":"Cultist and Chosen","floor":28.0,"turns":3.0},{"damage":0.0,"enemies":"Slavers","floor":29.0,"turns":1.0},{"damage":12,"enemies":"Snecko","floor":31,"turns":4},{"damage":81,"enemies":"Collector","floor":33,"turns":6}],"seed_played":"-8243110825867109157","potions_obtained":[{"floor":1.0,"key":"BlessingOfTheForge"},{"floor":2.0,"key":"AttackPotion"},{"floor":11.0,"key":"Explosive Potion"},{"floor":14.0,"key":"ColorlessPotion"},{"floor":16.0,"key":"Dexterity Potion"},{"floor":21.0,"key":"BloodPotion"},{"floor":22.0,"key":"SkillPotion"},{"floor":28.0,"key":"Regen Potion"},{"floor":29,"key":"BlessingOfTheForge"}],"is_trial":false,"path_per_floor":["M","M","M","$","M","R","E","?","T","$","E","R","M","M","R","B",null,"M","?","$","M","M","M","R","T","T","E","M","E","R","M","R","B"],"character_chosen":"IRONCLAD","items_purchased":["Whirlwind","SteroidPotion","Enlightenment","SteroidPotion"],"campfire_rested":0,"item_purchase_floors":[4,10,20,20],"current_hp_per_floor":[75,73,73,73,72,72,34,34,34,34,33,33,16,21,21,32,68,35,35,35,51,49,41,41,41,41,22,21,41,41,35,35,0,0],"gold":203,"neow_bonus":"THREE_CARDS","is_daily":false,"chose_seed":false,"campfire_upgraded":6,"win_rate":0.0,"timestamp":1612596825,"path_taken":["M","M","M","$","M","R","E","?","T","$","E","R","M","M","R","BOSS","M","?","$","M","M","M","R","?","T","E","?","E","R","?","R","BOSS"],"items_purchased_type":["Card","Potion","Card","Potion"],"build_version":"2020-12-22","purchased_purges":0,"victory":false,"max_hp_per_floor":[80,80,80,80,80,80,80,80,80,80,80,80,80,80,80,80,80,80,80,80,80,80,80,80,80,80,80,80,94,94,94,94,94,94],"relic_stats":{"counters":[18,68],"Bronze Scales":[103],"Pantograph":50,"Gambling Chip":[25],"Tiny Chest":0,"PreservedInsect":121,"obtain_stats":[{"Bronze Scales":9,"Pantograph":11,"Gambling Chip":19,"Tiny Chest":25,"Mango":29,"PreservedInsect":7,"Coffee Dripper":17,"Bottled Lightning":27,"Burning Blood":0,"InkBottle":26},{"Bronze Scales":5,"Pantograph":6,"Gambling Chip":10,"Tiny Chest":13,"Mango":16,"PreservedInsect":5,"Coffee Dripper":9,"Bottled Lightning":14,"Burning Blood":0,"InkBottle":13},{"Bronze Scales":18,"Pantograph":20,"Gambling Chip":41,"Tiny Chest":50,"Mango":58,"PreservedInsect":18,"Coffee Dripper":37,"Bottled Lightning":54,"Burning Blood":0,"InkBottle":50}],"Burning Blood":102,"InkBottle":[5]},"card_choices":[{"not_picked":["Armaments","Thunderclap"],"picked":"Hemokinesis","floor":0.0},{"not_picked":["Dropkick","Feel No Pain"],"picked":"Metallicize","floor":1.0},{"not_picked":["Anger","Clothesline"],"picked":"Thunderclap","floor":2.0},{"not_picked":["Pummel","Armaments"],"picked":"Clothesline","floor":3.0},{"not_picked":["Uppercut","Anger"],"picked":"Spot Weakness","floor":5.0},{"not_picked":["Cleave","Clash"],"picked":"Demon Form","floor":7.0},{"not_picked":["Demon Form","Inflame"],"picked":"Spot Weakness","floor":11.0},{"not_picked":["Wild Strike","Twin Strike"],"picked":"Heavy Blade","floor":13.0},{"not_picked":["Pommel Strike","Armaments"],"picked":"Seeing Red","floor":14.0},{"not_picked":["Barricade","Immolate"],"picked":"Limit Break","floor":16.0},{"not_picked":["Anger","Carnage"],"picked":"Headbutt","floor":18.0},{"not_picked":["Pommel Strike","Flex","Wild Strike"],"picked":"SKIP","floor":21.0},{"not_picked":["Pommel Strike","Thunderclap"],"picked":"Pummel","floor":22.0},{"not_picked":["True Grit","Sword Boomerang","Dropkick"],"picked":"SKIP","floor":23.0},{"not_picked":["Brutality","Body Slam","Rage"],"picked":"SKIP","floor":27.0},{"not_picked":["Reckless Charge","Thunderclap+1"],"picked":"Blood for Blood","floor":28.0},{"not_picked":["Blood for Blood","Fire Breathing"],"picked":"Perfected Strike","floor":29},{"not_picked":["Pummel","Pommel Strike"],"picked":"True Grit+1","floor":31}],"player_experience":293891,"relics_obtained":[{"floor":7.0,"key":"PreservedInsect"},{"floor":9.0,"key":"Bronze Scales"},{"floor":11.0,"key":"Pantograph"},{"floor":25.0,"key":"Tiny Chest"},{"floor":26.0,"key":"InkBottle"},{"floor":27.0,"key":"Bottled Lightning"},{"floor":29,"key":"Mango"}],"event_choices":[{"damage_healed":0.0,"max_hp_gain":0.0,"max_hp_loss":0.0,"gold_gain":0.0,"event_name":"World of Goop","player_choice":"Left Gold","floor":8.0,"gold_loss":48.0,"damage_taken":0.0},{"damage_healed":0.0,"max_hp_gain":0.0,"max_hp_loss":0.0,"gold_gain":0.0,"event_name":"Addict","player_choice":"Stole Relic","floor":19.0,"gold_loss":0.0,"damage_taken":0.0,"relics_obtained":["Gambling Chip"],"cards_obtained":["Shame"]}],"is_beta":false,"boss_relics":[{"not_picked":["Black Blood","Pandora\u0027s Box"],"picked":"Coffee Dripper"}],"items_purged_floors":[],"is_endless":false,"potions_floor_spawned":[1,2,11,14,16,21,22,28,29,31],"killed_by":"Collector","ascension_level":13}}