{"host":"oopoa2qluour3scl","time":1612603003,"event":{"mods":["2.2 Compatiblity","AchievementEnabler","AlwaysNeverKeys","BaseMod","Better Match","Better Note","Better Sensory Stone","Better Third Choice","Better Vampires","BetterRewards","Colored Powertips","Communication Mod","Minty Spire (QoL Compilation)","Practice Mode","Random Character Button","Relic Stats","StSLib","SuperFastMode","Swap Starting Deck Mod"],"gold_per_floor":[99,49,49,49,49,49,49,49,49,49,49,49,49,49,49,49,49,49,49,49,49,49,49,49,49,49,49,49,49,49,49,49,49,49,49,49,0,0,0,0,0,0,0,0,0,0,0,0,0,0,0,0,0,0,0,0],"floor_reached":55,"language":"ENG","playtime":3493,"items_purged":[],"score":788,"play_id":"3ffb325f-f289-42b0-8816-f34a0a0d2fc0","local_time":"20210206101643","is_ascension_mode":false,"campfire_choices":[{"floor":7,"key":"REST"},{"data":"Bane","floor":12,"key":"SMITH"},{"data":"Terror","floor":15,"key":"SMITH"},{"floor":23,"key":"REST"},{"floor":24,"key":"REST"},{"data":"Acrobatics","floor":29,"key":"SMITH"},{"data":"Expertise","floor":32,"key":"SMITH"},{"floor":41,"key":"REST"},{"floor":49,"key":"REST"},{"data":"Bullet Time","floor":52,"key":"SMITH"}],"circlet_count":0,"master_deck":["Strike_G","Defend_G","Defend_G","Survivor","Neutralize","Deadly Poison+1","Bane+1","Dash","Poisoned Stab","Blur","Terror+1","Bullet Time+1","Eviscerate+1","Bane+1","Reflex+1","Acrobatics+1","Flash of Steel","Flash of Steel","Expertise+1","Apotheosis+1","Tactician","Concentrate+1","Noxious Fumes+1","Envenom+1","Infinite Blades+1","Doppelganger+1","Well Laid Plans+1","Acrobatics+1","Corpse Explosion","Outmaneuver+1"],"relics":["Ectoplasm","Golden Idol","HornCleat","CeramicFish","Eternal Feather","WingedGreaves","Lizard Tail","Astrolabe","Regal Pillow","Frozen Egg 2","Dead Branch","Sozu","Red Mask","War Paint","Ancient Tea Set","Potion Belt","Ornamental Fan","Toy Ornithopter"],"acts_visited":["Exordium","TheCity","TheBeyond","TheEnding"],"potions_floor_usage":[20,30,33,42,50],"damage_taken":[{"damage":2,"enemies":"Jaw Worm","floor":1,"turns":4},{"damage":18,"enemies":"Lagavulin","floor":6,"turns":7},{"damage":12,"enemies":"Gremlin Nob","floor":8,"turns":4},{"damage":9,"enemies":"3 Sentries","floor":10,"turns":8},{"damage":0,"enemies":"Small Slimes","floor":13,"turns":3},{"damage":0,"enemies":"2 Louse","floor":14,"turns":3},{"damage":22,"enemies":"Slime Boss","floor":16,"turns":11},{"damage":19,"enemies":"Spheric Guardian","floor":18,"turns":6},{"damage":12,"enemies":"Chosen","floor":20,"turns":4},{"damage":13,"enemies":"Centurion and Healer","floor":21,"turns":6},{"damage":18,"enemies":"Gremlin Leader","floor":27,"turns":4},{"damage":4,"enemies":"Snake Plant","floor":28,"turns":3},{"damage":7,"enemies":"Book of Stabbing","floor":30,"turns":3},{"damage":0,"enemies":"Cultist and Chosen","floor":31,"turns":2},{"damage":8,"enemies":"Automaton","floor":33,"turns":7},{"damage":9,"enemies":"3 Darklings","floor":35,"turns":3},{"damage":0,"enemies":"Orb Walker","floor":38,"turns":2},{"damage":26,"enemies":"Spire Growth","floor":39,"turns":4},{"damage":25,"enemies":"Giant Head","floor":40,"turns":7},{"damage":15,"enemies":"Jaw Worm Horde","floor":42,"turns":4},{"damage":15,"enemies":"Reptomancer","floor":44,"turns":4},{"damage":0,"enemies":"Maw","floor":45,"turns":3},{"damage":23,"enemies":"Nemesis","floor":46,"turns":5},{"damage":1,"enemies":"4 Shapes","floor":47,"turns":4},{"damage":68,"enemies":"Awakened One","floor":50,"turns":9},{"damage":27,"enemies":"Shield and Spear","floor":54,"turns":5},{"damage":52,"enemies":"The Heart","floor":55,"turns":3}],"seed_played":"7884991526603153323","potions_obtained":[{"floor":8,"key":"SteroidPotion"},{"floor":14,"key":"Fire Potion"},{"floor":16,"key":"GamblersBrew"},{"floor":21,"key":"AttackPotion"},{"floor":31,"key":"Block Potion"},{"floor":33,"key":"Regen Potion"}],"is_trial":false,"path_per_floor":["M","?","?","?","T","E","R","E","T","E","$","R","M","M","R","B",null,"M","?","M","M","?","R","R","?","T","E","M","R","E","M","R","B",null,"M","?","?","M","M","E","R","M","T","E","M","E","M","$","R","B",null,"R","$","E","B"],"character_chosen":"THE_SILENT","items_purchased":[],"campfire_rested":5,"item_purchase_floors":[],"current_hp_per_floor":[68,68,51,51,51,33,54,42,42,33,33,42,42,42,51,29,70,51,32,20,7,7,40,70,70,70,52,48,60,53,53,65,57,70,61,61,61,61,35,10,61,46,46,31,31,8,7,7,61,35,70,70,70,43,0,0],"gold":0,"neow_bonus":"BOSS_RELIC","is_daily":false,"chose_seed":false,"campfire_upgraded":5,"win_rate":0.0,"timestamp":1612603003,"path_taken":["M","?","?","?","?","E","R","E","T","E","?","R","M","?","R","BOSS","M","?","M","M","?","R","R","?","T","E","M","R","E","?","R","BOSS","M","?","?","M","M","E","R","M","T","E","M","E","M","$","R","BOSS","R","$","E","BOSS"],"items_purchased_type":[],"build_version":"2020-12-22","purchased_purges":0,"victory":false,"max_hp_per_floor":[70,70,70,70,70,70,70,70,70,70,70,70,70,70,70,70,70,70,70,70,70,70,70,70,70,70,70,70,70,70,70,70,70,70,70,70,70,70,70,70,70,70,70,70,70,70,70,70,70,70,70,70,70,70,70,70],"relic_stats":{"Regal Pillow":30,"counters":[105,417],"Golden Idol":197,"CeramicFish":0,"Astrolabe":["Eviscerate","Bane","Reflex"],"Dead Branch":[92],"Eternal Feather":99,"War Paint":["Doppelganger","Deadly Poison"],"Sozu":4,"Lizard Tail":35,"Ornamental Fan":[80],"Ectoplasm":1229,"obtain_stats":[{"CeramicFish":48,"Vajra":28,"Whetstone":26,"Bottled Tornado":43,"Sling":20,"Sozu":0,"Centennial Puzzle":13,"Lizard Tail":10,"HornCleat":30,"Sundial":7,"Strawberry":25,"Fusion Hammer":17,"Girya":37,"Pear":26,"Astrolabe":17,"Dead Branch":30,"Eternal Feather":8,"Letter Opener":24,"War Paint":40,"Question Card":38,"Cables":0,"Bottled Flame":10,"Shuriken":38,"Bronze Scales":0,"Bird Faced Urn":9,"Snecko Eye":17,"Molten Egg 2":26,"Black Star":17,"StrikeDummy":6,"Pocketwatch":6,"Regal Pillow":0,"Singing Bowl":25,"Snake Skull":0,"Bag of Preparation":4,"Juzu Bracelet":10,"Ancient Tea Set":43,"Nunchaku":53,"Dream Catcher":27,"Mummified Hand":0,"Pantograph":0,"WingedGreaves":0,"Red Mask":21,"Cracked Core":0,"Ring of the Snake":0,"Potion Belt":44,"Lee\u0027s Waffle":12,"NeowsBlessing":0,"Golden Idol":0,"The Courier":9,"Frozen Egg 2":23,"Orichalcum":0,"GoldenEye":8,"DataDisk":40,"Ornamental Fan":46,"Orrery":0,"Ectoplasm":0,"Coffee Dripper":34,"Bottled Lightning":54,"Toy Ornithopter":23},{"CeramicFish":30,"Vajra":20,"Whetstone":4,"Bottled Tornado":28,"Sling":43,"Sozu":0,"Centennial Puzzle":52,"Lizard Tail":82,"HornCleat":21,"Sundial":65,"Strawberry":76,"Fusion Hammer":70,"Girya":25,"Pear":76,"Astrolabe":85,"Dead Branch":91,"Eternal Feather":81,"Letter Opener":45,"War Paint":97,"Question Card":25,"Cables":0,"Bottled Flame":39,"Shuriken":25,"Bronze Scales":0,"Bird Faced Urn":9,"Snecko Eye":42,"Molten Egg 2":19,"Black Star":54,"StrikeDummy":37,"Pocketwatch":9,"Regal Pillow":33,"Singing Bowl":19,"Snake Skull":46,"Bag of Preparation":48,"Juzu Bracelet":66,"Ancient Tea Set":98,"Nunchaku":31,"Dream Catcher":77,"Mummified Hand":0,"Pantograph":0,"WingedGreaves":46,"Red Mask":73,"Cracked Core":0,"Ring of the Snake":0,"Potion Belt":99,"Lee\u0027s Waffle":67,"NeowsBlessing":61,"Golden Idol":0,"The Courier":50,"Frozen Egg 2":17,"Orichalcum":46,"GoldenEye":38,"DataDisk":27,"Ornamental Fan":101,"Orrery":46,"Ectoplasm":78,"Coffee Dripper":23,"Bottled Lightning":32,"Toy Ornithopter":3},{"CeramicFish":94,"Vajra":64,"Whetstone":18,"Bottled Tornado":90,"Sling":156,"Sozu":0,"Centennial Puzzle":191,"Lizard Tail":312,"HornCleat":66,"Sundial":230,"Strawberry":283,"Fusion Hammer":257,"Girya":81,"Pear":283,"Astrolabe":329,"Dead Branch":355,"Eternal Feather":304,"Letter Opener":167,"War Paint":380,"Question Card":81,"Cables":0,"Bottled Flame":133,"Shuriken":81,"Bronze Scales":0,"Bird Faced Urn":31,"Snecko Eye":150,"Molten Egg 2":61,"Black Star":200,"StrikeDummy":121,"Pocketwatch":31,"Regal Pillow":102,"Singing Bowl":61,"Snake Skull":169,"Bag of Preparation":176,"Juzu Bracelet":234,"Ancient Tea Set":384,"Nunchaku":96,"Dream Catcher":287,"Mummified Hand":0,"Pantograph":0,"WingedGreaves":169,"Red Mask":270,"Cracked Core":0,"Ring of the Snake":0,"Potion Belt":388,"Lee\u0027s Waffle":239,"NeowsBlessing":219,"Golden Idol":0,"The Courier":182,"Frozen Egg 2":54,"Orichalcum":169,"GoldenEye":124,"DataDisk":86,"Ornamental Fan":396,"Orrery":169,"Ectoplasm":289,"Coffee Dripper":73,"Bottled Lightning":99,"Toy Ornithopter":14}],"Toy Ornithopter":20},"card_choices":[{"not_picked":["Underhanded Strike","Deflect"],"picked":"Deadly Poison","floor":1},{"not_picked":["Outmaneuver","Caltrops"],"picked":"Dash","floor":6},{"not_picked":["Heel Hook","Eviscerate"],"picked":"Poisoned Stab","floor":8},{"not_picked":["PiercingWail","Wraith Form v2"],"picked":"Blur","floor":10},{"not_picked":["Flying Knee","Poisoned Stab"],"picked":"Terror","floor":13},{"not_picked":["Dagger Throw","Slice","Sucker Punch"],"picked":"SKIP","floor":14},{"not_picked":["Tools of the Trade","Envenom"],"picked":"Bullet Time","floor":16},{"not_picked":["Reflex","Dagger Throw"],"picked":"Acrobatics","floor":18},{"not_picked":["Skewer","Backflip","Dagger Spray+1"],"picked":"SKIP","floor":20},{"not_picked":["Underhanded Strike+1","Outmaneuver"],"picked":"Expertise","floor":21},{"not_picked":["Dodge and Roll","Blur+1","Grand Finale"],"picked":"SKIP","floor":27},{"not_picked":["Backflip+1","Underhanded Strike"],"picked":"Tactician","floor":28},{"not_picked":["Outmaneuver+1","Deflect"],"picked":"Concentrate+1","floor":30},{"not_picked":["Backstab+1","Slice"],"picked":"Noxious Fumes+1","floor":31},{"not_picked":["Unload","Glass Knife"],"picked":"Envenom+1","floor":33},{"not_picked":["Flying Knee+1","Deadly Poison+1","Bane"],"picked":"SKIP","floor":35},{"not_picked":["Slice","Bane"],"picked":"Infinite Blades+1","floor":38},{"not_picked":["Poisoned Stab+1","Finisher+1"],"picked":"Doppelganger","floor":39},{"not_picked":["Choke","Underhanded Strike"],"picked":"Well Laid Plans+1","floor":40},{"not_picked":["Slice+1","Dagger Throw"],"picked":"Acrobatics+1","floor":42},{"not_picked":["Dagger Throw+1","Caltrops+1","Bane+1"],"picked":"SKIP","floor":44},{"not_picked":["Quick Slash+1","Flechettes+1","Caltrops+1"],"picked":"SKIP","floor":45},{"not_picked":["Glass Knife","Deflect"],"picked":"Corpse Explosion","floor":46},{"not_picked":["Expertise+1","Backflip"],"picked":"Outmaneuver+1","floor":47},{"not_picked":["Endless Agony+1","Dodge and Roll","Dagger Throw"],"picked":"SKIP","floor":54}],"player_experience":455346,"relics_obtained":[{"floor":5,"key":"HornCleat"},{"floor":6,"key":"CeramicFish"},{"floor":8,"key":"Eternal Feather"},{"floor":9,"key":"WingedGreaves"},{"floor":10,"key":"Lizard Tail"},{"floor":26,"key":"Regal Pillow"},{"floor":27,"key":"Frozen Egg 2"},{"floor":30,"key":"Dead Branch"},{"floor":40,"key":"War Paint"},{"floor":43,"key":"Ancient Tea Set"},{"floor":44,"key":"Potion Belt"},{"floor":46,"key":"Ornamental Fan"},{"floor":54,"key":"Toy Ornithopter"}],"event_choices":[{"cards_removed":["Strike_G"],"damage_healed":0,"gold_gain":0,"player_choice":"Card Removal","damage_taken":0,"max_hp_gain":0,"max_hp_loss":0,"event_name":"The Cleric","floor":2,"gold_loss":50},{"damage_healed":0,"gold_gain":0,"player_choice":"Take Damage","damage_taken":17,"relics_obtained":["Golden Idol"],"max_hp_gain":0,"max_hp_loss":0,"event_name":"Golden Idol","floor":3,"gold_loss":0},{"damage_healed":0,"gold_gain":0,"cards_transformed":["Defend_G"],"player_choice":"Change","damage_taken":0,"max_hp_gain":0,"max_hp_loss":0,"event_name":"Living Wall","floor":4,"gold_loss":0,"cards_obtained":["Bane"]},{"damage_healed":0,"gold_gain":0,"player_choice":"CARD CARD ","damage_taken":19,"max_hp_gain":0,"max_hp_loss":0,"event_name":"Knowing Skull","floor":19,"potions_obtained":[],"gold_loss":0,"cards_obtained":["Flash of Steel","Flash of Steel"]},{"cards_removed":["Bullet Time"],"damage_healed":0,"gold_gain":0,"player_choice":"Take \u0026 Give","damage_taken":0,"max_hp_gain":0,"max_hp_loss":0,"event_name":"betterNote:BetterNote","floor":22,"gold_loss":0,"cards_obtained":["Apotheosis"]},{"cards_removed":["Strike_G"],"damage_healed":0,"gold_gain":0,"player_choice":"Purged","damage_taken":0,"max_hp_gain":0,"max_hp_loss":0,"event_name":"Purifier","floor":25,"gold_loss":0},{"cards_removed":["Strike_G"],"damage_healed":0,"gold_gain":0,"player_choice":"Removed Attack","damage_taken":0,"max_hp_gain":0,"max_hp_loss":0,"event_name":"Falling","floor":36,"gold_loss":0},{"damage_healed":0,"gold_gain":0,"player_choice":"Paid","damage_taken":0,"relics_obtained":["Red Mask"],"max_hp_gain":0,"max_hp_loss":0,"event_name":"Tomb of Lord Red Mask","floor":37,"gold_loss":49}],"is_beta":false,"boss_relics":[{"not_picked":["Velvet Choker","Empty Cage"],"picked":"Astrolabe"},{"not_picked":["SacredBark","Coffee Dripper"],"picked":"Sozu"}],"items_purged_floors":[],"is_endless":false,"potions_floor_spawned":[8,14,16,21,27,28,31,33,39,42,45,47],"killed_by":"The Heart","ascension_level":0}}