{"host":"iphsb0ccnjx0pfn6","time":1612605588,"event":{"mods":["2.2 Compatiblity","AchievementEnabler","BaseMod","Colored Map","DeckTracker","Keyboard Shortcuts","Minty Spire (QoL Compilation)","Permanent Neow","Quick Restart","Relic Stats","StSLib","SuperFastMode","Uncapped","everything is the same but u backflip on backflip"],"gold_per_floor":[117,117,42,42,61,61,89,104,104,104,124,124,124,139,139,139,139],"floor_reached":16,"language":"KOR","playtime":203,"items_purged":["Regret"],"score":200,"play_id":"bec7f1d1-dd89-4347-b3e7-94ec80cbea43","local_time":"20210206185948","is_ascension_mode":true,"campfire_choices":[{"floor":6.0,"key":"DIG"},{"floor":10,"key":"DIG"},{"floor":13,"key":"DIG"},{"floor":15,"key":"DIG"}],"circlet_count":0,"master_deck":["AscendersBane","Strike_B+1","Strike_B","Strike_B","Defend_B+1","Defend_B","Defend_B","Defend_B","Zap","Dualcast","Cold Snap","Hologram+1","Redo+1","Coolheaded+1"],"relics":["Cracked Core","Shovel","Toxic Egg 2","Akabeko","Eternal Feather","Singing Bowl","Calipers","Anchor","Dream Catcher"],"acts_visited":["Exordium"],"potions_floor_usage":[7,14],"damage_taken":[{"damage":2.0,"enemies":"2 Louse","floor":1.0,"turns":3.0},{"damage":2.0,"enemies":"Small Slimes","floor":5.0,"turns":3.0},{"damage":22,"enemies":"Gremlin Nob","floor":7,"turns":4},{"damage":0,"enemies":"Cultist","floor":8,"turns":3},{"damage":3,"enemies":"3 Louse","floor":11,"turns":2},{"damage":3,"enemies":"Exordium Thugs","floor":14,"turns":4},{"damage":23,"enemies":"Slime Boss","floor":16,"turns":3}],"seed_played":"6787205517344785737","potions_obtained":[{"floor":5.0,"key":"FocusPotion"},{"floor":7,"key":"PotionOfCapacity"},{"floor":11,"key":"BlessingOfTheForge"}],"is_trial":false,"path_per_floor":["M","?","$","?","M","R","E","M","T","R","M","?","R","M","R","B"],"character_chosen":"DEFECT","items_purchased":[],"campfire_rested":0,"item_purchase_floors":[],"current_hp_per_floor":[62,51,51,51,49,49,27,27,27,33,32,10,16,13,19,0,0],"gold":139,"neow_bonus":"ONE_RARE_RELIC","is_daily":false,"chose_seed":false,"campfire_upgraded":0,"win_rate":0.0,"timestamp":1612605588,"path_taken":["M","?","$","?","M","R","E","?","T","R","M","?","R","M","R","BOSS"],"items_purchased_type":[],"build_version":"2020-12-22","purchased_purges":1,"victory":false,"max_hp_per_floor":[71,71,71,71,71,71,71,71,71,71,73,73,73,73,73,73,73],"relic_stats":{"Dream Catcher":0,"Shovel":4,"Singing Bowl":2,"counters":[7,22],"Eternal Feather":18,"obtain_stats":[{"Anchor":13,"Dream Catcher":15,"Shovel":0,"Calipers":10,"Singing Bowl":9,"Eternal Feather":7,"Toxic Egg 2":2,"Cracked Core":0,"Akabeko":6},{"Anchor":5,"Dream Catcher":6,"Shovel":0,"Calipers":4,"Singing Bowl":4,"Eternal Feather":3,"Toxic Egg 2":1,"Cracked Core":0,"Akabeko":2},{"Anchor":15,"Dream Catcher":19,"Shovel":0,"Calipers":13,"Singing Bowl":13,"Eternal Feather":10,"Toxic Egg 2":3,"Cracked Core":0,"Akabeko":6}]},"card_choices":[{"not_picked":["Go for the Eyes","Compile Driver"],"picked":"Cold Snap","floor":1.0},{"not_picked":["Go for the Eyes","Steam+1","Melter"],"picked":"SKIP","floor":5.0},{"not_picked":["Buffer","Leap+1"],"picked":"Hologram+1","floor":7},{"not_picked":["Cold Snap","Beam Cell"],"picked":"Redo+1","floor":8},{"not_picked":["Capacitor","Hologram+1","Compile Driver"],"picked":"Singing Bowl","floor":11},{"not_picked":["Cold Snap","Conserve Battery+1"],"picked":"Coolheaded+1","floor":14}],"player_experience":1300007,"relics_obtained":[{"floor":6.0,"key":"Akabeko"},{"floor":7,"key":"Eternal Feather"},{"floor":9,"key":"Singing Bowl"},{"floor":10,"key":"Calipers"},{"floor":13,"key":"Anchor"},{"floor":15,"key":"Dream Catcher"}],"event_choices":[{"damage_healed":0.0,"max_hp_gain":0.0,"max_hp_loss":0.0,"gold_gain":0.0,"event_name":"Scrap Ooze","player_choice":"Success","floor":2.0,"gold_loss":0.0,"damage_taken":11.0,"relics_obtained":["Toxic Egg 2"]},{"cards_removed":["Strike_B"],"damage_healed":0.0,"max_hp_gain":0.0,"max_hp_loss":0.0,"gold_gain":0.0,"event_name":"Wheel of Change","player_choice":"Card Removal","floor":4.0,"gold_loss":0.0,"damage_taken":0.0},{"damage_healed":0,"gold_gain":0,"player_choice":"Entered Light","damage_taken":22,"max_hp_gain":0,"max_hp_loss":0,"event_name":"Shining Light","floor":12,"gold_loss":0,"cards_upgraded":["Strike_B","Defend_B"]}],"is_beta":false,"boss_relics":[],"items_purged_floors":[3],"is_endless":false,"potions_floor_spawned":[5,7,11],"killed_by":"Slime Boss","ascension_level":20}}