{"host":"2e3z4r48quhw80cc","time":1612575647,"event":{"mods":["BaseMod","Minty Spire (QoL Compilation)","Quick Restart","StSLib","SuperFastMode"],"gold_per_floor":[110,129,145,145,145,145,220,220,243,277,291,311,345,363,363,462,462,476,161,178,178,195,195,227,227,227,256,13,13,13,23,23,121,121,138,138,138,157,8,34,51,51,51,67,67,79,97,97,97,97],"floor_reached":51,"language":"KOR","playtime":1267,"items_purged":["Strike_B"],"score":1253,"play_id":"05ccfc4a-6fee-4290-ba7d-ffea344b0587","local_time":"20210206104047","is_ascension_mode":true,"campfire_choices":[{"data":"Zap","floor":6.0,"key":"SMITH"},{"data":"Storm","floor":15.0,"key":"SMITH"},{"data":"Strike_B","floor":23.0,"key":"PURGE"},{"data":"Echo Form","floor":29.0,"key":"SMITH"},{"data":"Defend_B","floor":32.0,"key":"PURGE"},{"data":"Strike_B","floor":42.0,"key":"PURGE"},{"data":"Defend_B","floor":45.0,"key":"PURGE"},{"data":"Defend_B","floor":49,"key":"PURGE"}],"circlet_count":0,"master_deck":["AscendersBane","Strike_B","Zap+1","Dualcast+1","Glacier","Ball Lightning","Defragment","Defragment","Conserve Battery","Storm+1","Echo Form+1","Capacitor+1","Storm","Loop","Buffer","Buffer+1","Self Repair+1","Loop+1","Defragment+1","Machine Learning+1","Heatsinks+1","Self Repair+1","Loop+1","Glacier+1","Buffer+1"],"relics":["Cracked Core","NeowsBlessing","Lantern","Anchor","HornCleat","MealTicket","Inserter","Peace Pipe","Du-Vu Doll","Toy Ornithopter","Sundial","Question Card","Frozen Egg 2","Black Star","Bag of Marbles","Meat on the Bone","Blue Candle","Mummified Hand"],"acts_visited":["Exordium","TheCity","TheBeyond"],"potions_floor_usage":[46,50],"damage_taken":[{"damage":0.0,"enemies":"Cultist","floor":1.0,"turns":1.0},{"damage":0.0,"enemies":"2 Louse","floor":2.0,"turns":1.0},{"damage":0.0,"enemies":"Small Slimes","floor":3.0,"turns":1.0},{"damage":15.0,"enemies":"Lagavulin","floor":10.0,"turns":5.0},{"damage":0.0,"enemies":"Red Slaver","floor":11.0,"turns":3.0},{"damage":0.0,"enemies":"Large Slime","floor":12.0,"turns":5.0},{"damage":12.0,"enemies":"3 Sentries","floor":13.0,"turns":7.0},{"damage":0.0,"enemies":"Exordium Wildlife","floor":14.0,"turns":4.0},{"damage":0.0,"enemies":"Hexaghost","floor":16.0,"turns":9.0},{"damage":0.0,"enemies":"Spheric Guardian","floor":18.0,"turns":3.0},{"damage":4.0,"enemies":"Shell Parasite","floor":20.0,"turns":3.0},{"damage":9.0,"enemies":"Cultist and Chosen","floor":22.0,"turns":6.0},{"damage":11.0,"enemies":"Book of Stabbing","floor":24.0,"turns":6.0},{"damage":0.0,"enemies":"Gremlin Leader","floor":27.0,"turns":6.0},{"damage":18.0,"enemies":"Chosen and Byrds","floor":31.0,"turns":5.0},{"damage":25.0,"enemies":"Collector","floor":33.0,"turns":5.0},{"damage":0.0,"enemies":"3 Shapes","floor":35.0,"turns":5.0},{"damage":31.0,"enemies":"3 Darklings","floor":38.0,"turns":5.0},{"damage":39.0,"enemies":"Nemesis","floor":40.0,"turns":6.0},{"damage":12.0,"enemies":"Writhing Mass","floor":41.0,"turns":3.0},{"damage":0.0,"enemies":"Jaw Worm Horde","floor":44.0,"turns":3.0},{"damage":0,"enemies":"4 Shapes","floor":46,"turns":3},{"damage":8,"enemies":"Writhing Mass","floor":47,"turns":3},{"damage":0,"enemies":"Donu and Deca","floor":50,"turns":4}],"seed_played":"-6667964632362900302","potions_obtained":[{"floor":10.0,"key":"Dexterity Potion"},{"floor":12.0,"key":"PotionOfCapacity"},{"floor":13.0,"key":"SteroidPotion"},{"floor":14.0,"key":"FairyPotion"},{"floor":16.0,"key":"SkillPotion"},{"floor":27.0,"key":"Explosive Potion"},{"floor":38.0,"key":"GamblersBrew"},{"floor":40.0,"key":"ColorlessPotion"},{"floor":44.0,"key":"Swift Potion"}],"is_trial":false,"path_per_floor":["M","M","M","?","?","R","?","?","T","E","M","M","E","M","R","B",null,"M","$","M","?","M","R","E","?","T","E","$","R","?","M","R","B",null,"M","?","?","M","$","E","M","R","T","M","R","M","M","?","R","B",null],"character_chosen":"DEFECT","items_purchased":["Peace Pipe","Frozen Egg 2","Defragment+1"],"campfire_rested":0,"item_purchase_floors":[19,28,39],"current_hp_per_floor":[68,68,68,68,61,61,50,50,50,35,35,35,23,23,23,23,62,62,75,71,71,62,62,51,51,51,51,66,66,52,34,34,14,64,64,64,64,43,58,44,54,54,54,64,64,76,76,76,76,76],"gold":97,"neow_bonus":"THREE_ENEMY_KILL","is_daily":false,"chose_seed":false,"campfire_upgraded":3,"win_rate":0.0,"timestamp":1612575647,"path_taken":["M","M","?","?","?","R","?","?","T","E","M","?","E","M","R","BOSS","M","$","M","?","M","R","E","?","T","E","?","R","?","M","R","BOSS","M","?","?","M","$","E","M","R","T","?","R","M","M","?","R","BOSS"],"items_purchased_type":["Relic","Relic","Card"],"build_version":"2020-12-22","purchased_purges":1,"victory":true,"max_hp_per_floor":[75,75,75,75,75,75,75,75,75,75,75,75,75,75,75,75,75,75,75,75,75,75,75,75,75,75,75,75,75,80,80,80,80,80,80,76,76,76,76,76,76,76,76,76,76,76,76,76,76,76],"card_choices":[{"not_picked":["Ball Lightning","Leap"],"picked":"Glacier","floor":1.0},{"not_picked":["Darkness","Go for the Eyes"],"picked":"Ball Lightning","floor":2.0},{"not_picked":["Glacier","Turbo","Compile Driver"],"picked":"SKIP","floor":3.0},{"not_picked":["Sunder","Streamline"],"picked":"Defragment","floor":10.0},{"not_picked":["Reprogram","Coolheaded","Stack"],"picked":"SKIP","floor":11.0},{"not_picked":["White Noise","Conserve Battery"],"picked":"Defragment","floor":12.0},{"not_picked":["Go for the Eyes","Stack"],"picked":"Conserve Battery","floor":13.0},{"not_picked":["Hologram","White Noise"],"picked":"Storm","floor":14.0},{"not_picked":["Fission","Biased Cognition"],"picked":"Echo Form","floor":16.0},{"not_picked":["Leap+1","Compile Driver"],"picked":"Capacitor+1","floor":18.0},{"not_picked":["Reprogram","Redo+1","Conserve Battery"],"picked":"SKIP","floor":20.0},{"not_picked":["Rebound","Aggregate","Turbo+1"],"picked":"SKIP","floor":22.0},{"not_picked":["Compile Driver","FTL"],"picked":"Storm","floor":24.0},{"not_picked":["Consume","Cold Snap"],"picked":"Buffer","floor":27.0},{"not_picked":["Beam Cell+1","Stack+1","Gash","Streamline"],"picked":"SKIP","floor":31.0},{"not_picked":["Core Surge","Echo Form+1","Meteor Strike"],"picked":"Buffer+1","floor":33.0},{"not_picked":["Leap+1","Double Energy","Barrage+1"],"picked":"Self Repair+1","floor":35.0},{"not_picked":["Redo","Coolheaded+1","Melter+1"],"picked":"Loop+1","floor":38.0},{"not_picked":["Streamline","Doom and Gloom+1","Loop+1"],"picked":"Machine Learning+1","floor":40.0},{"not_picked":["Chill+1","Gash","Undo"],"picked":"Heatsinks+1","floor":41.0},{"not_picked":["Ball Lightning","Steam Power+1","Compile Driver+1"],"picked":"Self Repair+1","floor":44.0},{"not_picked":["Sweeping Beam+1","Gash+1","Capacitor+1"],"picked":"Loop+1","floor":46},{"not_picked":["Compile Driver","Reinforced Body+1","Hologram+1"],"picked":"Glacier+1","floor":47}],"player_experience":151089,"relics_obtained":[{"floor":9.0,"key":"Anchor"},{"floor":10.0,"key":"HornCleat"},{"floor":13.0,"key":"MealTicket"},{"floor":24.0,"key":"Toy Ornithopter"},{"floor":26.0,"key":"Sundial"},{"floor":27.0,"key":"Question Card"},{"floor":40.0,"key":"Meat on the Bone"},{"floor":40.0,"key":"Blue Candle"},{"floor":43.0,"key":"Mummified Hand"}],"event_choices":[{"cards_removed":["Defend_B"],"damage_healed":0.0,"max_hp_gain":0.0,"max_hp_loss":0.0,"gold_gain":0.0,"event_name":"Living Wall","player_choice":"Forget","floor":4.0,"gold_loss":0.0,"damage_taken":0.0},{"damage_healed":0.0,"max_hp_gain":0.0,"max_hp_loss":0.0,"gold_gain":0.0,"event_name":"Scrap Ooze","player_choice":"Success","floor":5.0,"gold_loss":0.0,"damage_taken":7.0,"relics_obtained":["Lantern"]},{"damage_healed":0.0,"max_hp_gain":0.0,"max_hp_loss":0.0,"gold_gain":75.0,"event_name":"World of Goop","player_choice":"Gather Gold","floor":7.0,"gold_loss":0.0,"damage_taken":11.0},{"damage_healed":0.0,"max_hp_gain":0.0,"max_hp_loss":0.0,"gold_gain":0.0,"event_name":"Upgrade Shrine","player_choice":"Upgraded","floor":8.0,"gold_loss":0.0,"damage_taken":0.0,"cards_upgraded":["Dualcast"]},{"damage_healed":0.0,"max_hp_gain":0.0,"max_hp_loss":0.0,"gold_gain":0.0,"event_name":"The Mausoleum","player_choice":"Opened","floor":21.0,"gold_loss":0.0,"damage_taken":0.0,"relics_obtained":["Du-Vu Doll"]},{"damage_healed":0.0,"max_hp_gain":0.0,"max_hp_loss":0.0,"gold_gain":0.0,"event_name":"The Library","player_choice":"Read","floor":25.0,"gold_loss":0.0,"damage_taken":0.0,"cards_obtained":["Loop"]},{"damage_healed":0.0,"max_hp_gain":5.0,"max_hp_loss":0.0,"gold_gain":0.0,"event_name":"Forgotten Altar","player_choice":"Shed Blood","floor":30.0,"gold_loss":0.0,"damage_taken":19.0},{"damage_healed":0.0,"max_hp_gain":0.0,"max_hp_loss":4.0,"gold_gain":0.0,"event_name":"Winding Halls","player_choice":"Max HP","floor":36.0,"gold_loss":0.0,"damage_taken":0.0},{"damage_healed":0.0,"max_hp_gain":0.0,"max_hp_loss":0.0,"gold_gain":0.0,"event_name":"WeMeetAgain","player_choice":"Gave Potion","floor":37.0,"gold_loss":0.0,"damage_taken":0.0,"relics_obtained":["Bag of Marbles"]},{"damage_healed":0,"gold_gain":0,"player_choice":"Copied","damage_taken":0,"max_hp_gain":0,"max_hp_loss":0,"event_name":"Duplicator","floor":48,"gold_loss":0,"cards_obtained":["Buffer"]}],"is_beta":false,"boss_relics":[{"not_picked":["Busted Crown","SacredBark"],"picked":"Inserter"},{"not_picked":["Sozu","Cursed Key"],"picked":"Black Star"}],"items_purged_floors":[39],"is_endless":false,"potions_floor_spawned":[10,12,13,14,16,27,31,38,40,44],"ascension_level":10}}