{"host":"artti7o26te9gn1a","time":1612635948,"event":{"mods":["AchievementEnabler","BaseMod","Beaked The Cultist","BetterRewards","Downfall","Minty Spire (QoL Compilation)","StSLib","Trackpad"],"gold_per_floor":[119,68,88,101,101,134,154,154,181,181,208,225,225,225,225,297,297,307,307,307],"floor_reached":19,"language":"ENG","playtime":873,"items_purged":[],"score":336,"play_id":"7a01c63e-561d-4d8a-bff6-61977a0b8cbf","local_time":"20210206192548","is_ascension_mode":true,"campfire_choices":[{"data":"Berserk","floor":8,"key":"SMITH"},{"floor":10,"key":"REST"},{"data":"Barricade","floor":13,"key":"SMITH"},{"floor":15,"key":"REST"}],"circlet_count":0,"master_deck":["AscendersBane","Strike_R+1","Strike_R","Strike_R","Strike_R","Strike_R","Defend_R","Defend_R","Defend_R","Defend_R","Bash","Berserk+1","Rage+1","Anger","Evolve","Rage","Pain","Shrug It Off","Headbutt","Barricade+1","Sword Boomerang","Impervious","Power Through"],"relics":["Burning Blood","WarpedTongs","trackpad:WritersBlock","Orichalcum","trackpad:CultistFigurine","SlaversCollar"],"acts_visited":["Exordium","TheCity"],"potions_floor_usage":[11,11,19],"damage_taken":[{"damage":12,"enemies":"2 Louse","floor":1,"turns":5},{"damage":0,"enemies":"Cultist","floor":3,"turns":3},{"damage":17,"enemies":"Jaw Worm","floor":4,"turns":4},{"damage":25,"enemies":"3 Sentries","floor":6,"turns":7},{"damage":7,"enemies":"Looter","floor":7,"turns":3},{"damage":21,"enemies":"Lagavulin","floor":11,"turns":10},{"damage":9,"enemies":"Exordium Wildlife","floor":12,"turns":7},{"damage":30,"enemies":"Slime Boss","floor":16,"turns":9},{"damage":11,"enemies":"Chosen","floor":18,"turns":7},{"damage":61,"enemies":"Masked Bandits","floor":19,"turns":6}],"seed_played":"-3744478489600646109","potions_obtained":[{"floor":1,"key":"HeartOfIron"},{"floor":4,"key":"ElixirPotion"},{"floor":7,"key":"LiquidBronze"},{"floor":16,"key":"Explosive Potion"}],"is_trial":false,"path_per_floor":["M","$","M","M","?","E","M","R","T","R","E","M","R","?","R","B",null,"M","?"],"character_chosen":"IRONCLAD","items_purchased":["Anger"],"campfire_rested":2,"item_purchase_floors":[2],"current_hp_per_floor":[62,62,68,57,57,38,37,37,37,59,44,41,41,18,40,16,60,55,0,0],"gold":307,"neow_bonus":"ONE_RANDOM_RARE_CARD","is_daily":false,"chose_seed":false,"campfire_upgraded":2,"win_rate":0.0,"timestamp":1612635948,"path_taken":["M","$","M","M","?","E","?","R","T","R","E","M","R","?","R","BOSS","M","?"],"items_purchased_type":["Card"],"build_version":"2020-12-22","purchased_purges":0,"victory":false,"max_hp_per_floor":[75,75,75,75,75,75,75,75,75,75,75,75,75,75,75,75,75,75,75,75],"card_choices":[{"not_picked":["Bloodletting","Havoc"],"picked":"Rage","floor":1},{"not_picked":["Sever Soul","Armaments"],"picked":"Evolve","floor":3},{"not_picked":["Cleave","Pommel Strike"],"picked":"Rage","floor":4},{"not_picked":["Iron Wave","Clothesline"],"picked":"Shrug It Off","floor":6},{"not_picked":["Sentinel","Uppercut"],"picked":"Headbutt","floor":7},{"not_picked":["Anger","Warcry"],"picked":"Barricade","floor":11},{"not_picked":["Armaments","Dark Embrace"],"picked":"Sword Boomerang","floor":12},{"not_picked":["Fiend Fire","Offering"],"picked":"Impervious","floor":16},{"not_picked":["Sentinel","Anger"],"picked":"Power Through","floor":18}],"player_experience":777750,"relics_obtained":[{"floor":6,"key":"trackpad:WritersBlock"},{"floor":9,"key":"Orichalcum"},{"floor":11,"key":"trackpad:CultistFigurine"}],"event_choices":[{"damage_healed":0,"gold_gain":0,"player_choice":"Rummage","damage_taken":0,"relics_obtained":["WarpedTongs"],"max_hp_gain":0,"max_hp_loss":0,"event_name":"Accursed Blacksmith","floor":5,"gold_loss":0,"cards_obtained":["Pain"]},{"damage_healed":0,"gold_gain":0,"player_choice":"Entered Light","damage_taken":23,"max_hp_gain":0,"max_hp_loss":0,"event_name":"Shining Light","floor":14,"gold_loss":0,"cards_upgraded":["Rage","Strike_R"]},{"damage_healed":0,"gold_gain":0,"player_choice":"Fought Bandits","damage_taken":0,"max_hp_gain":0,"max_hp_loss":0,"event_name":"Masked Bandits","floor":19,"gold_loss":0}],"is_beta":false,"boss_relics":[{"not_picked":["Pandora\u0027s Box","Calling Bell"],"picked":"SlaversCollar"}],"items_purged_floors":[],"is_endless":false,"potions_floor_spawned":[1,4,7,16],"killed_by":"Masked Bandits","ascension_level":18}}