{"host":"tj6tjcyqgbd0xj5u","time":1612625981,"event":{"mods":["Aspiration","BaseMod","Better Match","BetterRewards","Challenge The Spire","Conspire","Defuse TimeMaze Blight","Downfall","Energized Spire","Evolution","GifTheSpireLib","Halation","Hubris","Infinite Spire","Minty Spire (QoL Compilation)","Replay The Spire","Reworked Bosses","Spikes Relics","StS++","StSLib","Stuff the Spire"],"gold_per_floor":[144,189,345,270,240,140,185,275,325,370,415,505,550,595,595,895,895,940,940,940,985,985,985,985,985,985,1030,1030,1075,1165,1210,1210,1510,1510,1555,1600,1600,1600,750,750,795,840,840,930,930,975,2,92,92,92],"floor_reached":51,"language":"ENG","playtime":1714,"items_purged":["Defend_P","Defend_P"],"score":1113,"play_id":"1ffb16e6-9496-4d63-a87b-74067db48370","local_time":"20210206113941","daily_mods":["Cursed Run","Time Dilation","Midas"],"is_ascension_mode":false,"campfire_choices":[{"floor":15,"key":"REST"},{"floor":23,"key":"REST"},{"floor":25,"key":"REST"},{"floor":32,"key":"REST"},{"floor":40,"key":"REST"},{"floor":49,"key":"REST"}],"circlet_count":0,"master_deck":["CutThroughFate+1","CutThroughFate","CutThroughFate+1","CutThroughFate+1","Defend_P+1","Defend_P","Eruption+1","Vigilance+1","SignatureMove","Prostrate+1","Protect+1","SandsOfTime+1","EmptyFist+1","Weave","Weave+1","Doubt","PathToVictory","LessonLearned+1","Replay:Hum+1","hubris:Despair","DeusExMachina","CutThroughFate","downfall:Bewildered","MentalFortress+1","StuffTheSpire:CopiaOfFamine+1","ReplayTheSpireMod:Book of Names","Notoriety","hubris:Despair","DevaForm+1","WheelKick+1","downfall:Malfunctioning","Omniscience","Study+1","ConjureBlade","Crescendo","Study+1","hubris:Disease"],"relics":["Cursed Key","Du-Vu Doll","EVO:Axolotl","Pear","conspire:TopHat","Gremlin Food","ChewingGum","sneckomod:BabySnecko","MutagenicStrength","StSpp:BrokenTotem","StuffTheSpire:OldFever","ReplayTheSpireMod:Lightbulb","StrikeDummy","energizedSpire:CrystalSphere","hubris:Icosahedron","halation:PenCase","Frozen Egg 2","halation:Thesaurus","Bottled Lightning","Bag of Preparation","ShockBauble","Spirit Poop","hexamod:Sixitude","halation:SelfBoilingWater","halation:Sosunser","halation:VictoryRuler"],"acts_visited":["Exordium","TheCity","TheBeyond"],"potions_floor_usage":[16,16,30,30,33,33,41,42,44,48,50],"damage_taken":[{"damage":0,"enemies":"Small Slimes","floor":1,"turns":2},{"damage":0,"enemies":"2 Louse","floor":2,"turns":1},{"damage":0,"enemies":"Cultist","floor":7,"turns":2},{"damage":9,"enemies":"Replay:BlueRogue","floor":8,"turns":2},{"damage":0,"enemies":"Red Slaver","floor":10,"turns":1},{"damage":1,"enemies":"Looter","floor":11,"turns":2},{"damage":14,"enemies":"Gremlin Nob","floor":12,"turns":3},{"damage":1,"enemies":"3 Louse","floor":13,"turns":2},{"damage":0,"enemies":"Exordium Wildlife","floor":14,"turns":2},{"damage":43,"enemies":"The Guardian","floor":16,"turns":4},{"damage":5,"enemies":"Spheric Guardian","floor":18,"turns":3},{"damage":6,"enemies":"Chosen","floor":21,"turns":4},{"damage":15,"enemies":"Shelled Parasite and Fungi","floor":27,"turns":2},{"damage":6,"enemies":"Chosen and Byrds","floor":29,"turns":2},{"damage":0,"enemies":"Book of Stabbing","floor":30,"turns":2},{"damage":8,"enemies":"Cultist and Chosen","floor":31,"turns":2},{"damage":7,"enemies":"bossMod:newChamp","floor":33,"turns":3},{"damage":0,"enemies":"3 Darklings","floor":35,"turns":3},{"damage":0,"enemies":"Orb Walker","floor":36,"turns":1},{"damage":0,"enemies":"3 Darklings","floor":41,"turns":1},{"damage":1,"enemies":"Spire Growth","floor":42,"turns":1},{"damage":25,"enemies":"R_Hoarder","floor":44,"turns":3},{"damage":0,"enemies":"Maw","floor":46,"turns":2},{"damage":0,"enemies":"Giant Head","floor":48,"turns":2},{"damage":32,"enemies":"bossMod:newShapes","floor":50,"turns":3}],"seed_played":"5285009320175426936","potions_obtained":[{"floor":2,"key":"PowerPotion"},{"floor":5,"key":"GamblersBrew"},{"floor":5,"key":"sneckomod:MuddlingPotion"},{"floor":7,"key":"ColorlessPotion"},{"floor":12,"key":"conspire:TimeTravelPotion"},{"floor":14,"key":"champ:CounterPotion"},{"floor":18,"key":"DistilledChaos"},{"floor":29,"key":"Elixir"},{"floor":30,"key":"Doom Potion"},{"floor":31,"key":"hexamod:SoulburnPotion"},{"floor":41,"key":"SneckoOil"},{"floor":44,"key":"Fruit Juice"},{"floor":48,"key":"champ:CounterPotion"}],"is_trial":false,"path_per_floor":["M","M","?","$","?","$","M","E","T","M","M","E","M","M","R","B",null,"M","?","?","M","?","R","AVR","R","T","M","T","M","E","M","R","B",null,"M","M","?","?","$","R","M","M","T","E","?","M","$","E","R","B",null],"character_chosen":"WATCHER","items_purchased":["EmptyFist","Weave","halation:PenCase","Frozen Egg 2","AttackPotion","SteroidPotion","SpeedPotion","halation:Thesaurus","hexamod:Sixitude","halation:SelfBoilingWater","halation:Sosunser","Study+1","ConjureBlade","Crescendo"],"campfire_rested":6,"item_purchase_floors":[6,6,39,39,39,39,39,39,47,47,47,47,47,47],"current_hp_per_floor":[72,72,82,82,82,82,82,73,79,79,78,64,63,63,88,78,94,89,95,95,89,69,99,99,100,106,91,97,91,91,83,112,111,118,118,118,118,118,118,118,118,117,117,97,97,97,97,97,123,91],"gold":92,"neow_bonus":"","is_daily":true,"chose_seed":false,"campfire_upgraded":0,"win_rate":0.0,"timestamp":1612625981,"path_taken":["M","M","?","$","?","$","M","E","T","M","M","E","M","?","R","BOSS","M","?","?","M","?","R","AVR","R","T","M","?","M","E","?","R","BOSS","M","M","?","?","$","R","?","M","T","E","?","M","?","E","R","BOSS"],"items_purchased_type":["Card","Card","Relic","Relic","Potion","Potion","Potion","Relic","Relic","Relic","Relic","Card","Card","Card"],"build_version":"2020-12-22","purchased_purges":2,"victory":true,"max_hp_per_floor":[72,72,82,82,82,82,82,82,88,88,88,88,88,88,88,94,94,94,100,100,100,100,100,100,100,106,106,112,112,112,112,112,118,118,118,118,118,118,118,118,118,118,118,123,123,123,123,123,123,123],"card_choices":[{"not_picked":["ThirdEye","FollowUp"],"picked":"SignatureMove","floor":1},{"not_picked":["Replay:BluntJabs","ClearTheMind"],"picked":"Prostrate","floor":2},{"not_picked":["StSpp:Faith","Replay:BluntJabs"],"picked":"Protect","floor":3},{"not_picked":["Crescendo","Replay:AtTheReady"],"picked":"SandsOfTime","floor":3},{"not_picked":["StSpp:Renounce","FlurryOfBlows","BattleHymn"],"picked":"SKIP","floor":7},{"not_picked":["Replay:ManipulateFuture","StSpp:Purify","FlurryOfBlows"],"picked":"SKIP","floor":8},{"not_picked":["FollowUp","Replay:AtTheReady"],"picked":"PathToVictory","floor":10},{"not_picked":["WaveOfTheHand","TalkToTheHand"],"picked":"LessonLearned","floor":11},{"not_picked":["LikeWater","Crescendo","BattleHymn"],"picked":"SKIP","floor":12},{"not_picked":["EmptyFist","Replay:Cycle","JustLucky"],"picked":"SKIP","floor":13},{"not_picked":["Perseverance","Replay:Vibes"],"picked":"Replay:Hum","floor":14},{"not_picked":["SpiritShield","Vault"],"picked":"DeusExMachina","floor":16},{"not_picked":["StSpp:LatentStrike","Worship"],"picked":"CutThroughFate","floor":18},{"not_picked":["Consecrate","Replay:BluntJabs"],"picked":"MentalFortress","floor":21},{"not_picked":["StSpp:LatentStrike+1","Nirvana+1","CutThroughFate"],"picked":"SKIP","floor":27},{"not_picked":["Protect","LikeWater","Wireheading+1"],"picked":"SKIP","floor":29},{"not_picked":["Replay:ManipulateFuture","BowlingBash","EmptyFist"],"picked":"SKIP","floor":30},{"not_picked":["Replay:DivineShield+1","Vault","WaveOfTheHand"],"picked":"SKIP","floor":31},{"not_picked":["Replay:AllIn","Brilliance"],"picked":"DevaForm","floor":33},{"not_picked":["Replay:AtTheReady","ForeignInfluence"],"picked":"WheelKick+1","floor":35},{"not_picked":["WaveOfTheHand","PathToVictory+1","StSpp:Renounce+1"],"picked":"SKIP","floor":36},{"not_picked":["CrushJoints+1","Swivel","PathToVictory"],"picked":"SKIP","floor":41},{"not_picked":["Halt","PathToVictory+1","Consecrate"],"picked":"SKIP","floor":42},{"not_picked":["CarveReality+1","Consecrate+1"],"picked":"Omniscience","floor":44},{"not_picked":["StSpp:LatentStrike","BowlingBash","Prostrate"],"picked":"SKIP","floor":46},{"not_picked":["Protect","CrushJoints"],"picked":"Study+1","floor":48}],"player_experience":122659,"relics_obtained":[{"floor":3,"key":"Pear"},{"floor":9,"key":"conspire:TopHat"},{"floor":12,"key":"Gremlin Food"},{"floor":26,"key":"StuffTheSpire:OldFever"},{"floor":28,"key":"ReplayTheSpireMod:Lightbulb"},{"floor":30,"key":"StrikeDummy"},{"floor":43,"key":"Bag of Preparation"},{"floor":44,"key":"ShockBauble"},{"floor":48,"key":"halation:VictoryRuler"}],"event_choices":[{"damage_healed":0,"gold_gain":0,"player_choice":"Bought 2 Potions","damage_taken":0,"max_hp_gain":0,"max_hp_loss":0,"event_name":"The Woman in Blue","floor":5,"gold_loss":0},{"damage_healed":0,"gold_gain":0,"player_choice":"Inject Mutagens","damage_taken":0,"relics_obtained":["MutagenicStrength"],"max_hp_gain":0,"max_hp_loss":0,"event_name":"Drug Dealer","floor":20,"gold_loss":0},{"damage_healed":0,"gold_gain":0,"player_choice":"Upgraded","damage_taken":0,"max_hp_gain":0,"max_hp_loss":0,"event_name":"Upgrade Shrine","floor":38,"gold_loss":0,"cards_upgraded":["StuffTheSpire:CopiaOfFamine"]},{"cards_removed":["Pain"],"damage_healed":0,"gold_gain":0,"player_choice":"Offered Curse","damage_taken":0,"relics_obtained":["Spirit Poop"],"max_hp_gain":0,"max_hp_loss":0,"event_name":"Bonfire Elementals","floor":45,"gold_loss":0}],"is_beta":false,"boss_relics":[{"not_picked":["aspiration:SilentSkillbook","StSpp:Magatama"],"picked":"ChewingGum"},{"not_picked":["conspire:RunicOctahedron","expansioncontent:StudyCardRelic"],"picked":"energizedSpire:CrystalSphere"}],"items_purged_floors":[4,24],"is_endless":false,"potions_floor_spawned":[2,7,12,14,18,29,30,31,41,44,48],"ascension_level":0}}