{"host":"1xo5g347e5o4auts","time":1612644957,"event":{"mods":["BaseMod","Minty Spire (QoL Compilation)","Permanent Neow","StSLib"],"gold_per_floor":[114,133,151,161,178,208,208,230,230,230,230,27,56,71,71,71,71],"floor_reached":16,"language":"ENG","playtime":372,"items_purged":[],"score":224,"play_id":"1a0d4c4b-8262-4e39-9175-d42174f0efa5","local_time":"20210206225557","is_ascension_mode":true,"campfire_choices":[{"floor":7,"key":"RECALL"},{"floor":11,"key":"REST"},{"floor":15,"key":"REST"}],"circlet_count":0,"master_deck":["AscendersBane","Strike_B","Strike_B","Strike_B+1","Strike_B","Defend_B","Defend_B","Defend_B+1","Defend_B","Zap","Dualcast","Self Repair","Conserve Battery","FTL","Static Discharge","Sunder","Doom and Gloom","Capacitor","FTL","Reprogram","Defragment"],"relics":["Fusion Hammer","Happy Flower","Odd Mushroom","Singing Bowl","Unceasing Top"],"acts_visited":["Exordium"],"potions_floor_usage":[6],"damage_taken":[{"damage":9,"enemies":"2 Louse","floor":1,"turns":2},{"damage":4,"enemies":"Jaw Worm","floor":2,"turns":4},{"damage":0,"enemies":"Small Slimes","floor":3,"turns":3},{"damage":6,"enemies":"Red Slaver","floor":4,"turns":4},{"damage":1,"enemies":"Looter","floor":5,"turns":3},{"damage":25,"enemies":"3 Sentries","floor":6,"turns":8},{"damage":16,"enemies":"The Mushroom Lair","floor":8,"turns":4},{"damage":40,"enemies":"Gremlin Nob","floor":13,"turns":4},{"damage":0,"enemies":"Blue Slaver","floor":14,"turns":2},{"damage":62,"enemies":"Slime Boss","floor":16,"turns":6}],"seed_played":"-3766698840394407611","potions_obtained":[{"floor":2,"key":"BlessingOfTheForge"},{"floor":3,"key":"Regen Potion"},{"floor":8,"key":"Ancient Potion"},{"floor":13,"key":"Swift Potion"}],"is_trial":false,"path_per_floor":["M","M","M","M","M","E","R","?","T","?","R","$","E","M","R","B"],"character_chosen":"DEFECT","items_purchased":["Capacitor","FTL","Reprogram"],"campfire_rested":2,"item_purchase_floors":[12,12,12],"current_hp_per_floor":[55,58,65,66,71,68,68,59,59,38,59,59,21,28,49,0,0],"gold":71,"neow_bonus":"BOSS_RELIC","is_daily":false,"chose_seed":false,"campfire_upgraded":0,"win_rate":0.0,"timestamp":1612644957,"path_taken":["M","M","M","M","M","E","R","?","T","?","R","$","E","M","R","BOSS"],"items_purchased_type":["Card","Card","Card"],"build_version":"2020-12-22","purchased_purges":0,"victory":false,"max_hp_per_floor":[71,71,71,71,71,71,71,71,71,71,71,71,73,73,73,73,73],"card_choices":[{"not_picked":["Leap","Fusion"],"picked":"Self Repair","floor":1},{"not_picked":["Coolheaded","Beam Cell"],"picked":"Conserve Battery","floor":2},{"not_picked":["Self Repair","Conserve Battery"],"picked":"FTL","floor":3},{"not_picked":["Chaos","Aggregate"],"picked":"Static Discharge","floor":4},{"not_picked":["Recycle","Undo"],"picked":"Sunder","floor":5},{"not_picked":["Skim","Thunder Strike"],"picked":"Doom and Gloom","floor":6},{"not_picked":["Redo","Streamline","Go for the Eyes"],"picked":"Singing Bowl","floor":13},{"not_picked":["Chill","Compile Driver"],"picked":"Defragment","floor":14}],"player_experience":1455781,"relics_obtained":[{"floor":6,"key":"Happy Flower"},{"floor":8,"key":"Odd Mushroom"},{"floor":9,"key":"Singing Bowl"},{"floor":13,"key":"Unceasing Top"}],"event_choices":[{"damage_healed":0,"gold_gain":0,"player_choice":"Fought Mushrooms","damage_taken":0,"max_hp_gain":0,"max_hp_loss":0,"event_name":"Mushrooms","floor":8,"gold_loss":0},{"damage_healed":0,"gold_gain":0,"player_choice":"Entered Light","damage_taken":21,"max_hp_gain":0,"max_hp_loss":0,"event_name":"Shining Light","floor":10,"gold_loss":0,"cards_upgraded":["Strike_B","Defend_B"]}],"is_beta":false,"boss_relics":[],"items_purged_floors":[],"is_endless":false,"potions_floor_spawned":[2,3,8,13],"killed_by":"Slime Boss","ascension_level":20}}