{"host":"hf83sijwe64ts2lm","time":1612643965,"event":{"mods":["2.2 Compatiblity","BaseMod","Better Altar","Better Match","Better Note","Better Sensory Stone","Better Skull","Better Third Choice","Colored Map","Colored Powertips","Highlight Path","Hubris","Infinite Spire","Minty Spire (QoL Compilation)","Quick Restart","Rare Cards Sparkle","Relic Stats","Reliquary","Replay The Spire","Shop Mod","Spicy Shops","Spire Arcade","StSLib","Thieving Mod"],"gold_per_floor":[109,109,121,139,156,183,183,193,193,193,84,98,98,108,108,207,207,226,176,193,193,193],"floor_reached":21,"language":"ENG","playtime":480,"items_purged":[],"score":210,"play_id":"7040ddbf-c30a-46be-8752-f40ed27d2cd4","local_time":"20210206153925","is_ascension_mode":true,"campfire_choices":[{"floor":10,"key":"REST"},{"floor":13,"key":"REST"},{"floor":15,"key":"RECALL"}],"circlet_count":0,"master_deck":["Strike_G","Strike_G","Strike_G","Strike_G","Strike_G","Defend_G+1","Defend_G","Defend_G","Defend_G","Defend_G","Survivor+1","Neutralize","Terror","ReplayTheSpireMod:Exploit Weakness","Poisoned Stab","Endless Agony","Catalyst","Beam Cell","Inflame","Whirlwind","Anger","Die Die Die","Reaper","Blade Dance","Poisoned Stab"],"relics":["Iron Core","Potion Belt","infinitespire:Cubic Diamond","infinitespire:Bottled Soul","HoveringKite"],"acts_visited":["Exordium","TheCity"],"potions_floor_usage":[6,6,8,16],"damage_taken":[{"damage":5,"enemies":"Cultist","floor":1,"turns":5},{"damage":3,"enemies":"2 Louse","floor":3,"turns":4},{"damage":0,"enemies":"Jaw Worm","floor":4,"turns":4},{"damage":27,"enemies":"Exordium Thugs","floor":5,"turns":8},{"damage":8,"enemies":"Replay:BlueRogue","floor":6,"turns":4},{"damage":9,"enemies":"Blue Slaver","floor":8,"turns":3},{"damage":4,"enemies":"Large Slime","floor":12,"turns":5},{"damage":9,"enemies":"3 Louse","floor":14,"turns":3},{"damage":29,"enemies":"Hexaghost","floor":16,"turns":8},{"damage":44,"enemies":"Spheric Guardian","floor":18,"turns":8},{"damage":25,"enemies":"Chosen","floor":20,"turns":5},{"damage":13,"enemies":"Snecko","floor":21,"turns":2}],"seed_played":"-4911672376805716896","potions_obtained":[{"floor":1,"key":"Weak Potion"},{"floor":5,"key":"Regen Potion"},{"floor":6,"key":"Explosive Potion"},{"floor":14,"key":"Strength Potion"}],"is_trial":false,"path_per_floor":["M","?","M","M","M","E","?","M","T","R","$","M","R","M","R","B",null,"M","?","M","M"],"character_chosen":"THE_SILENT","items_purchased":["Inflame","Whirlwind"],"campfire_rested":2,"item_purchase_floors":[11,11],"current_hp_per_floor":[65,65,62,62,35,39,39,30,30,51,51,47,68,59,59,30,70,26,26,7,0,0],"gold":193,"neow_bonus":"UPGRADE_CARD","is_daily":false,"chose_seed":false,"campfire_upgraded":0,"win_rate":0.0,"timestamp":1612643965,"path_taken":["M","?","M","M","M","E","?","M","T","R","$","M","R","M","R","BOSS","M","?","M","M"],"items_purchased_type":["Card","Card"],"build_version":"2020-12-22","purchased_purges":0,"victory":false,"max_hp_per_floor":[70,70,70,70,70,70,70,70,70,70,70,70,70,70,70,70,70,70,70,70,70,70],"relic_stats":{"counters":[12,59],"HoveringKite":[3],"obtain_stats":[{"Potion Belt":6,"Iron Core":7,"infinitespire:Bottled Soul":9,"HoveringKite":17,"infinitespire:Cubic Diamond":7,"Ring of the Snake":0},{"Potion Belt":5,"Iron Core":5,"infinitespire:Bottled Soul":6,"HoveringKite":9,"infinitespire:Cubic Diamond":5,"Ring of the Snake":0},{"Potion Belt":25,"Iron Core":25,"infinitespire:Bottled Soul":28,"HoveringKite":44,"infinitespire:Cubic Diamond":25,"Ring of the Snake":0}]},"card_choices":[{"not_picked":["Dagger Throw","Dodge and Roll"],"picked":"Terror","floor":1},{"not_picked":["Well Laid Plans","Skewer"],"picked":"ReplayTheSpireMod:Exploit Weakness","floor":3},{"not_picked":["Masterful Stab","Hidden Blade"],"picked":"Poisoned Stab","floor":4},{"not_picked":["Setup","Bouncing Flask"],"picked":"Endless Agony","floor":5},{"not_picked":["ReplayTheSpireMod:Exploit Weakness","Outmaneuver"],"picked":"Catalyst","floor":6},{"not_picked":["Reflex","hubris:Sniper"],"picked":"Beam Cell","floor":8},{"not_picked":["Glacier","Body Slam"],"picked":"Anger","floor":12},{"not_picked":["Steam Power","Capacitor"],"picked":"Die Die Die","floor":14},{"not_picked":["Venomology","Offering"],"picked":"Reaper","floor":16},{"not_picked":["Outmaneuver","Blur"],"picked":"Blade Dance","floor":18},{"not_picked":["All Out Attack","Cloak And Dagger"],"picked":"Poisoned Stab","floor":20}],"player_experience":145327,"relics_obtained":[{"floor":6,"key":"Potion Belt"},{"floor":9,"key":"infinitespire:Bottled Soul"}],"event_choices":[{"damage_healed":0,"gold_gain":0,"player_choice":"Bet on Owner","damage_taken":0,"max_hp_gain":0,"max_hp_loss":0,"event_name":"The Joust","floor":19,"gold_loss":50}],"is_beta":false,"boss_relics":[{"not_picked":["Coffee Dripper","reliquary:RedPaperclip"],"picked":"HoveringKite"}],"items_purged_floors":[],"is_endless":false,"potions_floor_spawned":[1,5,6,14],"killed_by":"Snecko","ascension_level":3}}