{"host":"hcg2wesxzfo46upw","time":1612653753,"event":{"mods":["2.2 Compatiblity","AchievementEnabler","Act Like it!","Aspiration","BaseMod","Beaked The Cultist","Better Altar","Better Match","Better Note","Better Sensory Stone","Better Skull","Better Third Choice","Bossed Relics","ChefMod","Clockwork Mod","Conspire","Downfall","Elementarium","Gensokyo","GifTheSpireLib","Glutton Mod","Hermit","Hubris","Infinite Spire","Jedi Mod","Mad Scientist","Minty Spire (QoL Compilation)","Pale of the Ancients","Reliquary","Replay The Spire","Robot Space Explorer","Shade Mod","Spicy Shops","Spikes Relics","StSLib","Stuff the Spire","The Blackbeard","The Bug Knight","The Construct","The Cursed","The Death Knight","The Disciple","The Forsaken","The Jungle","The Marked","The Necromancer","The Runesmith","The Vixen","Wandering Minibosses"],"gold_per_floor":[116,126,49,49,49,49,49,49,49,82,101,130,130,144,144,449,449,463,160,189,44,44,44,57,92,92,92,109,109,109,122,122,218,218,229,30,30,49,59,59,70,97,123,123,135,149,161,7,7,7,25,25,25,25,25,25,25],"floor_reached":56,"language":"ENG","playtime":2069,"items_purged":["Pain"],"score":1014,"play_id":"4362d950-c8e7-4853-ba42-045224c60ad2","local_time":"20210207002233","is_ascension_mode":false,"campfire_choices":[{"data":"TheVixenMod:LavaPlume","floor":7,"key":"SMITH"},{"data":"TheVixenMod:Psychic","floor":13,"key":"SMITH"},{"data":"TheVixenMod:SynergyBurst","floor":32,"key":"SMITH"},{"data":"wanderingMiniBosses:FinaleOfPromise","floor":40,"key":"SMITH"},{"data":"TheVixenMod:TrumpCard","floor":44,"key":"SMITH"},{"data":"TheVixenMod:SolarBeam","floor":55,"key":"SMITH"}],"circlet_count":0,"master_deck":["TheVixenMod:Strike_TheVixen","TheVixenMod:Strike_TheVixen","TheVixenMod:Strike_TheVixen","TheVixenMod:Defend_TheVixen+1","TheVixenMod:Defend_TheVixen","TheVixenMod:Defend_TheVixen","TheVixenMod:Defend_TheVixen","TheVixenMod:SunnyDay+1","TheVixenMod:Ember","TheVixenMod:LavaPlume+1","TheVixenMod:FlareBlitz","TheVixenMod:Psychic+1","TheVixenMod:LightScreen+1","TheVixenMod:Facade","TheVixenMod:Protect","StuffTheSpire:Rapture","TheVixenMod:SynergyBurst+1","TheVixenMod:LavaPlume+1","TheVixenMod:Dazzling+1","Pot Of Greed","Pot Of Greed","TheVixenMod:TrumpCard+1","TheVixenMod:FlameCharge+1","Replay:Fractal Strike","TheVixenMod:WillOWisp+1","Pot Of Greed","TheVixenMod:SolarBeam+1","TheVixenMod:CADC+1","TheVixenMod:Flamethrower","TheVixenMod:Blaze","TheVixenMod:Hypnosis","TheVixenMod:Wish+1","wanderingMiniBosses:FinaleOfPromise+1","TheVixenMod:HeatWave+1","TheVixenMod:Extrasensory","TheVixenMod:FlameBody+1","TheVixenMod:Blaze+1","Pot Of Greed","TheVixenMod:TailWhip+1"],"relics":["TheVixenMod:BurningStick","NeowsBlessing","Gensokyo:LunaticRedEyes","StuffTheSpire:CocoNut","reliquary:Knoch","StuffTheSpire:ForceGauntlet","aspiration:ArtOfWarUpgrade","aspiration:PoetsPen","Replay:Rubber Ducky","ClockworkSouvenir","Grinning Jar","hubris:Icosahedron","reliquary:BallBearing","Eternal Feather","hubris:Towel","aspiration:HummingbirdHeart","hubris:KleinBottle","Sozu","BargainBundle","wanderingMiniBosses:Blackblade","aspiration:Lifesprig","theForsaken:Gavel","DeathKnight:PutricidesVial","paleoftheancients:Timepiece","CultistMask","paleoftheancients:SoulOfTheSilent","construct:RocketBooster"],"acts_visited":["Exordium","TheCity","TheBeyond","TheBeyond"],"potions_floor_usage":[16,16,50,50,50],"damage_taken":[{"damage":0,"enemies":"Gensokyo:Gryphon","floor":1,"turns":1},{"damage":0,"enemies":"Gensokyo:Python","floor":2,"turns":1},{"damage":0,"enemies":"Gensokyo:Aya","floor":10,"turns":1},{"damage":0,"enemies":"Gensokyo:3_Fairies","floor":11,"turns":3},{"damage":18,"enemies":"Gensokyo:Mamizou","floor":12,"turns":7},{"damage":0,"enemies":"Gensokyo:Kitsune","floor":14,"turns":1},{"damage":31,"enemies":"Gensokyo:Kokoro","floor":16,"turns":5},{"damage":5,"enemies":"Shell Parasite","floor":18,"turns":2},{"damage":0,"enemies":"2 Thieves","floor":20,"turns":2},{"damage":0,"enemies":"Shelled Parasite and Fungi","floor":24,"turns":2},{"damage":0,"enemies":"Book of Stabbing","floor":25,"turns":2},{"damage":0,"enemies":"Snake Plant","floor":28,"turns":1},{"damage":0,"enemies":"Snecko","floor":31,"turns":2},{"damage":1,"enemies":"conspire:MysteriousRune","floor":33,"turns":3},{"damage":0,"enemies":"Orb Walker","floor":35,"turns":1},{"damage":1,"enemies":"3 Shapes","floor":38,"turns":2},{"damage":5,"enemies":"Sphere and 2 Shapes","floor":39,"turns":5},{"damage":0,"enemies":"Transient","floor":41,"turns":5},{"damage":0,"enemies":"R_Hoarder","floor":42,"turns":2},{"damage":0,"enemies":"Spire Growth","floor":45,"turns":2},{"damage":0,"enemies":"Jaw Worm Horde","floor":46,"turns":2},{"damage":0,"enemies":"Transient","floor":47,"turns":4},{"damage":0,"enemies":"Time Eater","floor":50,"turns":4},{"damage":25,"enemies":"Time Eater","floor":51,"turns":2},{"damage":78,"enemies":"Time Eater","floor":52,"turns":3},{"damage":88,"enemies":"Time Eater","floor":56,"turns":4}],"seed_played":"-1793150973556687742","potions_obtained":[{"floor":10,"key":"CultistPotion"},{"floor":14,"key":"AttackPotion"},{"floor":16,"key":"Guardian:BlockOnCardUsePotion"},{"floor":24,"key":"Swift Potion"},{"floor":25,"key":"BlessingOfTheForge"},{"floor":31,"key":"Ancient Potion"}],"is_trial":false,"path_per_floor":["M","M","COS","?","?","?","R","?","T","E","M","E","R","M","R","B",null,"M","$","M","$","?","R","M","E","T","R","M","?","$","M","R","B",null,"M","$","?","M","M","R","M","E","T","R","M","M","M","$","R","B","M","M","?","T","R","M"],"character_chosen":"THE_VIXEN","items_purchased":["Replay:Rubber Ducky","ClockworkSouvenir","Grinning Jar","aspiration:HummingbirdHeart","hubris:KleinBottle","BargainBundle","TheVixenMod:Flamethrower","TheVixenMod:Blaze","DeathKnight:PutricidesVial"],"campfire_rested":0,"item_purchase_floors":[19,19,21,30,30,36,36,36,48],"current_hp_per_floor":[70,70,70,70,70,70,70,45,52,52,52,34,34,34,34,3,77,72,72,72,72,72,72,72,72,72,77,77,77,43,43,58,57,77,77,77,77,76,72,77,77,77,77,77,77,77,77,77,77,77,65,55,87,87,87,0,0],"gold":25,"neow_bonus":"THREE_ENEMY_KILL","is_daily":false,"chose_seed":false,"campfire_upgraded":6,"win_rate":0.0,"timestamp":1612653753,"path_taken":["M","M","COS","?","?","?","R","?","T","E","M","E","?","M","R","BOSS","M","$","M","$","?","R","M","E","T","R","M","?","?","M","R","BOSS","M","$","?","M","M","R","M","E","T","R","M","M","M","$","R","BOSS","M","M","?","T","R","M"],"items_purchased_type":["Relic","Relic","Relic","Relic","Relic","Relic","Card","Card","Relic"],"build_version":"2020-12-22","purchased_purges":1,"victory":false,"max_hp_per_floor":[70,70,70,70,70,70,70,70,77,77,77,77,77,77,77,77,77,77,77,77,77,77,77,77,77,77,77,77,77,77,77,77,77,77,77,77,77,77,77,77,77,77,77,77,77,77,77,77,77,77,77,77,87,87,87,87,87],"card_choices":[{"not_picked":["TheVixenMod:Confusion","TheVixenMod:Swagger"],"picked":"TheVixenMod:LavaPlume","floor":1},{"not_picked":["TheVixenMod:Defiant","TheVixenMod:Feint"],"picked":"TheVixenMod:FlareBlitz","floor":2},{"not_picked":["TheVixenMod:PerishSong","TheVixenMod:Psyshock"],"picked":"TheVixenMod:Psychic","floor":10},{"not_picked":["TheVixenMod:PerishSong","TheVixenMod:FlareBlitz"],"picked":"TheVixenMod:LightScreen","floor":11},{"not_picked":["TheVixenMod:FlameCharge","TheVixenMod:CalmMind"],"picked":"TheVixenMod:Facade","floor":12},{"not_picked":["TheVixenMod:FlareBlitz","TheVixenMod:NastyPlot"],"picked":"TheVixenMod:Protect","floor":14},{"not_picked":["StuffTheSpire:Innocence","StuffTheSpire:Ambrosia"],"picked":"StuffTheSpire:Rapture","floor":15},{"not_picked":["TheVixenMod:Magician","TheVixenMod:Safeguard"],"picked":"TheVixenMod:SynergyBurst","floor":16},{"not_picked":["TheVixenMod:CalmMind","TheVixenMod:Incinerate"],"picked":"TheVixenMod:LavaPlume+1","floor":18},{"not_picked":["TheVixenMod:Swagger","TheVixenMod:Flamethrower"],"picked":"TheVixenMod:Dazzling+1","floor":20},{"not_picked":["TheVixenMod:TrickRoom","TheVixenMod:Barrier"],"picked":"TheVixenMod:TrumpCard","floor":24},{"not_picked":["TheVixenMod:LightScreen","TheVixenMod:Swagger"],"picked":"TheVixenMod:FlameCharge+1","floor":25},{"not_picked":["TheVixenMod:Copycat","TheVixenMod:TailWhip","TheVixenMod:Psybeam"],"picked":"SKIP","floor":28},{"not_picked":["infinitespire:Fortify","infinitespire:UltimateForm"],"picked":"Replay:Fractal Strike","floor":30},{"not_picked":["TheVixenMod:PerishSong","TheVixenMod:CADC+1"],"picked":"TheVixenMod:WillOWisp+1","floor":31},{"not_picked":["TheVixenMod:Copycat","TheVixenMod:PsychUp"],"picked":"TheVixenMod:SolarBeam","floor":33},{"not_picked":["TheVixenMod:LavaPlume","TheVixenMod:FireBlast"],"picked":"TheVixenMod:CADC+1","floor":35},{"not_picked":["TheVixenMod:CalmMind","TheVixenMod:Safeguard"],"picked":"TheVixenMod:Wish+1","floor":38},{"not_picked":[],"picked":"wanderingMiniBosses:FinaleOfPromise","floor":39},{"not_picked":["TheVixenMod:FlareBlitz","TheVixenMod:Protect"],"picked":"TheVixenMod:HeatWave+1","floor":39},{"not_picked":["TheVixenMod:LavaPlume","TheVixenMod:Psybeam"],"picked":"TheVixenMod:Extrasensory","floor":41},{"not_picked":["TheVixenMod:TailWhip","TheVixenMod:NastyPlot+1"],"picked":"TheVixenMod:FlameBody+1","floor":42},{"not_picked":["TheVixenMod:PerishSong","TheVixenMod:Amnesia"],"picked":"TheVixenMod:Blaze+1","floor":45},{"not_picked":["TheVixenMod:Feint+1","TheVixenMod:WillOWisp"],"picked":"TheVixenMod:Moody","floor":46},{"not_picked":["TheVixenMod:Confusion","TheVixenMod:Psychic","TheVixenMod:FlareBlitz+1"],"picked":"SKIP","floor":47},{"not_picked":["TheVixenMod:Extrasensory+1","TheVixenMod:Wish"],"picked":"TheVixenMod:TailWhip+1","floor":51}],"player_experience":271863,"relics_obtained":[{"floor":9,"key":"StuffTheSpire:CocoNut"},{"floor":10,"key":"reliquary:Knoch"},{"floor":12,"key":"StuffTheSpire:ForceGauntlet"},{"floor":25,"key":"reliquary:BallBearing"},{"floor":26,"key":"Eternal Feather"},{"floor":39,"key":"wanderingMiniBosses:Blackblade"},{"floor":42,"key":"aspiration:Lifesprig"},{"floor":43,"key":"theForsaken:Gavel"},{"floor":51,"key":"paleoftheancients:SoulOfTheSilent"},{"floor":54,"key":"construct:RocketBooster"}],"event_choices":[{"damage_healed":0,"gold_gain":0,"player_choice":"Leave","damage_taken":0,"max_hp_gain":0,"max_hp_loss":0,"event_name":"conspire:Investor","floor":6,"gold_loss":0},{"damage_healed":0,"gold_gain":0,"player_choice":"UP RE ","damage_taken":29,"relics_obtained":["jedi:arcanewood"],"max_hp_gain":0,"max_hp_loss":0,"event_name":"betterSkull:BetterSkull","floor":8,"gold_loss":0,"cards_upgraded":["TheVixenMod:Defend_TheVixen"]},{"damage_healed":0,"gold_gain":0,"cards_transformed":["TheVixenMod:Strike_TheVixen"],"player_choice":"Transformed","damage_taken":0,"max_hp_gain":0,"max_hp_loss":0,"event_name":"Transmorgrifier","floor":37,"gold_loss":0,"cards_obtained":["TheVixenMod:Hypnosis"]},{"cards_removed":["TheVixenMod:Moody"],"damage_healed":22,"gold_gain":0,"player_choice":"Offered Rare","damage_taken":0,"max_hp_gain":10,"max_hp_loss":0,"event_name":"Bonfire Elementals","floor":53,"gold_loss":0}],"is_beta":false,"boss_relics":[{"not_picked":["aspiration:RitualDagger","aspiration:BeakedSkillbook"],"picked":"aspiration:PoetsPen"},{"not_picked":["aspiration:FutureDiary","StuffTheSpire:RunicHypercube"],"picked":"Sozu"}],"items_purged_floors":[19],"is_endless":false,"potions_floor_spawned":[10,14,16,24,25,31,38,41,45],"killed_by":"Time Eater","ascension_level":0}}