{"host":"0rxdudjy6rylha1k","time":1612650576,"event":{"mods":["Aspiration","BaseMod","Colored Map","Colored Powertips","Downfall","Highlight Path","Hubris","Minty Spire (QoL Compilation)","StSLib"],"gold_per_floor":[99,99,99,99,199,99,99,99,38,51,62,62,120,151,168,268,268,168,182,194,294,309,309,357,19,19,19,38,48,48,48,60,165,165,65,76,88,88,88,88,88,203,203,203,203,203,203],"floor_reached":45,"language":"ENG","playtime":5530,"items_purged":[],"score":669,"play_id":"20c6d504-edd8-4606-8dcd-0fab9d6d1443","local_time":"20210206152936","is_ascension_mode":true,"campfire_choices":[{"floor":1.0,"key":"RECALL"},{"data":"Slimebound:Split","floor":6.0,"key":"SMITH"},{"data":"Slimebound:GoopSpray","floor":8.0,"key":"SMITH"},{"data":"Slimebound:Schlurp","floor":12.0,"key":"SMITH"},{"data":"Slimebound:MassRepurpose","floor":18.0,"key":"SMITH"},{"data":"Slimebound:Replication","floor":23.0,"key":"SMITH"},{"data":"Slimebound:LeadByExample","floor":26.0,"key":"SMITH"},{"data":"Slimebound:Gluttony","floor":30.0,"key":"SMITH"},{"data":"Slimebound:SplitMire","floor":35.0,"key":"SMITH"},{"floor":40.0,"key":"REST"},{"floor":43.0,"key":"REST"}],"circlet_count":0,"master_deck":["AscendersBane","Slimebound:Strike_Slimebound","Slimebound:Strike_Slimebound+1","Slimebound:Tackle","Slimebound:Defend_Slimebound","Slimebound:Defend_Slimebound","Slimebound:Defend_Slimebound+1","Slimebound:Defend_Slimebound","Slimebound:Split+1","Slimebound:CorrosiveSpit","Slimebound:GoopSpray+1","Slimebound:Recollect+1","Slimebound:TongueLash+1","Slimebound:SplitMire+1","Slimebound:Schlurp+1","Slimebound:SplitBruiser","Slimebound:SplitMire+1","Slimebound:ItLooksTasty+1","Slimebound:Gluttony+1","Slimebound:TagTeam+1","Slimebound:MegaLick","Slimebound:LeechEnergy+1","Slimebound:Replication+1","Slimebound:RejuvenatingLick","Slimebound:LeadByExample+1","Slimebound:RejuvenatingLick","Slimebound:SlimeSpikes+1","Slimebound:Prepare","Slimebound:GrowthPunch+1","Slimebound:MassFeed+1","Slimebound:RejuvenatingLick","Slimebound:SelfFormingGoo+1","Slimebound:RollThrough+1","Slimebound:Darklings"],"relics":["Slimebound:AbsorbEndCombatUpgraded","downfall:HeartsMalice","Molten Egg 2","White Beast Statue","downfall:HeartBlessingRed","Bottled Flame","hubris:SphereOfDissonance","Slimebound:AggressiveSlimeRelic","Empty Cage","downfall:HeartBlessingGreen","champ:Barbells","hubris:Towel","downfall:HeartBlessingBlue","hubris:Icosahedron","aspiration:FetidBarrel"],"acts_visited":["Exordium","TheCity","TheBeyond"],"potions_floor_usage":[45],"damage_taken":[{"damage":0.0,"enemies":"Small Slimes","floor":2.0,"turns":1.0},{"damage":0.0,"enemies":"2 Louse","floor":3.0,"turns":1.0},{"damage":0.0,"enemies":"downfall:LadyInBlue","floor":5.0,"turns":1.0},{"damage":0.0,"enemies":"downfall:FleeingMerchant","floor":9.0,"turns":4.0},{"damage":0.0,"enemies":"Cultist","floor":10.0,"turns":3.0},{"damage":11.0,"enemies":"2 Fungi Beasts","floor":11.0,"turns":3.0},{"damage":18.0,"enemies":"3 Sentries","floor":13.0,"turns":5.0},{"damage":20.0,"enemies":"Lagavulin","floor":14.0,"turns":5.0},{"damage":4.0,"enemies":"3 Louse","floor":15.0,"turns":2.0},{"damage":31.0,"enemies":"DF_ARCHETYPE_STREAMLINE","floor":16.0,"turns":8.0},{"damage":3.0,"enemies":"Shell Parasite","floor":19.0,"turns":5.0},{"damage":0.0,"enemies":"Snecko","floor":20.0,"turns":3.0},{"damage":6.0,"enemies":"Centurion and Healer","floor":22.0,"turns":5.0},{"damage":0.0,"enemies":"downfall:FleeingMerchant","floor":25.0,"turns":4.0},{"damage":0.0,"enemies":"Slavers","floor":27.0,"turns":1.0},{"damage":12.0,"enemies":"Cultist and Chosen","floor":28.0,"turns":4.0},{"damage":18.0,"enemies":"3 Cultists","floor":29.0,"turns":5.0},{"damage":9.0,"enemies":"Snake Plant","floor":32.0,"turns":3.0},{"damage":61.0,"enemies":"WA_ARCHETYPE_CALM","floor":33.0,"turns":11.0},{"damage":34.0,"enemies":"3 Darklings","floor":36.0,"turns":6.0},{"damage":20.0,"enemies":"Orb Walker","floor":37.0,"turns":4.0},{"damage":43.0,"enemies":"Spire Growth","floor":42.0,"turns":5.0},{"damage":69,"enemies":"Nemesis","floor":45,"turns":6}],"seed_played":"7347535369060599826","potions_obtained":[{"floor":5.0,"key":"DistilledChaos"},{"floor":5.0,"key":"hexamod:SoulburnPotion"},{"floor":5.0,"key":"GamblersBrew"},{"floor":5.0,"key":"DuplicationPotion"},{"floor":9.0,"key":"Weak Potion"},{"floor":10.0,"key":"Fruit Juice"},{"floor":11.0,"key":"FearPotion"},{"floor":13.0,"key":"LiquidMemories"},{"floor":14.0,"key":"champ:CounterPotion"},{"floor":15.0,"key":"DistilledChaos"},{"floor":16.0,"key":"FearPotion"},{"floor":19.0,"key":"Dexterity Potion"},{"floor":20.0,"key":"SmokeBomb"},{"floor":22.0,"key":"Swift Potion"},{"floor":25.0,"key":"bronze:BurnAndBuffPotion"},{"floor":28.0,"key":"ColorlessPotion"},{"floor":29.0,"key":"Swift Potion"},{"floor":32.0,"key":"Regen Potion"},{"floor":33.0,"key":"Explosive Potion"},{"floor":36.0,"key":"Slimebound:SlimedPotion"},{"floor":37.0,"key":"bronze:BurnAndBuffPotion"},{"floor":42.0,"key":"champ:CounterPotion"}],"is_trial":false,"path_per_floor":["R","M","M","?","?","R","T","R","$","M","M","R","?","E","M","B",null,"R","M","M","?","M","R","T","$","R","E","M","M","R","?","M","B",null,"R","M","M","?","?","R","T","M","R","?","E"],"character_chosen":"SLIMEBOUND","items_purchased":["Slimebound:Schlurp","champ:Barbells","Slimebound:LeadByExample","Slimebound:RejuvenatingLick","Slimebound:SlimeSpikes"],"campfire_rested":2,"item_purchase_floors":[9,25,25,25,25],"current_hp_per_floor":[59,59,59,59,59,59,59,59,65,65,59,59,47,33,35,12,56,56,61,69,69,70,70,70,70,70,70,60,50,50,50,45,7,54,64,39,28,28,28,52,52,24,48,48,0,0,0],"gold":203,"neow_bonus":"THREE_ENEMY_KILL","is_daily":false,"chose_seed":false,"campfire_upgraded":8,"win_rate":0.0,"timestamp":1612650576,"path_taken":["R","M","M","?","?","R","T","R","$","M","?","R","?","E","M","BOSS","R","M","M","?","M","R","T","$","R","E","M","?","R","?","M","BOSS","R","M","M","?","?","R","T","M","R","?","E"],"items_purchased_type":["Card","Relic","Card","Card","Card"],"build_version":"2020-12-22","purchased_purges":0,"victory":false,"max_hp_per_floor":[65,65,65,65,65,65,65,65,65,65,70,70,70,70,70,70,70,70,70,70,70,70,70,70,70,70,70,70,70,70,70,70,70,70,80,80,80,80,80,80,80,80,80,80,80,80,80],"card_choices":[{"not_picked":["Slimebound:ProtectTheBoss","Slimebound:SplitAcid"],"picked":"Slimebound:GoopSpray","floor":2.0},{"not_picked":["Slimebound:SplitLeeching","Slimebound:RejuvenatingLick"],"picked":"Slimebound:Recollect","floor":3.0},{"not_picked":["Slimebound:Prepare","Slimebound:RainOfGoop"],"picked":"Slimebound:TongueLash+1","floor":5.0},{"not_picked":["Slimebound:LivingWall","Slimebound:ComboTackle+1"],"picked":"Slimebound:SplitMire","floor":9.0},{"not_picked":["Slimebound:ForwardTackle+1","Slimebound:GrowthPunch+1"],"picked":"Slimebound:SplitBruiser","floor":10.0},{"not_picked":["Slimebound:SplitAcid","Slimebound:ComboTackle+1"],"picked":"Slimebound:SplitMire","floor":11.0},{"not_picked":["Slimebound:SamplingLick","Slimebound:Prepare"],"picked":"Slimebound:MassRepurpose","floor":13.0},{"not_picked":["Slimebound:BestDefense","Slimebound:SplitAcid"],"picked":"Slimebound:ItLooksTasty+1","floor":14.0},{"not_picked":["Slimebound:ServeAndProtect","Slimebound:ViciousTackle+1"],"picked":"Slimebound:Gluttony","floor":15.0},{"not_picked":["Slimebound:Overexert","Slimebound:DouseInSlime"],"picked":"Slimebound:TagTeam+1","floor":16.0},{"not_picked":["Slimebound:SlimeSpikes","Slimebound:FinishingTackle+1"],"picked":"Slimebound:MegaLick","floor":19.0},{"not_picked":["Slimebound:FormOfPuddle","Slimebound:Recollect"],"picked":"Slimebound:LeechEnergy+1","floor":20.0},{"not_picked":["Slimebound:Chomp+1","Slimebound:Prepare"],"picked":"Slimebound:Replication","floor":22.0},{"not_picked":["Slimebound:Repurpose+1","Slimebound:GoopSpray"],"picked":"Slimebound:RejuvenatingLick","floor":25.0},{"not_picked":["Slimebound:RollThrough+1","Slimebound:Grow","Slimebound:Chomp+1"],"picked":"SKIP","floor":28.0},{"not_picked":["Slimebound:Replication","Slimebound:DivideAndConquer+1"],"picked":"Slimebound:Prepare","floor":29.0},{"not_picked":["Slimebound:RollThrough+1","Slimebound:GoopTackle+1"],"picked":"Slimebound:GrowthPunch+1","floor":32.0},{"not_picked":["Slimebound:FirmFortitude","Slimebound:WasteNot"],"picked":"Slimebound:MassFeed+1","floor":33.0},{"not_picked":["Slimebound:Replication+1","Slimebound:SplitSpecialist+1"],"picked":"Slimebound:RejuvenatingLick","floor":36.0},{"not_picked":["Slimebound:PressTheAttack+1","Slimebound:SamplingLick"],"picked":"Slimebound:SelfFormingGoo","floor":37.0},{"not_picked":["Slimebound:GoopSpray","Slimebound:ComboTackle+1"],"picked":"Slimebound:RollThrough+1","floor":42.0}],"player_experience":2833146,"relics_obtained":[{"floor":5.0,"key":"White Beast Statue"},{"floor":7.0,"key":"Bottled Flame"},{"floor":13.0,"key":"hubris:SphereOfDissonance"},{"floor":14.0,"key":"Slimebound:AggressiveSlimeRelic"},{"floor":41.0,"key":"aspiration:FetidBarrel"}],"event_choices":[],"is_beta":false,"boss_relics":[{"not_picked":["bronze:MakeshiftBattery","hubris:VirtuousBlindfold"],"picked":"Empty Cage"},{"not_picked":["aspiration:FutureDiary","Coffee Dripper"],"picked":"Slimebound:AbsorbEndCombatUpgraded"}],"items_purged_floors":[],"is_endless":false,"potions_floor_spawned":[5,9,10,11,13,14,15,16,19,20,22,25,27,28,29,32,33,36,37,42],"killed_by":"Nemesis","ascension_level":10}}