{"host":"2wp95sdfrgw3k439","time":1612579035,"event":{"mods":["BaseMod","Better Altar","Better Skull","Better Third Choice","Curses Come First","Minty Spire (QoL Compilation)","Permanent Neow","StSLib"],"gold_per_floor":[118,130,130,149,165,190,209,209,209,209,251,271,271,9,9,114,114,114,114,54,54],"floor_reached":20,"language":"ENG","playtime":718,"items_purged":[],"score":267,"play_id":"b3ed8c76-a90f-40d5-96e6-b6c00ef1e93b","local_time":"20210205193715","is_ascension_mode":true,"campfire_choices":[{"floor":8,"key":"REST"},{"floor":10,"key":"REST"},{"floor":15,"key":"REST"}],"circlet_count":0,"master_deck":["Strike_G","Strike_G","Strike_G","Strike_G","Strike_G","Defend_G","Defend_G","Defend_G","Defend_G","Defend_G","Survivor","Neutralize","Caltrops","Flying Knee","Venomology","Terror","Blade Dance+1","Cloak And Dagger+1","Choke","Tactician+1","Blade Dance+1","Doppelganger+1","PiercingWail+1","Leg Sweep+1"],"relics":["Black Star","Juzu Bracelet","Toxic Egg 2","PreservedInsect","Bottled Tornado","Vajra","CeramicFish","Eternal Feather","Molten Egg 2","Ectoplasm","Red Mask"],"acts_visited":["Exordium","TheCity"],"potions_floor_usage":[2,5,7,7,12,16,16,18,18,19,20],"damage_taken":[{"damage":7,"enemies":"Small Slimes","floor":1,"turns":4},{"damage":1,"enemies":"Jaw Worm","floor":2,"turns":3},{"damage":0,"enemies":"Cultist","floor":4,"turns":5},{"damage":4,"enemies":"Gremlin Gang","floor":5,"turns":3},{"damage":37,"enemies":"Gremlin Nob","floor":6,"turns":5},{"damage":0,"enemies":"Lots of Slimes","floor":7,"turns":2},{"damage":21,"enemies":"Lagavulin","floor":11,"turns":4},{"damage":0,"enemies":"3 Louse","floor":12,"turns":3},{"damage":22,"enemies":"The Guardian","floor":16,"turns":8},{"damage":11,"enemies":"Spheric Guardian","floor":18,"turns":3},{"damage":58,"enemies":"Masked Bandits","floor":19,"turns":5},{"damage":5,"enemies":"2 Thieves","floor":20,"turns":2}],"seed_played":"2170001491250202247","potions_obtained":[{"floor":1,"key":"SteroidPotion"},{"floor":2,"key":"Explosive Potion"},{"floor":6,"key":"EssenceOfSteel"},{"floor":11,"key":"Swift Potion"},{"floor":16,"key":"Regen Potion"}],"is_trial":false,"path_per_floor":["M","M","?","M","M","E","M","R","T","R","E","M","T","$","R","B",null,"M","?","M"],"character_chosen":"THE_SILENT","items_purchased":["Molten Egg 2","Blade Dance+1"],"campfire_rested":3,"item_purchase_floors":[14,14],"current_hp_per_floor":[56,55,48,48,44,7,7,28,28,49,28,28,28,28,61,39,62,59,1,0,0],"gold":54,"neow_bonus":"BOSS_RELIC","is_daily":false,"chose_seed":false,"campfire_upgraded":0,"win_rate":0.0,"timestamp":1612579035,"path_taken":["M","M","?","M","M","E","M","R","T","R","E","M","?","$","R","BOSS","M","?","M"],"items_purchased_type":["Relic","Card"],"build_version":"2020-12-22","purchased_purges":0,"victory":false,"max_hp_per_floor":[70,70,70,70,70,70,70,70,70,70,70,70,70,70,70,70,70,70,70,70,70],"card_choices":[{"not_picked":["Catalyst","Endless Agony"],"picked":"Caltrops","floor":1},{"not_picked":["Calculated Gamble","PiercingWail"],"picked":"Flying Knee","floor":2},{"not_picked":["Blade Dance","Deflect"],"picked":"Venomology","floor":4},{"not_picked":["Dagger Throw","Acrobatics"],"picked":"Terror","floor":5},{"not_picked":["Skewer","PiercingWail+1"],"picked":"Blade Dance+1","floor":6},{"not_picked":["Underhanded Strike","Die Die Die"],"picked":"Cloak And Dagger+1","floor":7},{"not_picked":["Prepared+1","Infinite Blades"],"picked":"Choke","floor":11},{"not_picked":["Noxious Fumes","Reflex+1"],"picked":"Tactician+1","floor":12},{"not_picked":["Bullet Time+1","Envenom"],"picked":"Doppelganger+1","floor":16},{"not_picked":["Deadly Poison+1","Well Laid Plans"],"picked":"PiercingWail+1","floor":18},{"not_picked":["Cloak And Dagger+1","Catalyst+1"],"picked":"Leg Sweep+1","floor":19}],"player_experience":557363,"relics_obtained":[{"floor":6,"key":"Toxic Egg 2"},{"floor":6,"key":"PreservedInsect"},{"floor":9,"key":"Bottled Tornado"},{"floor":11,"key":"Vajra"},{"floor":11,"key":"CeramicFish"},{"floor":13,"key":"Eternal Feather"},{"floor":19,"key":"Red Mask"}],"event_choices":[{"damage_healed":0,"gold_gain":0,"player_choice":"Relic ","damage_taken":7,"max_hp_gain":0,"max_hp_loss":0,"event_name":"betterThird:BetterScrap","floor":3,"gold_loss":0,"cards_obtained":["Tempest"]},{"damage_healed":0,"gold_gain":0,"player_choice":"Fought Bandits","damage_taken":0,"max_hp_gain":0,"max_hp_loss":0,"event_name":"Masked Bandits","floor":19,"gold_loss":0}],"is_beta":false,"boss_relics":[{"not_picked":["HoveringKite","Pandora\u0027s Box"],"picked":"Ectoplasm"}],"items_purged_floors":[],"is_endless":false,"potions_floor_spawned":[1,2,6,11,16],"killed_by":"2 Thieves","ascension_level":9}}