{"host":"fzku1ofsxv8lro8o","time":1612597081,"event":{"mods":["BaseMod","Colored Map","Downfall","Minty Spire (QoL Compilation)","Relic Stats","StSLib","everything is the same but u backflip on backflip"],"gold_per_floor":[99,99,99,99,112,131,131,31,93,3,14,14,24,50,60,161,161,161,178,178,10,95,113,164,164,179,211,231,251,51,79,92,190,190,190,207,223,108,158,158,158,183,203,47,59,85,85,134,154,154,154,183,27,27,27,27],"floor_reached":57,"language":"ENG","playtime":3857,"items_purged":["Slimebound:Defend_Slimebound","Slimebound:Defend_Slimebound","Slimebound:Defend_Slimebound"],"score":1477,"play_id":"e4a10edd-93b5-4840-8aed-f7a783ac7ab3","local_time":"20210206103801","is_ascension_mode":true,"campfire_choices":[{"floor":1.0,"key":"RECALL"},{"data":"Slimebound:RainOfGoop","floor":8.0,"key":"SMITH"},{"data":"Slimebound:AcidTongue","floor":12.0,"key":"SMITH"},{"data":"Slimebound:Repurpose","floor":18.0,"key":"SMITH"},{"data":"Slimebound:RainOfGoop","floor":30.0,"key":"SMITH"},{"data":"Slimebound:Tackle","floor":35,"key":"PURGE"},{"data":"Slimebound:Defend_Slimebound","floor":40,"key":"PURGE"},{"data":"Slimebound:CorrosiveSpit","floor":47,"key":"PURGE"},{"floor":54,"key":"REST"}],"circlet_count":0,"master_deck":["Slimebound:Strike_Slimebound","Slimebound:Strike_Slimebound","Slimebound:Split","Slimebound:SplitAcid","Slimebound:RainOfGoop+1","Slimebound:Recollect","Slimebound:AcidTongue+1","Slimebound:LivingWall","Slimebound:Repurpose+1","Slimebound:LeechLife","Slimebound:LeechingTouch+1","Slimebound:LivingWall","Slimebound:RainOfGoop+1","Slimebound:LivingWall","Slimebound:DisruptingSlam","Slimebound:RainOfGoop+1","Slimebound:OneTwoCombo","CurseOfTheBell","Slimebound:RainOfGoop+1","Slimebound:LivingWall+1","Slimebound:Equalize","Slimebound:SpikyOuterGoop+1","expansioncontent:StudyTheSpire","Slimebound:LeechEnergy","Slimebound:GoopSpray+1"],"relics":["Slimebound:AbsorbEndCombat","downfall:HeartsMalice","Singing Bowl","downfall:HeartBlessingRed","Guardian:PocketSentry","Mercury Hourglass","Slimebound:TarBlob","hexamod:BolsterEngine","Tiny Chest","downfall:HeartBlessingBlue","downfall:HeartBlessingGreen","Toxic Egg 2","Calling Bell","Anchor","Gremlin Horn","Peace Pipe","Mango","Toy Ornithopter","hexamod:CandleOfCauterizing","Guardian:BottledAnomaly","Boot","PreservedInsect","Bottled Flame","OrangePellets"],"acts_visited":["Exordium","TheCity","TheBeyond","TheEnding"],"potions_floor_usage":[42,45,50,55,55],"damage_taken":[{"damage":0.0,"enemies":"Cultist","floor":2.0,"turns":1.0},{"damage":0.0,"enemies":"2 Louse","floor":3.0,"turns":1.0},{"damage":0.0,"enemies":"Jaw Worm","floor":4.0,"turns":1.0},{"damage":12.0,"enemies":"Exordium Wildlife","floor":5.0,"turns":3.0},{"damage":0.0,"enemies":"3 Louse","floor":6.0,"turns":3.0},{"damage":48.0,"enemies":"Gremlin Nob","floor":9.0,"turns":5.0},{"damage":0.0,"enemies":"downfall:FleeingMerchant","floor":10.0,"turns":4.0},{"damage":4.0,"enemies":"2 Fungi Beasts","floor":11.0,"turns":3.0},{"damage":9.0,"enemies":"Exordium Thugs","floor":13.0,"turns":6.0},{"damage":0.0,"enemies":"Lagavulin","floor":14.0,"turns":5.0},{"damage":20.0,"enemies":"Large Slime","floor":15.0,"turns":5.0},{"damage":12.0,"enemies":"DF_ARCHETYPE_STREAMLINE","floor":16.0,"turns":9.0},{"damage":0.0,"enemies":"Spheric Guardian","floor":19.0,"turns":4.0},{"damage":0.0,"enemies":"downfall:FleeingMerchant","floor":21.0,"turns":4.0},{"damage":1.0,"enemies":"Snecko","floor":23.0,"turns":5.0},{"damage":12.0,"enemies":"Cultist and Chosen","floor":26.0,"turns":6.0},{"damage":35.0,"enemies":"Gremlin Leader","floor":27.0,"turns":8.0},{"damage":0.0,"enemies":"Snake Plant","floor":28.0,"turns":4.0},{"damage":21.0,"enemies":"Shelled Parasite and Fungi","floor":29.0,"turns":6.0},{"damage":30.0,"enemies":"Slavers","floor":31.0,"turns":6.0},{"damage":0,"enemies":"Cultist and Chosen","floor":32,"turns":4},{"damage":32,"enemies":"IC_MUSHROOM_ARCHETYPE","floor":33,"turns":8},{"damage":9,"enemies":"3 Darklings","floor":36,"turns":4},{"damage":0,"enemies":"3 Shapes","floor":37,"turns":3},{"damage":2,"enemies":"downfall:FleeingMerchant","floor":38,"turns":4},{"damage":13,"enemies":"downfall:FleeingMerchant","floor":39,"turns":5},{"damage":0,"enemies":"Reptomancer","floor":42,"turns":5},{"damage":15,"enemies":"Spire Growth","floor":43,"turns":5},{"damage":0,"enemies":"downfall:FleeingMerchant","floor":44,"turns":3},{"damage":27,"enemies":"Jaw Worm Horde","floor":45,"turns":6},{"damage":5,"enemies":"Nemesis","floor":46,"turns":5},{"damage":2,"enemies":"Maw","floor":49,"turns":6},{"damage":43,"enemies":"WA_ARCHETYPE_DIVINITY","floor":50,"turns":10},{"damage":175,"enemies":"downfall:CharBossMerchant","floor":52,"turns":9},{"damage":74,"enemies":"downfall:NeowBoss","floor":55,"turns":16},{"damage":41,"enemies":"downfall:NeowBossFinal","floor":56,"turns":14}],"seed_played":"-4654899338542632674","potions_obtained":[{"floor":5.0,"key":"LiquidMemories"},{"floor":9.0,"key":"Swift Potion"},{"floor":14.0,"key":"Guardian:BlockOnCardUsePotion"},{"floor":23.0,"key":"Strength Potion"},{"floor":26.0,"key":"SkillPotion"},{"floor":28.0,"key":"sneckomod:MuddlingPotion"},{"floor":31,"key":"champ:CounterPotion"},{"floor":42,"key":"SteroidPotion"},{"floor":46,"key":"Weak Potion"},{"floor":49,"key":"DuplicationPotion"},{"floor":52,"key":"SkillPotion"}],"is_trial":false,"path_per_floor":["R","M","M","M","M","M","T","R","?","$","M","R","M","E","M","B",null,"R","M","?","$","?","M","T","?","M","E","M","M","R","E","M","B",null,"R","M","M","$","?","R","T","E","M","$","M","E","R","T","M","B",null,"E","$","R","B","B",null],"character_chosen":"SLIMEBOUND","items_purchased":["hexamod:BolsterEngine","expansioncontent:StudyTheSpire","Guardian:BottledAnomaly","Slimebound:LeechEnergy","OrangePellets"],"campfire_rested":1,"item_purchase_floors":[21,44,44,44,53],"current_hp_per_floor":[65,65,65,65,57,61,61,61,15,25,27,27,28,32,16,12,73,73,73,73,73,61,66,66,66,77,50,54,79,89,89,89,65,89,89,89,89,91,96,96,96,109,94,100,88,113,113,113,113,93,113,5,5,39,48,73],"gold":27,"neow_bonus":"THREE_ENEMY_KILL","is_daily":false,"chose_seed":false,"campfire_upgraded":4,"win_rate":0.0,"timestamp":1612597081,"path_taken":["R","M","M","M","M","?","T","R","?","$","M","R","M","E","M","BOSS","R","M","?","$","?","M","T","?","M","E","M","M","R","E","M","BOSS","R","M","M","$","?","R","T","E","M","$","M","E","R","?","M","BOSS","E","$","R","BOSS","BOSS"],"items_purchased_type":["Relic","Card","Relic","Card","Relic"],"build_version":"2020-12-22","purchased_purges":3,"victory":true,"max_hp_per_floor":[65,65,65,65,65,65,65,65,65,67,69,69,71,71,73,73,73,73,73,73,73,73,75,75,75,77,77,79,79,89,89,89,89,89,89,89,89,91,107,107,107,109,109,109,111,113,113,113,113,113,113,115,115,115,115,115],"relic_stats":{"Peace Pipe":3,"OrangePellets":[6],"Singing Bowl":26,"Gremlin Horn":[14,14],"counters":[36,190],"Tiny Chest":0,"PreservedInsect":100,"Boot":[3],"obtain_stats":[{"hexamod:CandleOfCauterizing":42,"Singing Bowl":7,"downfall:HeartBlessingRed":8,"Gremlin Horn":34,"downfall:HeartsMalice":0,"downfall:HeartBlessingGreen":30,"Mango":39,"PreservedInsect":48,"Guardian:PocketSentry":9,"Boot":46,"Mercury Hourglass":14,"Slimebound:TarBlob":17,"Calling Bell":34,"Peace Pipe":34,"OrangePellets":53,"Anchor":34,"Bottled Flame":52,"downfall:HeartBlessingBlue":30,"Tiny Chest":27,"Slimebound:AbsorbEndCombat":0,"hexamod:BolsterEngine":21,"Toxic Egg 2":31,"Guardian:BottledAnomaly":44,"Toy Ornithopter":41},{"hexamod:CandleOfCauterizing":27,"Singing Bowl":5,"downfall:HeartBlessingRed":5,"Gremlin Horn":22,"downfall:HeartsMalice":0,"downfall:HeartBlessingGreen":19,"Mango":26,"PreservedInsect":31,"Guardian:PocketSentry":6,"Boot":31,"Mercury Hourglass":10,"Slimebound:TarBlob":12,"Calling Bell":22,"Peace Pipe":22,"OrangePellets":34,"Anchor":22,"Bottled Flame":34,"downfall:HeartBlessingBlue":19,"Tiny Chest":17,"Slimebound:AbsorbEndCombat":0,"hexamod:BolsterEngine":14,"Toxic Egg 2":20,"Guardian:BottledAnomaly":29,"Toy Ornithopter":26},{"hexamod:CandleOfCauterizing":118,"Singing Bowl":6,"downfall:HeartBlessingRed":6,"Gremlin Horn":97,"downfall:HeartsMalice":0,"downfall:HeartBlessingGreen":79,"Mango":113,"PreservedInsect":136,"Guardian:PocketSentry":11,"Boot":136,"Mercury Hourglass":29,"Slimebound:TarBlob":43,"Calling Bell":97,"Peace Pipe":97,"OrangePellets":161,"Anchor":97,"Bottled Flame":161,"downfall:HeartBlessingBlue":79,"Tiny Chest":69,"Slimebound:AbsorbEndCombat":0,"hexamod:BolsterEngine":50,"Toxic Egg 2":85,"Guardian:BottledAnomaly":126,"Toy Ornithopter":113}],"Toy Ornithopter":15,"Mercury Hourglass":[441]},"card_choices":[{"not_picked":["Slimebound:ComboTackle","Slimebound:GoopTackle"],"picked":"Slimebound:SplitAcid","floor":2.0},{"not_picked":["Slimebound:LivingWall","Slimebound:Repurpose"],"picked":"Slimebound:RainOfGoop","floor":3.0},{"not_picked":["Slimebound:ItLooksTasty","Slimebound:SplitSpecialist"],"picked":"Slimebound:Recollect","floor":4.0},{"not_picked":["Slimebound:Equalize","Slimebound:ComboTackle"],"picked":"Slimebound:AcidTongue","floor":5.0},{"not_picked":["Slimebound:CheckThePlaybook","Slimebound:ForwardTackle","Slimebound:SplitBruiser"],"picked":"SKIP","floor":6.0},{"not_picked":["Slimebound:SplitLeeching","Slimebound:SamplingLick"],"picked":"Slimebound:LivingWall","floor":9.0},{"not_picked":["Slimebound:GoopTackle","Slimebound:SplitLeeching","Slimebound:SamplingLick"],"picked":"Singing Bowl","floor":10.0},{"not_picked":["Slimebound:SlimeSpikes","Slimebound:Repurpose","Slimebound:ForwardTackle"],"picked":"Singing Bowl","floor":11.0},{"not_picked":["Slimebound:MassFeed","Slimebound:GoopTackle","Slimebound:LeadByExample"],"picked":"Singing Bowl","floor":13.0},{"not_picked":["Slimebound:LivingWall","Slimebound:PressTheAttack"],"picked":"Slimebound:Repurpose","floor":14.0},{"not_picked":["Slimebound:ProtectTheBoss","Slimebound:SlimeSpikes","Slimebound:LeechingTouch"],"picked":"Singing Bowl","floor":15.0},{"not_picked":["Slimebound:TagTeam","Slimebound:MassRepurpose"],"picked":"Slimebound:LeechLife","floor":16.0},{"not_picked":["Slimebound:SplitBruiser","Slimebound:TongueLash"],"picked":"Slimebound:LeechingTouch+1","floor":19.0},{"not_picked":["Slimebound:FinishingTackle","Slimebound:GoopTackle"],"picked":"Slimebound:LivingWall","floor":21.0},{"not_picked":["Slimebound:AcidTongue","Slimebound:Gluttony","Slimebound:BestDefense+1"],"picked":"Singing Bowl","floor":23.0},{"not_picked":["Slimebound:LeadByExample","Slimebound:HauntingLick","Slimebound:DivideAndConquer"],"picked":"Singing Bowl","floor":26.0},{"not_picked":["Slimebound:Prepare","Slimebound:Grow"],"picked":"Slimebound:RainOfGoop","floor":27.0},{"not_picked":["Slimebound:FlameTackle+1","Slimebound:Grow","Slimebound:LeadByExample+1"],"picked":"Singing Bowl","floor":28.0},{"not_picked":["Slimebound:Grow","Slimebound:ProtectTheBoss"],"picked":"Slimebound:LivingWall","floor":29.0},{"not_picked":["Slimebound:Dissolve+1","Slimebound:SlimeSpikes+1"],"picked":"Slimebound:DisruptingSlam","floor":31},{"not_picked":["Slimebound:LivingWall+1","Slimebound:AcidTongue"],"picked":"Slimebound:RainOfGoop+1","floor":32},{"not_picked":["Slimebound:SelfFormingGoo","Slimebound:OozeBath+1"],"picked":"Slimebound:OneTwoCombo","floor":33},{"not_picked":["Slimebound:Schlurp+1","Slimebound:Prepare+1"],"picked":"Slimebound:RainOfGoop+1","floor":36},{"not_picked":["Slimebound:RollThrough","Slimebound:Darklings+1"],"picked":"Slimebound:LivingWall+1","floor":37},{"not_picked":["Slimebound:SplitMire+1","Slimebound:PrepareCrush+1","Slimebound:LivingWall+1"],"picked":"Singing Bowl","floor":38},{"not_picked":["Slimebound:ProtectTheBoss","Slimebound:SamplingLick+1","Slimebound:SlimeSpikes+1"],"picked":"Singing Bowl","floor":39},{"not_picked":["Slimebound:DisruptingSlam+1","Slimebound:Replication+1","Slimebound:Dissolve+1"],"picked":"Singing Bowl","floor":42},{"not_picked":["Slimebound:LeechEnergy","Slimebound:LivingWall+1"],"picked":"Slimebound:Equalize","floor":43},{"not_picked":["Slimebound:ForwardTackle+1","Slimebound:LeadByExample"],"picked":"Slimebound:SpikyOuterGoop+1","floor":44},{"not_picked":["Slimebound:ItLooksTasty+1","Slimebound:AcidTongue+1","Slimebound:Prepare+1"],"picked":"Singing Bowl","floor":45},{"not_picked":["Slimebound:AcidTongue+1","Slimebound:LevelUp+1","Slimebound:Schlurp+1"],"picked":"Singing Bowl","floor":46},{"not_picked":["Slimebound:FinishingTackle","Slimebound:FlameTackle+1"],"picked":"Slimebound:GoopSpray+1","floor":49},{"not_picked":["Slimebound:ItLooksTasty","Slimebound:LeechingTouch","Slimebound:SelfFormingGoo"],"picked":"Singing Bowl","floor":52}],"player_experience":940097,"relics_obtained":[{"floor":7.0,"key":"Singing Bowl"},{"floor":9.0,"key":"Guardian:PocketSentry"},{"floor":14.0,"key":"Mercury Hourglass"},{"floor":27.0,"key":"Tiny Chest"},{"floor":31,"key":"Toxic Egg 2"},{"floor":34,"key":"Anchor"},{"floor":34,"key":"Gremlin Horn"},{"floor":34,"key":"Peace Pipe"},{"floor":39,"key":"Mango"},{"floor":41,"key":"Toy Ornithopter"},{"floor":42,"key":"hexamod:CandleOfCauterizing"},{"floor":46,"key":"Boot"},{"floor":48,"key":"PreservedInsect"},{"floor":52,"key":"Bottled Flame"}],"event_choices":[{"damage_healed":0.0,"max_hp_gain":0.0,"max_hp_loss":0.0,"gold_gain":0.0,"event_name":"Vampires","player_choice":"Ignored","floor":20.0,"gold_loss":0.0,"damage_taken":0.0}],"is_beta":false,"boss_relics":[{"not_picked":["Sozu","bronze:MakeshiftBattery"],"picked":"Slimebound:TarBlob"},{"not_picked":["Black Star","Velvet Choker"],"picked":"Calling Bell"}],"items_purged_floors":[10,38,44],"is_endless":false,"potions_floor_spawned":[5,9,14,15,23,26,28,31,33,36,39,42,46,49,52],"ascension_level":2}}