{"host":"f5gffvlv6a66yqkd","time":1612630137,"event":{"mods":["2.2 Compatiblity","BaseMod","Colored Map","Custom Start","DeckTracker","Keyboard Shortcuts","Minty Spire (QoL Compilation)","Permanent Neow","Quick Restart","Relic Stats","StSLib","SuperFastMode"],"gold_per_floor":[110,124,135,152,163,163,192,192,192,192,203,215,229,194,194,267,267,284,209,209,189,203,203,219,219,243,259,259,259,259,269,269,348,348,364,364,410,410,422,447,447,447,519,534,534,422,422,447,447,447,447,447,447,33,67,67,67],"floor_reached":56,"language":"KOR","playtime":1614,"items_purged":["Defend_B+1"],"score":1708,"play_id":"7cd791bc-41fa-4c13-bb73-f3f9eb507420","local_time":"20210207014857","is_ascension_mode":true,"campfire_choices":[{"floor":6.0,"key":"REST"},{"data":"Zap","floor":8.0,"key":"SMITH"},{"data":"Dualcast","floor":10.0,"key":"SMITH"},{"data":"Streamline","floor":15.0,"key":"SMITH"},{"data":"Biased Cognition","floor":23.0,"key":"SMITH"},{"data":"Seek","floor":25.0,"key":"SMITH"},{"floor":28.0,"key":"REST"},{"floor":32.0,"key":"REST"},{"data":"Capacitor","floor":41.0,"key":"SMITH"},{"floor":45.0,"key":"RECALL"},{"floor":47.0,"key":"REST"},{"data":"Defragment","floor":49.0,"key":"SMITH"},{"floor":53.0,"key":"DIG"}],"circlet_count":0,"master_deck":["AscendersBane","Defend_B+1","Defend_B+1","Defend_B+1","Zap+1","Dualcast+1","Streamline+1","Ball Lightning","Coolheaded","Rebound","FTL","Steam","Seek+1","Cold Snap","Biased Cognition+1","Capacitor+1","Core Surge","Seek+1","White Noise+1","Reboot","Barrage+1","Echo Form+1","Glacier","White Noise","Echo Form","Deep Breath","Force Field+1","Defragment+1","Master of Strategy","Coolheaded"],"relics":["Cracked Core","PreservedInsect","Anchor","Lantern","Nuclear Battery","Happy Flower","Astrolabe","Shovel","Pen Nib","Gambling Chip","Mercury Hourglass","Toy Ornithopter","Gremlin Horn"],"acts_visited":["Exordium","TheCity","TheBeyond","TheEnding"],"potions_floor_usage":[56],"damage_taken":[{"damage":15.0,"enemies":"Small Slimes","floor":1.0,"turns":3.0},{"damage":7.0,"enemies":"Jaw Worm","floor":2.0,"turns":2.0},{"damage":0.0,"enemies":"2 Louse","floor":3.0,"turns":3.0},{"damage":12.0,"enemies":"Looter","floor":4.0,"turns":3.0},{"damage":19.0,"enemies":"Lots of Slimes","floor":5.0,"turns":4.0},{"damage":10.0,"enemies":"3 Sentries","floor":7.0,"turns":5.0},{"damage":3.0,"enemies":"Blue Slaver","floor":11.0,"turns":2.0},{"damage":7.0,"enemies":"Exordium Wildlife","floor":12.0,"turns":4.0},{"damage":0.0,"enemies":"Looter","floor":13.0,"turns":2.0},{"damage":32.0,"enemies":"Slime Boss","floor":16.0,"turns":9.0},{"damage":11.0,"enemies":"Shell Parasite","floor":18.0,"turns":5.0},{"damage":0.0,"enemies":"Chosen","floor":22.0,"turns":4.0},{"damage":11.0,"enemies":"Centurion and Healer","floor":24.0,"turns":6.0},{"damage":17.0,"enemies":"Cultist and Chosen","floor":27.0,"turns":5.0},{"damage":0.0,"enemies":"Snecko","floor":30.0,"turns":2.0},{"damage":4.0,"enemies":"Chosen and Byrds","floor":31.0,"turns":4.0},{"damage":49.0,"enemies":"Champ","floor":33.0,"turns":10.0},{"damage":0.0,"enemies":"Orb Walker","floor":35.0,"turns":3.0},{"damage":16.0,"enemies":"2 Orb Walkers","floor":37.0,"turns":4.0},{"damage":0.0,"enemies":"3 Darklings","floor":39.0,"turns":9.0},{"damage":2.0,"enemies":"Giant Head","floor":40.0,"turns":6.0},{"damage":4.0,"enemies":"Sphere and 2 Shapes","floor":44.0,"turns":4.0},{"damage":25.0,"enemies":"Mind Bloom Boss Battle","floor":48.0,"turns":8.0},{"damage":14.0,"enemies":"Time Eater","floor":50.0,"turns":12.0},{"damage":12.0,"enemies":"Donu and Deca","floor":51.0,"turns":11.0},{"damage":10.0,"enemies":"Shield and Spear","floor":55.0,"turns":8.0},{"damage":60,"enemies":"The Heart","floor":56,"turns":5}],"seed_played":"4841694239354650536","potions_obtained":[{"floor":2.0,"key":"FocusPotion"},{"floor":11.0,"key":"Dexterity Potion"},{"floor":12.0,"key":"SpeedPotion"},{"floor":13.0,"key":"Fruit Juice"},{"floor":16.0,"key":"PotionOfCapacity"},{"floor":27.0,"key":"SmokeBomb"},{"floor":33.0,"key":"Fire Potion"},{"floor":44.0,"key":"Energy Potion"}],"is_trial":false,"path_per_floor":["M","M","M","M","M","R","E","R","T","R","M","M","M","?","R","B",null,"M","?","?","?","M","R","M","R","T","M","R","?","M","M","R","B",null,"M","?","?","?","M","E","R","?","T","M","R","$","R","?","R","B","B",null,"R","$","E","B"],"character_chosen":"DEFECT","items_purchased":["Defragment","Master of Strategy","Toy Ornithopter","Coolheaded"],"campfire_rested":4,"item_purchase_floors":[46,54,54,54],"current_hp_per_floor":[49,42,42,30,11,32,22,22,22,22,19,12,17,36,36,4,58,47,47,47,47,47,47,36,36,36,19,41,41,41,37,59,10,60,60,60,44,44,44,42,42,42,42,38,38,38,60,35,35,21,9,59,59,59,54,0,0],"gold":67,"neow_bonus":"RANDOM_COMMON_RELIC","is_daily":false,"chose_seed":false,"campfire_upgraded":7,"win_rate":0.0,"timestamp":1612630137,"path_taken":["M","M","M","M","M","R","E","R","T","R","M","M","M","?","R","BOSS","M","?","?","?","M","R","M","R","T","?","R","?","M","?","R","BOSS","M","?","?","?","M","E","R","?","T","?","R","$","R","?","R","BOSS","BOSS","R","$","E","BOSS"],"items_purchased_type":["Card","Card","Relic","Card"],"build_version":"2020-12-22","purchased_purges":1,"victory":false,"max_hp_per_floor":[71,71,71,71,71,71,71,71,71,71,71,71,76,76,76,76,76,76,76,76,76,76,76,76,76,76,76,76,76,76,76,76,76,76,76,76,76,76,76,76,76,76,76,76,76,76,76,76,76,76,76,76,76,76,76,76,76],"relic_stats":{"Shovel":1,"Happy Flower":[30],"Gremlin Horn":[0,0],"counters":[27,143],"Astrolabe":["Barrage","Rip and Tear","Echo Form"],"Gambling Chip":[16],"PreservedInsect":241,"Pen Nib":[7],"obtain_stats":[{"Lantern":9,"Happy Flower":26,"Gremlin Horn":55,"Astrolabe":34,"PreservedInsect":0,"Pen Nib":40,"Nuclear Battery":17,"Mercury Hourglass":53,"Anchor":7,"Shovel":37,"Gambling Chip":48,"Cracked Core":0,"Toy Ornithopter":54},{"Lantern":6,"Happy Flower":13,"Gremlin Horn":26,"Astrolabe":17,"PreservedInsect":0,"Pen Nib":21,"Nuclear Battery":10,"Mercury Hourglass":25,"Anchor":6,"Shovel":19,"Gambling Chip":23,"Cracked Core":0,"Toy Ornithopter":25},{"Lantern":20,"Happy Flower":52,"Gremlin Horn":138,"Astrolabe":73,"PreservedInsect":0,"Pen Nib":95,"Nuclear Battery":37,"Mercury Hourglass":130,"Anchor":20,"Shovel":80,"Gambling Chip":107,"Cracked Core":0,"Toy Ornithopter":130}],"Toy Ornithopter":10,"Mercury Hourglass":[33]},"card_choices":[{"not_picked":["Beam Cell","Steam"],"picked":"Streamline","floor":1.0},{"not_picked":["Rebound","Compile Driver"],"picked":"Ball Lightning","floor":2.0},{"not_picked":["Hologram","Sweeping Beam","Redo"],"picked":"SKIP","floor":3.0},{"not_picked":["Steam","Turbo"],"picked":"Coolheaded","floor":4.0},{"not_picked":["Steam","Static Discharge"],"picked":"Rebound","floor":5.0},{"not_picked":["Blizzard","Turbo"],"picked":"FTL","floor":7.0},{"not_picked":["Force Field","Double Energy"],"picked":"Steam","floor":11.0},{"not_picked":["Hologram","Lockon"],"picked":"Seek","floor":12.0},{"not_picked":["Gash","Beam Cell"],"picked":"Cold Snap","floor":13.0},{"not_picked":["All For One","Machine Learning"],"picked":"Biased Cognition","floor":16.0},{"not_picked":["Beam Cell","Barrage","Genetic Algorithm"],"picked":"SKIP","floor":18.0},{"not_picked":["Ball Lightning+1","Go for the Eyes","Melter"],"picked":"SKIP","floor":22.0},{"not_picked":["Redo","Melter"],"picked":"Capacitor","floor":24.0},{"not_picked":["Cold Snap","Ball Lightning"],"picked":"Core Surge","floor":27.0},{"not_picked":["Stack","Ball Lightning"],"picked":"White Noise+1","floor":31.0},{"not_picked":["Meteor Strike","Amplify"],"picked":"Reboot","floor":33.0},{"not_picked":["Gash+1","Rebound+1"],"picked":"Glacier","floor":35.0},{"not_picked":["Sweeping Beam","Ball Lightning"],"picked":"White Noise","floor":37.0},{"not_picked":["Sweeping Beam+1","Rebound","Redo"],"picked":"SKIP","floor":39.0},{"not_picked":["Electrodynamics","Streamline"],"picked":"Echo Form","floor":40.0},{"not_picked":["Impatience","Flash of Steel"],"picked":"Deep Breath","floor":42.0},{"not_picked":["Heatsinks","Scrape"],"picked":"Force Field+1","floor":44.0},{"not_picked":["Tempest","Coolheaded","Sweeping Beam"],"picked":"SKIP","floor":55.0}],"player_experience":1684605,"relics_obtained":[{"floor":7.0,"key":"Anchor"},{"floor":9.0,"key":"Lantern"},{"floor":26.0,"key":"Happy Flower"},{"floor":37.0,"key":"Shovel"},{"floor":40.0,"key":"Pen Nib"},{"floor":48.0,"key":"Gambling Chip"},{"floor":53.0,"key":"Mercury Hourglass"},{"floor":55.0,"key":"Gremlin Horn"}],"event_choices":[{"damage_healed":19.0,"max_hp_gain":0.0,"max_hp_loss":0.0,"gold_gain":0.0,"event_name":"The Cleric","player_choice":"Healed","floor":14.0,"gold_loss":35.0,"damage_taken":0.0},{"cards_removed":["Strike_B"],"damage_healed":0.0,"max_hp_gain":0.0,"max_hp_loss":0.0,"gold_gain":0.0,"event_name":"Beggar","player_choice":"Gave Gold","floor":19.0,"gold_loss":75.0,"damage_taken":0.0},{"damage_healed":0.0,"max_hp_gain":0.0,"max_hp_loss":0.0,"gold_gain":0.0,"event_name":"Back to Basics","player_choice":"Simplicity","floor":20.0,"gold_loss":0.0,"damage_taken":0.0,"cards_upgraded":["Strike_B","Strike_B","Strike_B","Defend_B","Defend_B","Defend_B","Defend_B"]},{"damage_healed":0.0,"max_hp_gain":0.0,"max_hp_loss":0.0,"gold_gain":0.0,"event_name":"The Woman in Blue","player_choice":"Bought 1 Potion","floor":21.0,"gold_loss":0.0,"damage_taken":0.0},{"damage_healed":0.0,"max_hp_gain":0.0,"max_hp_loss":0.0,"gold_gain":0.0,"event_name":"Duplicator","player_choice":"Copied","floor":29.0,"gold_loss":0.0,"damage_taken":0.0,"cards_obtained":["Seek"]},{"damage_healed":0.0,"max_hp_gain":0.0,"max_hp_loss":0.0,"gold_gain":0.0,"event_name":"Tomb of Lord Red Mask","player_choice":"Ignored","floor":36.0,"gold_loss":0.0,"damage_taken":0.0},{"damage_healed":0.0,"max_hp_gain":0.0,"max_hp_loss":0.0,"gold_gain":0.0,"event_name":"Mysterious Sphere","player_choice":"Fight","floor":37.0,"gold_loss":0.0,"damage_taken":0.0},{"cards_removed":["Rip and Tear"],"damage_healed":0.0,"max_hp_gain":0.0,"max_hp_loss":0.0,"gold_gain":0.0,"event_name":"Falling","player_choice":"Removed Attack","floor":38.0,"gold_loss":0.0,"damage_taken":0.0},{"damage_healed":0.0,"max_hp_gain":0.0,"max_hp_loss":0.0,"gold_gain":0.0,"event_name":"SensoryStone","player_choice":"Memory 1","floor":42.0,"gold_loss":0.0,"damage_taken":0.0},{"damage_healed":0.0,"max_hp_gain":0.0,"max_hp_loss":0.0,"gold_gain":0.0,"event_name":"MindBloom","player_choice":"Fight","floor":48.0,"gold_loss":0.0,"damage_taken":0.0}],"is_beta":false,"boss_relics":[{"not_picked":["SacredBark","Black Star"],"picked":"Nuclear Battery"},{"not_picked":["SlaversCollar","Runic Dome"],"picked":"Astrolabe"}],"items_purged_floors":[46],"is_endless":false,"potions_floor_spawned":[2,11,12,13,16,27,30,33,39,44],"killed_by":"The Heart","ascension_level":20}}