{"host":"sbes2ysx244eovb1","time":1612612001,"event":{"mods":["AchievementEnabler","Act Like it!","Aspiration","BaseMod","BetterRewards","Colored Map","Colored Powertips","Downfall","Hubris","KomeijiMod","Minty Spire (QoL Compilation)","Quick Restart","Replay The Spire","StSLib","SuperFastMode"],"gold_per_floor":[99,113,127,144,221,1221,1248,1248,1263,1294,1312,1312,1312,846,858,956,956,856,875,890,910,910,910,910,722,736,764,764,764,764,764],"floor_reached":29,"language":"ENG","playtime":1774,"items_purged":["Normality"],"score":295,"play_id":"25bc0eed-7b36-46c3-92ea-3c5339ab7b48","local_time":"20210206184641","is_ascension_mode":false,"campfire_choices":[{"data":"champ:Execute","floor":6.0,"key":"SMITH"},{"data":"champ:Taunt","floor":8.0,"key":"SMITH"},{"floor":28,"key":"REST"}],"circlet_count":0,"master_deck":["champ:Strike","champ:Strike","champ:Strike","champ:Defend+1","champ:Defend","champ:Defend","champ:Defend","champ:Execute+1","champ:Taunt+1","champ:Duel+1","champ:IronFortress+1","champ:GutPunch+1","champ:EnragedBash+1","champ:CheapShot+1","champ:FanOfKnives+1","champ:SwordThrow+1","champ:BerserkersShout+1","champ:Haymaker+1","champ:IronFortress+1","champ:EnragedBash+1","champ:StrikeOfGenius+1","champ:GladiatorStyle+1","champ:FocusedBerserking+1","champ:EndlessRage+1","champ:FaceSlap+1","champ:GladiatorStyle+1","champ:RapidStrikes+1","champ:RapidStrikes+1"],"relics":["champ:ChampionCrown","Mummified Hand","Toxic Egg 2","Frozen Egg 2","Molten Egg 2","Juzu Bracelet","aspiration:ChemicalBlood","Orichalcum","Centennial Puzzle","Ring of Fury","Ring of Panic","ReplayFunnel","Gremlin Food","Fusion Hammer","downfall:HeartBlessingGreen","hubris:BottledHeart","Quantum Egg","hexamod:BolsterEngine","Oddly Smooth Stone","BargainBundle","Kunai"],"acts_visited":["Exordium","TheCity"],"potions_floor_usage":[15,16,16],"damage_taken":[{"damage":10.0,"enemies":"2 Louse","floor":2.0,"turns":2.0},{"damage":28.0,"enemies":"Small Slimes","floor":3.0,"turns":3.0},{"damage":14.0,"enemies":"Cultist","floor":4.0,"turns":4.0},{"damage":10,"enemies":"Large Slime","floor":9,"turns":3},{"damage":25,"enemies":"Gremlin Nob","floor":10,"turns":4},{"damage":5,"enemies":"3 Louse","floor":11,"turns":2},{"damage":67,"enemies":"downfall:FleeingMerchant","floor":14,"turns":5},{"damage":20,"enemies":"Large Slime","floor":15,"turns":2},{"damage":35,"enemies":"WA_ARCHETYPE_RETAIN","floor":16,"turns":2},{"damage":20,"enemies":"3 Byrds","floor":19,"turns":3},{"damage":14,"enemies":"Shell Parasite","floor":20,"turns":2},{"damage":33,"enemies":"Snake Plant","floor":21,"turns":2},{"damage":0,"enemies":"downfall:FleeingMerchant","floor":25,"turns":3},{"damage":0,"enemies":"Centurion and Healer","floor":26,"turns":5},{"damage":0,"enemies":"Gremlin Leader","floor":27,"turns":5}],"seed_played":"2392498280977342812","potions_obtained":[{"floor":3.0,"key":"CalmPotion"},{"floor":15,"key":"Strength Potion"},{"floor":18,"key":"DuplicationPotion"}],"is_trial":false,"path_per_floor":["R_BF","M","M","M","?","R","T","R","M","E","M","?","?","$","M","B",null,"R_BF","M","M","M","?","?","T","$","M","E","R","?"],"character_chosen":"THE_CHAMP","items_purchased":["champ:IronFortress+1","ReplayFunnel","Gremlin Food","hexamod:BolsterEngine","Oddly Smooth Stone","BargainBundle","champ:GladiatorStyle+1"],"campfire_rested":1,"item_purchase_floors":[14,14,14,25,25,25,25],"current_hp_per_floor":[99,99,91,87,63,63,63,63,99,94,94,94,94,92,92,87,99,99,99,95,99,1,1,1,1,1,1,1,0,0,0],"gold":764,"neow_bonus":"TEN_PERCENT_HP_BONUS","is_daily":false,"chose_seed":false,"campfire_upgraded":2,"win_rate":0.0,"timestamp":1612612001,"path_taken":["R_BF","M","M","M","?","R","T","R","M","E","M","?","?","$","M","BOSS","R_BF","M","M","M","?","?","T","$","M","E","R","?"],"items_purchased_type":["Card","Relic","Relic","Relic","Relic","Relic","Card"],"build_version":"2020-12-22","purchased_purges":1,"victory":false,"max_hp_per_floor":[99,99,99,99,99,99,99,99,99,99,99,99,99,99,99,99,99,99,99,99,99,1,1,1,1,1,1,1,1,1,1],"card_choices":[{"not_picked":["champ:FalseCounter+1","champ:CalledShot+1"],"picked":"champ:Duel+1","floor":2.0},{"not_picked":["champ:FocusedDefense+1","champ:GutPunch+1"],"picked":"champ:IronFortress+1","floor":3.0},{"not_picked":["champ:Shatter+1","champ:BerserkersShout+1"],"picked":"champ:GutPunch+1","floor":4.0},{"not_picked":["champ:FanOfKnives+1","champ:PerfectedStrike+1"],"picked":"champ:EnragedBash+1","floor":5.0},{"not_picked":["champ:FanOfKnives+1","champ:RisingSlash+1"],"picked":"champ:CheapShot+1","floor":5.0},{"not_picked":["champ:Circumvent+1","champ:Backstep+1"],"picked":"champ:FanOfKnives+1","floor":9},{"not_picked":["champ:SetATrap+1","champ:Backstep+1"],"picked":"champ:SwordThrow+1","floor":10},{"not_picked":["champ:SkillfulDodge+1","champ:DefensiveShout+1"],"picked":"champ:BerserkersShout+1","floor":11},{"not_picked":["champ:GutPunch+1","champ:BerserkersShout+1"],"picked":"champ:Haymaker+1","floor":14},{"not_picked":["champ:FaceSlap+1","champ:PerfectedStrike+1"],"picked":"champ:EnragedBash+1","floor":15},{"not_picked":["champ:LastStand+1","champ:UltimateStance+1"],"picked":"champ:StrikeOfGenius+1","floor":16},{"not_picked":["champ:Backstep+1","champ:Endure+1"],"picked":"champ:GladiatorStyle+1","floor":19},{"not_picked":["champ:TornadoPunch+1","champ:Haymaker+1"],"picked":"champ:FocusedBerserking+1","floor":20},{"not_picked":["champ:SkillfulDodge+1","champ:ShieldSlam+1"],"picked":"champ:EndlessRage+1","floor":21},{"not_picked":["champ:SetATrap+1","champ:PreciseThrust+1"],"picked":"champ:FaceSlap+1","floor":25},{"not_picked":["champ:CrownThrow+1","champ:FocusedBerserking+1"],"picked":"champ:RapidStrikes+1","floor":26},{"not_picked":["champ:Backstep+1","champ:Haymaker+1"],"picked":"champ:RapidStrikes+1","floor":27}],"player_experience":267286,"relics_obtained":[{"floor":5.0,"key":"aspiration:ChemicalBlood"},{"floor":7.0,"key":"Orichalcum"},{"floor":10,"key":"Centennial Puzzle"},{"floor":13,"key":"Ring of Fury"},{"floor":13,"key":"Ring of Panic"},{"floor":24,"key":"Quantum Egg"},{"floor":27,"key":"Kunai"}],"event_choices":[{"damage_healed":0,"gold_gain":0,"player_choice":"Ignored","damage_taken":0,"max_hp_gain":0,"max_hp_loss":0,"event_name":"Ghosts","floor":23,"gold_loss":0}],"is_beta":false,"boss_relics":[{"not_picked":["ReplayTheSpireMod:DimensionalGlitch","Velvet Choker"],"picked":"Fusion Hammer"}],"items_purged_floors":[14],"is_endless":false,"potions_floor_spawned":[3,4,15,19,26,27],"ascension_level":0}}