{"host":"9nzcajyrup44vdvf","time":1612609613,"event":{"mods":["2.2 Compatiblity","AchievementEnabler","AlwaysNeverKeys","BaseMod","Curses Come First","Downfall","Googly Eyes","Minty Spire (QoL Compilation)","Permanent Neow","Relic Stats","StSLib","SuperFastMode","everything is the same but u backflip on backflip","slay the spire mod where everything is the same but ironclad has a cowboy hat"],"gold_per_floor":[99,99,126,226,138,157,204,104,121,141,141,152,152,166,178,275,275,275,293,393,410,410,610,610,621,122,122,137,154,154,179,191,293,293,293,307,327,377,377,406,406,306,463,463,478,493,493,122,141,141],"floor_reached":51,"language":"ENG","playtime":3701,"items_purged":["bronze:ThunderWave","bronze:DarkDash"],"score":714,"play_id":"2fe0e6e1-2f7f-4adc-8ec8-b5acfa73d78d","local_time":"20210206120653","is_ascension_mode":false,"campfire_choices":[{"floor":1,"key":"RECALL"},{"data":"bronze:BronzeOrb","floor":8,"key":"SMITH"},{"data":"bronze:BitShift","floor":11,"key":"SMITH"},{"data":"bronze:Backtrace","floor":13,"key":"SMITH"},{"data":"bronze:Deprecate","floor":18,"key":"SMITH"},{"data":"bronze:FineTuning","floor":27,"key":"SMITH"},{"data":"bronze:NullPointer","floor":30,"key":"SMITH"},{"data":"bronze:FindAndReplace","floor":35,"key":"SMITH"},{"data":"bronze:CleanCode","floor":42,"key":"SMITH"},{"data":"bronze:Branch","floor":44,"key":"SMITH"}],"circlet_count":0,"master_deck":["bronze:Replicate+1","bronze:Goto","bronze:CloningBeam","bronze:BronzeOrb+1","bronze:ChosenStrike","bronze:BitShift+1","bronze:Backtrace+1","bronze:WhirlingStrike","bronze:Deprecate+1","bronze:Format","bronze:WhirlingStrike+1","bronze:CleanCode","bronze:Repair","bronze:WildBeam","bronze:ChosenStrike","bronze:CleanCode+1","bronze:DelayedSlice","bronze:FineTuning+1","bronze:Safeguard","bronze:WildBeam+1","bronze:Optimize","bronze:BronzeOrb+1","bronze:Backtrace+1","bronze:FollowUp","bronze:FindAndReplace+1","bronze:BronzeOrb","bronze:Backtrace","bronze:Branch+1","bronze:Return","bronze:DelayedGuard+1","Violence"],"relics":["bronze:PlatinumCore","Strawberry","Centennial Puzzle","downfall:HeartBlessingRed","Pandora\u0027s Box","Calipers","bronze:CableSpool","InkBottle","HornCleat","Chemical X","Bag of Marbles","StoneCalendar","Gambling Chip","Sundial","downfall:HeartBlessingGreen","Membership Card","Omamori"],"acts_visited":["Exordium","TheCity","TheBeyond"],"potions_floor_usage":[],"damage_taken":[{"damage":5,"enemies":"downfall:FleeingMerchant","floor":5,"turns":4},{"damage":5,"enemies":"Jaw Worm","floor":6,"turns":3},{"damage":0,"enemies":"Small Slimes","floor":9,"turns":2},{"damage":0,"enemies":"2 Louse","floor":10,"turns":2},{"damage":0,"enemies":"Blue Slaver","floor":12,"turns":1},{"damage":0,"enemies":"Gremlin Gang","floor":14,"turns":3},{"damage":0,"enemies":"Exordium Thugs","floor":15,"turns":3},{"damage":14,"enemies":"SI_SHIV_ARCHETYPE","floor":16,"turns":7},{"damage":6,"enemies":"Spheric Guardian","floor":19,"turns":3},{"damage":26,"enemies":"WA_ARCHETYPE_RETAIN","floor":20,"turns":5},{"damage":0,"enemies":"3 Byrds","floor":21,"turns":3},{"damage":6,"enemies":"Centurion and Healer","floor":25,"turns":3},{"damage":2,"enemies":"downfall:FleeingMerchant","floor":26,"turns":4},{"damage":0,"enemies":"Snecko","floor":28,"turns":2},{"damage":21,"enemies":"Shelled Parasite and Fungi","floor":29,"turns":5},{"damage":15,"enemies":"Gremlin Leader","floor":31,"turns":6},{"damage":0,"enemies":"3 Cultists","floor":32,"turns":3},{"damage":37,"enemies":"DF_ARCHETYPE_CLAW","floor":33,"turns":8},{"damage":0,"enemies":"Orb Walker","floor":36,"turns":1},{"damage":0,"enemies":"3 Shapes","floor":37,"turns":1},{"damage":0,"enemies":"3 Shapes","floor":38,"turns":4},{"damage":0,"enemies":"Nemesis","floor":40,"turns":5},{"damage":0,"enemies":"downfall:FleeingMerchant","floor":43,"turns":2},{"damage":41,"enemies":"Transient","floor":45,"turns":5},{"damage":0,"enemies":"3 Darklings","floor":46,"turns":1},{"damage":0,"enemies":"Maw","floor":49,"turns":5},{"damage":4,"enemies":"IC_BLOCK_ARCHETYPE","floor":50,"turns":7}],"seed_played":"-4762196748645645468","potions_obtained":[{"floor":12,"key":"CultistPotion"},{"floor":15,"key":"SpeedPotion"},{"floor":16,"key":"Dexterity Potion"},{"floor":28,"key":"SkillPotion"},{"floor":32,"key":"LiquidMemories"}],"is_trial":false,"path_per_floor":["R","?","T","?","$","M","T","R","M","M","R","M","R","M","M","B",null,"R","M","?","M","?","?","T","M","$","R","M","M","R","E","M","B",null,"R","M","M","?","?","E","T","R","$","R","M","M","?","?","M","B",null],"character_chosen":"THE_AUTOMATON","items_purchased":["bronze:BronzeOrb","bronze:Optimize","HornCleat","Chemical X","bronze:FreeFunctionsPotion","bronze:Branch","Membership Card","Violence","Omamori"],"campfire_rested":0,"item_purchase_floors":[5,26,26,26,43,43,48,48,48],"current_hp_per_floor":[70,70,77,77,72,67,67,67,67,67,67,67,67,67,67,53,77,77,71,59,66,66,66,66,67,72,72,72,56,56,49,59,29,77,77,77,77,77,69,76,76,76,76,76,35,35,35,35,42,38],"gold":141,"neow_bonus":"UPGRADE_CARD","is_daily":false,"chose_seed":false,"campfire_upgraded":9,"win_rate":0.0,"timestamp":1612609613,"path_taken":["R","?","?","?","?","M","T","R","M","?","R","M","R","?","M","BOSS","R","M","?","M","?","?","T","M","$","R","?","M","R","E","M","BOSS","R","M","M","?","?","E","T","R","$","R","?","M","?","?","M","BOSS"],"items_purchased_type":["Card","Card","Relic","Relic","Potion","Card","Relic","Card","Relic"],"build_version":"2020-12-22","purchased_purges":2,"victory":true,"max_hp_per_floor":[70,70,77,77,77,77,77,77,77,77,77,77,77,77,77,77,77,77,77,77,77,77,77,77,77,77,77,77,77,77,77,77,77,77,77,77,77,77,77,77,77,77,77,77,77,77,77,77,77,77],"relic_stats":{"Centennial Puzzle":[30],"counters":[27,98],"Sundial":[4],"Gambling Chip":[0],"Pandora\u0027s Box":["bronze:WhirlingStrike","bronze:DarkDash","bronze:CleanCode","bronze:Repair","bronze:WildBeam","bronze:ChosenStrike","bronze:CleanCode"],"StoneCalendar":[88],"Chemical X":[11],"obtain_stats":[{"bronze:PlatinumCore":34,"bronze:BronzeCore":0,"Calipers":20,"downfall:HeartBlessingRed":8,"StoneCalendar":38,"downfall:HeartBlessingGreen":42,"Omamori":48,"bronze:CableSpool":20,"Centennial Puzzle":7,"HornCleat":26,"Sundial":41,"Strawberry":3,"Gambling Chip":40,"Pandora\u0027s Box":17,"Bag of Marbles":31,"Chemical X":26,"Membership Card":48,"InkBottle":24},{"bronze:PlatinumCore":18,"bronze:BronzeCore":0,"Calipers":10,"downfall:HeartBlessingRed":2,"StoneCalendar":21,"downfall:HeartBlessingGreen":22,"Omamori":25,"bronze:CableSpool":10,"Centennial Puzzle":2,"HornCleat":13,"Sundial":22,"Strawberry":0,"Gambling Chip":22,"Pandora\u0027s Box":8,"Bag of Marbles":16,"Chemical X":13,"Membership Card":25,"InkBottle":11},{"bronze:PlatinumCore":67,"bronze:BronzeCore":0,"Calipers":33,"downfall:HeartBlessingRed":7,"StoneCalendar":73,"downfall:HeartBlessingGreen":78,"Omamori":86,"bronze:CableSpool":33,"Centennial Puzzle":7,"HornCleat":43,"Sundial":78,"Strawberry":0,"Gambling Chip":78,"Pandora\u0027s Box":25,"Bag of Marbles":56,"Chemical X":43,"Membership Card":86,"InkBottle":36}],"InkBottle":[29]},"card_choices":[{"not_picked":["bronze:Branch","bronze:OilSpill"],"picked":"bronze:CloningBeam","floor":5},{"not_picked":["bronze:Frontload","bronze:ForLoop"],"picked":"bronze:ChosenStrike","floor":6},{"not_picked":["bronze:BugBarrage","bronze:WildBeam"],"picked":"bronze:BitShift","floor":9},{"not_picked":["bronze:BronzeArmor","bronze:FineTuning"],"picked":"bronze:Backtrace","floor":10},{"not_picked":["bronze:DelayedGuard","bronze:Safeguard"],"picked":"bronze:WhirlingStrike","floor":12},{"not_picked":["bronze:Shield","bronze:Philosophize"],"picked":"bronze:Deprecate","floor":14},{"not_picked":["bronze:Repulsor","bronze:FineTuning"],"picked":"bronze:Format","floor":15},{"not_picked":["bronze:Break","bronze:BurnOut"],"picked":"bronze:ThunderWave","floor":16},{"not_picked":["bronze:ForceShield+1","bronze:DigitalCarnage+1"],"picked":"bronze:DelayedSlice","floor":19},{"not_picked":["bronze:BugBarrage","bronze:WildBeam"],"picked":"bronze:FineTuning","floor":20},{"not_picked":["bronze:Shield","bronze:Allocate"],"picked":"bronze:Safeguard","floor":21},{"not_picked":["bronze:DelayedGuard","bronze:CutThrough"],"picked":"bronze:WildBeam+1","floor":25},{"not_picked":["bronze:Assembly","bronze:WildBeam+1"],"picked":"bronze:Overheat","floor":26},{"not_picked":["bronze:Philosophize+1","bronze:NullPointer"],"picked":"bronze:BronzeOrb+1","floor":28},{"not_picked":["bronze:BuggyMess","bronze:Iterate"],"picked":"bronze:NullPointer","floor":29},{"not_picked":["bronze:Overheat","bronze:BitShift+1"],"picked":"bronze:Backtrace+1","floor":31},{"not_picked":["bronze:Philosophize+1","bronze:BugBarrage"],"picked":"bronze:FollowUp","floor":32},{"not_picked":["bronze:ThunderWave","bronze:AlphaBuild"],"picked":"bronze:FindAndReplace","floor":33},{"not_picked":["bronze:Deprecate+1","bronze:Philosophize+1"],"picked":"bronze:BronzeOrb","floor":36},{"not_picked":["bronze:Deprecate","bronze:BitShift+1","bronze:CutThrough"],"picked":"SKIP","floor":37},{"not_picked":["bronze:Boost+1","bronze:Overheat"],"picked":"bronze:Backtrace","floor":40},{"not_picked":["bronze:FollowUp+1","bronze:CutThrough","bronze:Shield"],"picked":"SKIP","floor":43},{"not_picked":["bronze:WildBeam+1","bronze:BuggyMess+1"],"picked":"bronze:Return","floor":45},{"not_picked":["bronze:Shield","bronze:CutThrough+1"],"picked":"bronze:DelayedGuard+1","floor":46},{"not_picked":["bronze:Repulsor","bronze:CutThrough+1","bronze:CleanCode"],"picked":"SKIP","floor":49}],"player_experience":453909,"relics_obtained":[{"floor":3,"key":"Strawberry"},{"floor":7,"key":"Centennial Puzzle"},{"floor":20,"key":"Calipers"},{"floor":20,"key":"bronze:CableSpool"},{"floor":24,"key":"InkBottle"},{"floor":31,"key":"Bag of Marbles"},{"floor":38,"key":"StoneCalendar"},{"floor":40,"key":"Gambling Chip"},{"floor":41,"key":"Sundial"}],"event_choices":[{"damage_healed":0,"gold_gain":0,"player_choice":"Ignored","damage_taken":0,"max_hp_gain":0,"max_hp_loss":0,"event_name":"Vampires","floor":22,"gold_loss":0},{"cards_removed":["bronze:NullPointer"],"damage_healed":0,"gold_gain":0,"player_choice":"Removed Attack","damage_taken":0,"max_hp_gain":0,"max_hp_loss":0,"event_name":"Falling","floor":47,"gold_loss":0}],"is_beta":false,"boss_relics":[{"not_picked":["Runic Dome","bronze:MakeshiftBattery"],"picked":"Pandora\u0027s Box"},{"not_picked":["Snecko Eye","Tiny House"],"picked":"bronze:PlatinumCore"}],"items_purged_floors":[43,48],"is_endless":false,"potions_floor_spawned":[12,15,16,28,29,31,32,36,40,46],"ascension_level":0}}