{"host":"rtw1tnr74gozsrw1","time":1612572222,"event":{"mods":["BaseMod","Colored Map","Colored Powertips","Highlight Path","Minty Spire (QoL Compilation)","StSLib","The Jungle"],"gold_per_floor":[116,216,235,249,96,130,130,149,149,149,149,178,4,4,4,106,106,106,106],"floor_reached":18,"language":"ENG","playtime":467,"items_purged":["Strike_B","Strike_B"],"score":202,"play_id":"d6f91c5a-9316-405b-8ece-71b17499fbb1","local_time":"20210206014342","is_ascension_mode":true,"campfire_choices":[{"data":"Defragment","floor":7,"key":"SMITH"},{"data":"Capacitor","floor":11,"key":"SMITH"},{"data":"Rainbow","floor":15,"key":"SMITH"}],"circlet_count":0,"master_deck":["Strike_B","Strike_B","Defend_B","Defend_B","Defend_B","Defend_B","Zap","Dualcast","Defragment+1","Conserve Battery","Rainbow+1","Capacitor+1","Consume","Darkness","Machine Learning"],"relics":["Cracked Core","NeowsBlessing","Bronze Scales","PreservedInsect","Gremlin Horn","Black Star"],"acts_visited":["Exordium","TheCity"],"potions_floor_usage":[6,16],"damage_taken":[{"damage":0,"enemies":"2 Louse","floor":1,"turns":1},{"damage":0,"enemies":"Cultist","floor":3,"turns":1},{"damage":0,"enemies":"Small Slimes","floor":4,"turns":1},{"damage":28,"enemies":"Gremlin Nob","floor":6,"turns":5},{"damage":7,"enemies":"Red Slaver","floor":8,"turns":3},{"damage":25,"enemies":"3 Sentries","floor":12,"turns":6},{"damage":33,"enemies":"Hexaghost","floor":16,"turns":9},{"damage":0,"enemies":"Shell Parasite","floor":18,"turns":1}],"seed_played":"-9213439230824582834","potions_obtained":[{"floor":3,"key":"Fire Potion"},{"floor":6,"key":"PowerPotion"},{"floor":12,"key":"FearPotion"}],"is_trial":false,"path_per_floor":["M","?","M","M","$","E","R","M","T","?","R","E","$","?","R","B",null,"M"],"character_chosen":"DEFECT","items_purchased":["Rainbow","Darkness"],"campfire_rested":0,"item_purchase_floors":[5,13],"current_hp_per_floor":[75,75,75,75,75,47,47,40,40,40,40,15,15,75,75,42,75,75,75],"gold":106,"neow_bonus":"THREE_ENEMY_KILL","is_daily":false,"chose_seed":false,"campfire_upgraded":3,"win_rate":0.0,"timestamp":1612572222,"path_taken":["M","?","?","M","$","E","R","M","T","?","R","E","$","?","R","BOSS","M"],"items_purchased_type":["Card","Card"],"build_version":"2020-12-22","purchased_purges":2,"victory":false,"max_hp_per_floor":[75,75,75,75,75,75,75,75,75,75,75,75,75,75,75,75,75,75,75],"card_choices":[{"not_picked":["Streamline","Cold Snap"],"picked":"Defragment","floor":1},{"not_picked":["Go for the Eyes","Compile Driver"],"picked":"Conserve Battery","floor":3},{"not_picked":["Coolheaded","Steam","Aggregate"],"picked":"SKIP","floor":4},{"not_picked":["Storm","Genetic Algorithm"],"picked":"Capacitor","floor":6},{"not_picked":["Darkness","Steam Power"],"picked":"Consume","floor":8},{"not_picked":["Biased Cognition","Consume","Streamline"],"picked":"SKIP","floor":12},{"not_picked":["Reboot","Seek"],"picked":"Machine Learning","floor":16}],"player_experience":113993,"relics_obtained":[{"floor":6,"key":"Bronze Scales"},{"floor":9,"key":"PreservedInsect"},{"floor":12,"key":"Gremlin Horn"}],"event_choices":[{"damage_healed":0,"gold_gain":100,"player_choice":"Pray","damage_taken":0,"max_hp_gain":0,"max_hp_loss":0,"event_name":"Golden Shrine","floor":2,"gold_loss":0},{"damage_healed":0,"gold_gain":0,"player_choice":"Fled","damage_taken":0,"max_hp_gain":0,"max_hp_loss":0,"event_name":"Scrap Ooze","floor":10,"gold_loss":0},{"damage_healed":60,"gold_gain":0,"player_choice":"Full Heal","damage_taken":0,"max_hp_gain":0,"max_hp_loss":0,"event_name":"Wheel of Change","floor":14,"gold_loss":0}],"is_beta":false,"boss_relics":[{"not_picked":["FrozenCore","Coffee Dripper"],"picked":"Black Star"}],"items_purged_floors":[5,13],"is_endless":false,"potions_floor_spawned":[3,6,12],"killed_by":"Shell Parasite","ascension_level":4}}