{"host":"6q94iy5iz6612v89","time":1612582455,"event":{"mods":["2.2 Compatiblity","AchievementEnabler","BaseMod","Colored Map","DeckTracker","Keyboard Shortcuts","Minty Spire (QoL Compilation)","Permanent Neow","StSLib","SuperFastMode"],"gold_per_floor":[116,133,148,73,92,125,140,158,183,209,227,241,261,261,261],"floor_reached":14,"language":"KOR","playtime":420,"items_purged":["Strike_R"],"score":216,"play_id":"7e315bdb-d798-4980-b176-6549ef0b2746","local_time":"20210206123415","is_ascension_mode":true,"campfire_choices":[],"circlet_count":0,"master_deck":["AscendersBane","Strike_R","Strike_R","Strike_R","Strike_R","Defend_R","Defend_R","Defend_R","Defend_R","Bash+1","Shrug It Off","Flame Barrier","Disarm","Body Slam","Iron Wave","Rampage","Shrug It Off","Barricade"],"relics":["Burning Blood","Ginger"],"acts_visited":["Exordium"],"potions_floor_usage":[6,6,8,12],"damage_taken":[{"damage":12.0,"enemies":"Cultist","floor":1.0,"turns":4.0},{"damage":8,"enemies":"2 Louse","floor":2,"turns":2},{"damage":0,"enemies":"Small Slimes","floor":3,"turns":4},{"damage":8,"enemies":"3 Louse","floor":5,"turns":4},{"damage":32,"enemies":"3 Sentries","floor":6,"turns":11},{"damage":11,"enemies":"Looter","floor":7,"turns":3},{"damage":6,"enemies":"Large Slime","floor":8,"turns":8},{"damage":22,"enemies":"Lagavulin","floor":10,"turns":9},{"damage":12,"enemies":"Red Slaver","floor":11,"turns":5},{"damage":4,"enemies":"Exordium Wildlife","floor":12,"turns":4},{"damage":10,"enemies":"Gremlin Gang","floor":13,"turns":6},{"damage":32,"enemies":"Gremlin Nob","floor":14,"turns":3}],"seed_played":"-3378866014411130241","potions_obtained":[{"floor":2,"key":"Strength Potion"},{"floor":5,"key":"Fire Potion"},{"floor":6,"key":"DistilledChaos"},{"floor":7,"key":"Ancient Potion"}],"is_trial":false,"path_per_floor":["M","M","M","$","M","E","M","M","T","E","M","M","M","E"],"character_chosen":"IRONCLAD","items_purchased":[],"campfire_rested":0,"item_purchase_floors":[],"current_hp_per_floor":[62,60,66,66,64,38,33,33,33,17,11,13,9,0,0],"gold":261,"neow_bonus":"UPGRADE_CARD","is_daily":false,"chose_seed":false,"campfire_upgraded":0,"win_rate":0.0,"timestamp":1612582455,"path_taken":["M","M","M","?","M","E","M","M","T","E","M","M","M","E"],"items_purchased_type":[],"build_version":"2020-12-22","purchased_purges":1,"victory":false,"max_hp_per_floor":[75,75,75,75,75,75,75,75,75,75,75,75,75,75,75],"card_choices":[{"not_picked":["Iron Wave","Thunderclap"],"picked":"Shrug It Off","floor":1},{"not_picked":["Armaments","Pummel"],"picked":"Flame Barrier","floor":2},{"not_picked":["Warcry","Feel No Pain"],"picked":"Disarm","floor":3},{"not_picked":["True Grit","Warcry","Heavy Blade"],"picked":"SKIP","floor":5},{"not_picked":["Warcry","Feel No Pain"],"picked":"Body Slam","floor":6},{"not_picked":["Flame Barrier","Rupture"],"picked":"Iron Wave","floor":7},{"not_picked":["Thunderclap","Fire Breathing"],"picked":"Rampage","floor":8},{"not_picked":["Armaments","Double Tap","Searing Blow"],"picked":"SKIP","floor":10},{"not_picked":["Twin Strike","Infernal Blade"],"picked":"Shrug It Off","floor":11},{"not_picked":["Sever Soul","Hemokinesis","Clothesline"],"picked":"SKIP","floor":12},{"not_picked":["Clash","Havoc"],"picked":"Barricade","floor":13}],"player_experience":1468944,"relics_obtained":[{"floor":6,"key":"Ginger"}],"event_choices":[],"is_beta":false,"boss_relics":[],"items_purged_floors":[4],"is_endless":false,"potions_floor_spawned":[2,5,6,7],"killed_by":"Gremlin Nob","ascension_level":20}}