{"host":"0cnf9zf1gia27zti","time":1612653494,"event":{"mods":["BaseMod","Better Third Choice","BetterRewards","Card Forge","ChefMod","Colored Map","Colored Powertips","Conspire","Downfall","Googly Eyes","Infinite Spire","Minty Spire (QoL Compilation)","Practice Mode","Quick Restart","Replay The Spire","Shade Mod","Spicy Shops","StSLib","The Marked"],"gold_per_floor":[109,109,122,222,246,282,91,105,105,119,135,173,173,192,192,281,281,294,337,337,337,262,314,337,358,434,43,62,78,121,144,144,240,240,253,269,287,346,31,31,71,71,71,71,107,107,107,122,122,122],"floor_reached":51,"language":"ENG","playtime":3974,"items_purged":["Strike_G","Strike_G","Strike_G","Defend_G","Defend_G","Night Terror+1"],"score":1756,"play_id":"10a43d29-913e-4c65-becb-4e8ddba6b6b7","local_time":"20210206231814","is_ascension_mode":true,"campfire_choices":[{"floor":15,"key":"REST"},{"data":"Accuracy","floor":32,"key":"SMITH"},{"data":"Accuracy","floor":40,"key":"SMITH"},{"data":"Calculated Gamble","floor":42,"key":"SMITH"},{"data":"Cloak And Dagger","floor":49,"key":"SMITH"}],"circlet_count":0,"master_deck":["AscendersBane","Survivor","Neutralize+1","Mayhem+1","Backflip","Footwork+1","conspire:DoublingDagger+1","Infinite Blades+1","Backstab","Replay:Bag of Tricks+1","Cloak And Dagger","Backflip","Cloak And Dagger+1","Accuracy+1","Footwork+1","Poison Darts+1","Dagger Throw","Calculated Gamble+1","Accuracy+1","Accuracy+1","After Image+1"],"relics":["Ring of the Serpent","Hammer of Thor","Seething Fire","Anvil of the Gods","Divine Protection","Potion Belt","Blue Doll","Tiny Chest","Golden Egg","Golden Idol","Bronze Scales","Smiling Mask","Kunai","Pen Nib","Gremlin Food","Ring of Chaos","Chemical X","Orichalcum","Pear","PreservedInsect","Juzu Bracelet","Incense Burner","Chemical X","Darkstone Periapt","Centennial Puzzle","Thread and Needle","infinitespire:FocusingShard"],"acts_visited":["Exordium","TheCity","TheBeyond"],"potions_floor_usage":[6,12,16,24,33,33,33,35,38,48,50,50],"damage_taken":[{"damage":0,"enemies":"Jaw Worm","floor":1,"turns":8},{"damage":0,"enemies":"2 Louse","floor":3,"turns":6},{"damage":0,"enemies":"Cultist","floor":5,"turns":7},{"damage":20,"enemies":"Gremlin Nob","floor":6,"turns":6},{"damage":0,"enemies":"2 Fungi Beasts","floor":8,"turns":4},{"damage":0,"enemies":"3 Louse","floor":10,"turns":4},{"damage":0,"enemies":"Looter","floor":11,"turns":3},{"damage":0,"enemies":"Lagavulin","floor":12,"turns":7},{"damage":0,"enemies":"Large Slime","floor":14,"turns":7},{"damage":0,"enemies":"Hexaghost","floor":16,"turns":9},{"damage":4,"enemies":"Spheric Guardian","floor":18,"turns":4},{"damage":0,"enemies":"conspire:MimicChest","floor":19,"turns":8},{"damage":0,"enemies":"3 Byrds","floor":24,"turns":4},{"damage":0,"enemies":"Shelled Parasite and Fungi","floor":25,"turns":4},{"damage":0,"enemies":"3 Cultists","floor":28,"turns":3},{"damage":0,"enemies":"Cultist and Chosen","floor":29,"turns":3},{"damage":2,"enemies":"Slavers","floor":30,"turns":3},{"damage":0,"enemies":"Snake Plant","floor":31,"turns":2},{"damage":6,"enemies":"Champ","floor":33,"turns":5},{"damage":0,"enemies":"3 Darklings","floor":35,"turns":3},{"damage":0,"enemies":"3 Shapes","floor":36,"turns":4},{"damage":0,"enemies":"3 Darklings","floor":37,"turns":3},{"damage":0,"enemies":"2 Orb Walkers","floor":38,"turns":4},{"damage":12,"enemies":"R_Hoarder","floor":41,"turns":4},{"damage":0,"enemies":"Nemesis","floor":45,"turns":3},{"damage":0,"enemies":"Spire Growth","floor":48,"turns":4},{"damage":9,"enemies":"Time Eater","floor":50,"turns":8}],"seed_played":"-252760521716770644","potions_obtained":[{"floor":1,"key":"hexamod:SoulburnPotion"},{"floor":8,"key":"Milkshake"},{"floor":14,"key":"Toxic Potion"},{"floor":16,"key":"SmokeBomb"},{"floor":19,"key":"Weak Potion"},{"floor":25,"key":"bronze:BurnAndBuffPotion"},{"floor":30,"key":"BlessingOfTheForge"},{"floor":31,"key":"SkillPotion"},{"floor":33,"key":"Toxic Potion"},{"floor":36,"key":"LifebloodPotion"},{"floor":38,"key":"Swift Potion"},{"floor":41,"key":"FearPotion"},{"floor":48,"key":"Venom Potion"}],"is_trial":false,"path_per_floor":["M","?","M","?","M","E","$","M","T","M","M","E","T","M","R","B",null,"M","?","AVR","?","?","T","M","M","T","$","M","M","E","M","R","B",null,"M","M","M","?","$","R","E","R","T","?","E","?","AVR","M","R","B",null],"character_chosen":"THE_SILENT","items_purchased":["Divine Protection","Potion Belt","Blue Doll","Mayhem","Tiny Chest","Golden Egg","Infinite Blades+1","Footwork+1","Poison Darts","PreservedInsect","Accuracy","Chemical X"],"campfire_rested":1,"item_purchase_floors":[0,0,0,0,0,0,7,27,27,27,39,39],"current_hp_per_floor":[59,43,43,43,43,23,23,23,23,23,23,23,23,23,42,42,60,56,56,56,56,56,56,56,56,66,66,66,66,64,64,64,58,72,72,72,72,72,72,72,60,60,60,60,60,60,60,60,60,51],"gold":122,"neow_bonus":"","is_daily":false,"chose_seed":false,"campfire_upgraded":4,"win_rate":0.0,"timestamp":1612653494,"path_taken":["M","?","M","?","M","E","$","M","T","?","M","E","?","M","R","BOSS","M","?","AVR","?","?","?","M","M","T","$","M","M","E","M","R","BOSS","M","M","M","?","$","R","E","R","T","?","E","?","AVR","M","R","BOSS"],"items_purchased_type":["Relic","Relic","Relic","Card","Relic","Relic","Card","Card","Card","Relic","Card","Relic"],"build_version":"2020-12-22","purchased_purges":6,"victory":true,"max_hp_per_floor":[66,66,66,66,66,66,66,66,66,66,66,66,66,66,66,66,66,66,66,66,66,66,66,66,66,76,76,76,76,76,76,76,76,76,76,76,76,76,76,76,76,76,76,76,76,76,76,76,76,76],"card_choices":[{"not_picked":["Outmaneuver","Blade Dance"],"picked":"Backflip","floor":1},{"not_picked":["Blade Dance","Riddle With Holes"],"picked":"Footwork","floor":3},{"not_picked":["Sucker Punch","ReplayTheSpireMod:Tripwire","Heel Hook"],"picked":"SKIP","floor":5},{"not_picked":["Dagger Spray","Replay:Poison Smokescreen"],"picked":"conspire:DoublingDagger","floor":6},{"not_picked":["Riddle With Holes","Fluid Movement","ReplayTheSpireMod:Scrap Shanks"],"picked":"SKIP","floor":8},{"not_picked":["Flying Knee","Riddle With Holes"],"picked":"Backstab","floor":10},{"not_picked":["Flying Knee","Setup","Tactician"],"picked":"SKIP","floor":11},{"not_picked":["Outmaneuver","Bane","Heel Hook"],"picked":"SKIP","floor":12},{"not_picked":["Deflect","Deadly Poison","Dodge and Roll"],"picked":"SKIP","floor":14},{"not_picked":["ReplayTheSpireMod:Necrosis","Unload"],"picked":"Replay:Bag of Tricks","floor":16},{"not_picked":["Deflect","Dodge and Roll"],"picked":"Cloak And Dagger","floor":18},{"not_picked":["Flying Knee","Sneak Up"],"picked":"Backflip","floor":19},{"not_picked":["Prepared","Flying Knee"],"picked":"Cloak And Dagger","floor":24},{"not_picked":["Heel Hook","Backflip","Dagger Throw"],"picked":"SKIP","floor":25},{"not_picked":["Noxious Fumes","Prepared"],"picked":"Dagger Throw","floor":28},{"not_picked":["PiercingWail+1","Underhanded Strike+1"],"picked":"Calculated Gamble","floor":29},{"not_picked":["Bane","Flying Knee","ReplayTheSpireMod:Necrosis"],"picked":"SKIP","floor":30},{"not_picked":["Dagger Throw","Concentrate+1"],"picked":"Accuracy","floor":31},{"not_picked":["Wraith Form v2","Bullet Time"],"picked":"Night Terror","floor":33},{"not_picked":["Replay:Poison Smokescreen+1","Caltrops","Backstab"],"picked":"SKIP","floor":35},{"not_picked":["Replay:Poison Smokescreen","Acrobatics","Toxin Wave"],"picked":"SKIP","floor":36},{"not_picked":["PiercingWail","Bane","Dodge and Roll"],"picked":"SKIP","floor":37},{"not_picked":["Masterful Stab","Underhanded Strike"],"picked":"After Image","floor":41},{"not_picked":["ReplayTheSpireMod:Tripwire+1","Leg Sweep","Riddle With Holes"],"picked":"SKIP","floor":45},{"not_picked":["Escape Plan","Fluid Movement","Acrobatics"],"picked":"SKIP","floor":48},{"not_picked":["Escape Plan","Fluid Movement","Acrobatics"],"picked":"SKIP","floor":48}],"player_experience":3656515,"relics_obtained":[{"floor":6,"key":"Bronze Scales"},{"floor":9,"key":"Smiling Mask"},{"floor":12,"key":"Kunai"},{"floor":13,"key":"Pen Nib"},{"floor":19,"key":"Gremlin Food"},{"floor":23,"key":"Orichalcum"},{"floor":26,"key":"Pear"},{"floor":30,"key":"Juzu Bracelet"},{"floor":38,"key":"Incense Burner"},{"floor":41,"key":"Darkstone Periapt"},{"floor":43,"key":"Centennial Puzzle"},{"floor":45,"key":"Thread and Needle"}],"event_choices":[{"damage_healed":0,"gold_gain":0,"player_choice":"Take Damage","damage_taken":16,"relics_obtained":["Golden Idol"],"max_hp_gain":0,"max_hp_loss":0,"event_name":"Golden Idol","floor":2,"gold_loss":0},{"damage_healed":0,"gold_gain":100,"player_choice":"Pray","damage_taken":0,"max_hp_gain":0,"max_hp_loss":0,"event_name":"Golden Shrine","floor":4,"gold_loss":0},{"cards_removed":["Strike_G"],"damage_healed":0,"gold_gain":0,"player_choice":"Elegance","damage_taken":0,"max_hp_gain":0,"max_hp_loss":0,"event_name":"betterThird:BetterWriting","floor":21,"gold_loss":0},{"cards_removed":["Strike_G"],"damage_healed":0,"gold_gain":0,"player_choice":"Gave Gold","damage_taken":0,"max_hp_gain":0,"max_hp_loss":0,"event_name":"Beggar","floor":22,"gold_loss":75},{"damage_healed":0,"gold_gain":0,"player_choice":"Fight","damage_taken":0,"max_hp_gain":0,"max_hp_loss":0,"event_name":"Mysterious Sphere","floor":38,"gold_loss":0},{"damage_healed":0,"gold_gain":0,"player_choice":"Ignored","damage_taken":0,"max_hp_gain":0,"max_hp_loss":0,"event_name":"Transmorgrifier","floor":46,"gold_loss":0}],"is_beta":false,"boss_relics":[{"not_picked":["Replay:Drink Me","Cursed Key","Ectoplasm"]},{"not_picked":["Tiny House","Runic Pyramid"],"picked":"Ring of the Serpent"}],"items_purged_floors":[0,0,0,7,20,39],"is_endless":false,"potions_floor_spawned":[1,8,14,16,19,25,30,31,33,36,38,41,48],"ascension_level":14}}