{"host":"wuernuywc9gl215o","time":1612653459,"event":{"mods":["AchievementEnabler","BaseMod","Block Reminder","Highlight Path","Key Reminder","Minty Spire (QoL Compilation)","Permanent Neow","Potion Indicator Mod","Quick Restart","Relic Stats"],"gold_per_floor":[115,133,151,169,244,244,277,277,277,2,2,34,52,62,62,133,133,153,165,165,63,76,76,96,96,96,127,127,140,40,55,55,55,55],"floor_reached":33,"language":"ENG","playtime":3305,"items_purged":["Writhe","Strike_G"],"score":488,"play_id":"07d84166-42c3-42a8-b2fd-c24d5bc21a9a","local_time":"20210206231739","is_ascension_mode":true,"campfire_choices":[{"data":"Tactician","floor":6.0,"key":"SMITH"},{"floor":11.0,"key":"REST"},{"floor":15.0,"key":"REST"},{"data":"Calculated Gamble","floor":23.0,"key":"SMITH"},{"data":"Footwork","floor":25.0,"key":"SMITH"},{"floor":28.0,"key":"REST"},{"floor":32,"key":"REST"}],"circlet_count":0,"master_deck":["AscendersBane","Strike_G","Strike_G","Strike_G","Strike_G","Defend_G","Defend_G","Defend_G","Defend_G","Defend_G","Survivor","Neutralize","Tools of the Trade","Poisoned Stab","Tactician+1","Leg Sweep","Acrobatics","Slice","Footwork+1","Bouncing Flask","Deflect","Blade Dance","Malaise","Backstab+1","Cloak And Dagger","Blade Dance","Calculated Gamble+1","Calculated Gamble","Dagger Throw","Deflect"],"relics":["Ring of the Snake","Mercury Hourglass","Torii","OrangePellets","Girya","Runic Pyramid","Omamori","Shuriken","Bottled Lightning"],"acts_visited":["Exordium","TheCity"],"potions_floor_usage":[33],"damage_taken":[{"damage":0.0,"enemies":"Jaw Worm","floor":1.0,"turns":5.0},{"damage":2.0,"enemies":"Small Slimes","floor":2.0,"turns":4.0},{"damage":0.0,"enemies":"2 Louse","floor":3.0,"turns":2.0},{"damage":0.0,"enemies":"Exordium Wildlife","floor":4.0,"turns":4.0},{"damage":21.0,"enemies":"Lagavulin","floor":7.0,"turns":10.0},{"damage":26.0,"enemies":"Gremlin Nob","floor":12.0,"turns":5.0},{"damage":1.0,"enemies":"Exordium Thugs","floor":13.0,"turns":4.0},{"damage":0.0,"enemies":"Looter","floor":14.0,"turns":4.0},{"damage":12.0,"enemies":"Hexaghost","floor":16.0,"turns":10.0},{"damage":9.0,"enemies":"2 Thieves","floor":18.0,"turns":4.0},{"damage":3.0,"enemies":"3 Byrds","floor":19.0,"turns":4.0},{"damage":0.0,"enemies":"3 Cultists","floor":22.0,"turns":4.0},{"damage":1.0,"enemies":"Centurion and Healer","floor":24.0,"turns":9.0},{"damage":31.0,"enemies":"Book of Stabbing","floor":27.0,"turns":7.0},{"damage":2,"enemies":"Snake Plant","floor":29,"turns":6},{"damage":3,"enemies":"Cultist and Chosen","floor":31,"turns":6},{"damage":51,"enemies":"Champ","floor":33,"turns":14}],"seed_played":"-7497710545265363922","potions_obtained":[{"floor":4.0,"key":"Fire Potion"},{"floor":12.0,"key":"SteroidPotion"},{"floor":13.0,"key":"SpeedPotion"},{"floor":14.0,"key":"CunningPotion"},{"floor":18.0,"key":"SteroidPotion"},{"floor":19.0,"key":"SpeedPotion"},{"floor":22.0,"key":"Strength Potion"}],"is_trial":false,"path_per_floor":["M","M","M","M","?","R","E","?","T","$","R","E","M","M","R","B",null,"M","M","?","$","M","R","M","R","T","E","R","M","$","M","R","B"],"character_chosen":"THE_SILENT","items_purchased":["OrangePellets","Footwork","Block Potion","Blade Dance"],"campfire_rested":4,"item_purchase_floors":[10,10,10,21],"current_hp_per_floor":[44,42,42,42,31,31,10,10,10,10,29,3,2,2,21,9,52,43,40,40,40,40,40,39,39,39,8,27,25,25,22,41,0,0],"gold":55,"neow_bonus":"THREE_RARE_CARDS","is_daily":false,"chose_seed":false,"campfire_upgraded":3,"win_rate":0.0,"timestamp":1612653459,"path_taken":["M","M","M","M","?","R","E","?","T","?","R","E","M","M","R","BOSS","M","M","?","$","M","R","M","R","T","E","R","M","$","M","R","BOSS"],"items_purchased_type":["Relic","Card","Potion","Card"],"build_version":"2020-12-22","purchased_purges":2,"victory":false,"max_hp_per_floor":[66,66,66,66,66,66,66,66,66,66,66,66,66,66,66,66,66,66,66,66,66,66,66,66,66,66,66,66,66,66,66,66,66,66],"relic_stats":{"OrangePellets":[2],"Torii":35,"counters":[17,102],"Shuriken":[17],"obtain_stats":[{"OrangePellets":10,"Girya":12,"Torii":9,"Shuriken":26,"Omamori":20,"Bottled Lightning":27,"Ring of the Snake":0,"Mercury Hourglass":7,"Runic Pyramid":17},{"OrangePellets":5,"Girya":6,"Torii":5,"Shuriken":13,"Omamori":11,"Bottled Lightning":14,"Ring of the Snake":0,"Mercury Hourglass":5,"Runic Pyramid":9},{"OrangePellets":25,"Girya":30,"Torii":25,"Shuriken":69,"Omamori":56,"Bottled Lightning":76,"Ring of the Snake":0,"Mercury Hourglass":25,"Runic Pyramid":48}],"Ring of the Snake":[34],"Mercury Hourglass":[283]},"card_choices":[{"not_picked":["Doppelganger","Phantasmal Killer"],"picked":"Tools of the Trade","floor":0.0},{"not_picked":["Prepared","Backflip"],"picked":"Poisoned Stab","floor":1.0},{"not_picked":["Eviscerate","Finisher"],"picked":"Tactician","floor":2.0},{"not_picked":["Backstab","Slice"],"picked":"Leg Sweep","floor":3.0},{"not_picked":["Outmaneuver","Cloak And Dagger"],"picked":"Acrobatics","floor":4.0},{"not_picked":["Eviscerate","A Thousand Cuts"],"picked":"Slice","floor":7.0},{"not_picked":["Deflect","Poisoned Stab"],"picked":"Bouncing Flask","floor":12.0},{"not_picked":["PiercingWail","Backflip"],"picked":"Deflect","floor":13.0},{"not_picked":["Skewer","Acrobatics"],"picked":"Blade Dance","floor":14.0},{"not_picked":["Unload","Grand Finale"],"picked":"Malaise","floor":16.0},{"not_picked":["Bouncing Flask","Dagger Spray"],"picked":"Backstab+1","floor":18.0},{"not_picked":["Poisoned Stab","Dagger Spray"],"picked":"Cloak And Dagger","floor":19.0},{"not_picked":["Acrobatics","Slice"],"picked":"Calculated Gamble","floor":22.0},{"not_picked":["Bane","PiercingWail","Setup"],"picked":"SKIP","floor":24.0},{"not_picked":["Dash","Dagger Spray","Calculated Gamble"],"picked":"SKIP","floor":27.0},{"not_picked":["Dash","Dagger Spray"],"picked":"Calculated Gamble","floor":27.0},{"not_picked":["Dodge and Roll","A Thousand Cuts"],"picked":"Dagger Throw","floor":29},{"not_picked":["Backflip+1","Deadly Poison"],"picked":"Deflect","floor":31}],"player_experience":845702,"relics_obtained":[{"floor":7.0,"key":"Mercury Hourglass"},{"floor":9.0,"key":"Torii"},{"floor":12.0,"key":"Girya"},{"floor":26.0,"key":"Shuriken"},{"floor":27.0,"key":"Bottled Lightning"}],"event_choices":[{"damage_healed":0.0,"max_hp_gain":0.0,"max_hp_loss":0.0,"gold_gain":75.0,"event_name":"World of Goop","player_choice":"Gather Gold","floor":5.0,"gold_loss":0.0,"damage_taken":11.0},{"damage_healed":0.0,"max_hp_gain":0.0,"max_hp_loss":0.0,"gold_gain":0.0,"event_name":"Shining Light","player_choice":"Ignored","floor":8.0,"gold_loss":0.0,"damage_taken":0.0},{"damage_healed":0.0,"max_hp_gain":0.0,"max_hp_loss":0.0,"gold_gain":0.0,"event_name":"The Mausoleum","player_choice":"Opened","floor":20.0,"gold_loss":0.0,"damage_taken":0.0,"relics_obtained":["Omamori"],"cards_obtained":["Writhe"]}],"is_beta":false,"boss_relics":[{"not_picked":["Tiny House","Astrolabe"],"picked":"Runic Pyramid"}],"items_purged_floors":[21,30],"is_endless":false,"potions_floor_spawned":[4,12,13,14,18,19,22,29],"killed_by":"Champ","ascension_level":15}}