{"host":"sad04l3m69qtnhom","time":1612593836,"event":{"mods":["AchievementEnabler","BaseMod","Colored Map","Colored Powertips","DeckTracker","Highlight Path","Minty Spire (QoL Compilation)","Permanent Neow","Quick Restart","SuperFastMode","everything is the same but u backflip on backflip"],"gold_per_floor":[115,135,135,149,167,167,184,211,211,211,211,136,156,169,169,245,245,261,45,45,59,76,107,29,41,89,89,102,202,202,218,218,296,296,315,315,140,153,173,203,203,228,228,245,258,258,273,299,299,299,299,299,8,40,40],"floor_reached":56,"language":"KOR","playtime":16086,"items_purged":["Deadly Poison","Skewer"],"score":1979,"play_id":"7c5269a6-3e76-46eb-8d32-1e46c93c25f6","local_time":"20210206154355","is_ascension_mode":true,"campfire_choices":[{"data":"Accuracy","floor":6,"key":"SMITH"},{"data":"Blade Dance","floor":10,"key":"SMITH"},{"data":"Accuracy","floor":15,"key":"SMITH"},{"data":"After Image","floor":30,"key":"SMITH"},{"data":"Finisher","floor":32,"key":"SMITH"},{"data":"Footwork","floor":41,"key":"SMITH"},{"data":"Finisher","floor":46,"key":"SMITH"},{"floor":49,"key":"RECALL"},{"data":"Wraith Form v2","floor":52,"key":"SMITH"}],"circlet_count":0,"master_deck":["AscendersBane","Survivor","Neutralize","Dodge and Roll","Escape Plan","Venomology","Prepared","Cloak And Dagger","Footwork+1","Backstab","Infinite Blades","Accuracy+1","Accuracy+1","Tactician","Blade Dance+1","Cloak And Dagger","Wraith Form v2+1","Slice","Finisher+1","Neutralize","Deflect+1","Blade Dance+1","After Image+1","Escape Plan","Finisher+1","Tools of the Trade+1","Accuracy+1","Caltrops+1","Infinite Blades+1","Footwork+1","Blur+1","Wraith Form v2+1","Deflect+1","Sadistic Nature+1","Venomology"],"relics":["Pandora\u0027s Box","CaptainsWheel","Mummified Hand","GremlinMask","WristBlade","Bag of Preparation","Snake Skull","Omamori","Thread and Needle","Frozen Egg 2","Cursed Key","Unceasing Top","Happy Flower","Toy Ornithopter"],"acts_visited":["Exordium","TheCity","TheBeyond","TheEnding"],"potions_floor_usage":[2,7,8,16,16,16,18,22,22,23,23,28,28,28,29,33,35,35,39,42,45,45,48,48,50,50,50,54,55,55],"damage_taken":[{"damage":1,"enemies":"Small Slimes","floor":1,"turns":3},{"damage":4,"enemies":"Cultist","floor":2,"turns":4},{"damage":0,"enemies":"2 Louse","floor":4,"turns":3},{"damage":0,"enemies":"2 Fungi Beasts","floor":5,"turns":3},{"damage":2,"enemies":"Exordium Wildlife","floor":7,"turns":3},{"damage":10,"enemies":"Gremlin Nob","floor":8,"turns":3},{"damage":4,"enemies":"Red Slaver","floor":13,"turns":3},{"damage":2,"enemies":"2 Fungi Beasts","floor":14,"turns":3},{"damage":19,"enemies":"Slime Boss","floor":16,"turns":6},{"damage":0,"enemies":"3 Byrds","floor":18,"turns":4},{"damage":0,"enemies":"Spheric Guardian","floor":21,"turns":3},{"damage":5,"enemies":"Snake Plant","floor":22,"turns":4},{"damage":16,"enemies":"Gremlin Leader","floor":23,"turns":5},{"damage":0,"enemies":"Sentry and Sphere","floor":25,"turns":4},{"damage":8,"enemies":"3 Cultists","floor":28,"turns":3},{"damage":2,"enemies":"Colosseum Slavers","floor":29,"turns":2},{"damage":1,"enemies":"Colosseum Nobs","floor":29,"turns":2},{"damage":0,"enemies":"Centurion and Healer","floor":31,"turns":2},{"damage":1,"enemies":"Champ","floor":33,"turns":8},{"damage":0,"enemies":"Orb Walker","floor":35,"turns":2},{"damage":1,"enemies":"3 Shapes","floor":38,"turns":2},{"damage":1,"enemies":"Sphere and 2 Shapes","floor":39,"turns":3},{"damage":14,"enemies":"Reptomancer","floor":40,"turns":4},{"damage":0,"enemies":"Mind Bloom Boss Battle","floor":42,"turns":4},{"damage":0,"enemies":"Writhing Mass","floor":44,"turns":4},{"damage":16,"enemies":"Jaw Worm Horde","floor":45,"turns":2},{"damage":8,"enemies":"Spire Growth","floor":47,"turns":3},{"damage":0,"enemies":"Nemesis","floor":48,"turns":5},{"damage":0,"enemies":"Awakened One","floor":50,"turns":6},{"damage":0,"enemies":"Shield and Spear","floor":54,"turns":3},{"damage":2,"enemies":"The Heart","floor":55,"turns":7}],"seed_played":"-8780937646414764134","potions_obtained":[{"floor":4,"key":"AttackPotion"},{"floor":13,"key":"Strength Potion"},{"floor":14,"key":"SkillPotion"},{"floor":16,"key":"GamblersBrew"},{"floor":21,"key":"Block Potion"},{"floor":22,"key":"Ancient Potion"},{"floor":29,"key":"LiquidMemories"},{"floor":40,"key":"ColorlessPotion"},{"floor":44,"key":"LiquidMemories"},{"floor":48,"key":"LiquidBronze"}],"is_trial":false,"path_per_floor":["M","M","?","M","M","R","M","E","T","R","?","$","M","M","R","B",null,"M","$","?","M","M","E","$","M","T","?","M","?","R","M","R","B",null,"M","?","$","M","M","E","R","?","T","M","M","R","M","E","R","B",null,"R","$","E","B",null],"character_chosen":"THE_SILENT","items_purchased":["Finisher","Bag of Preparation","After Image","Accuracy+1","GhostInAJar","Sadistic Nature+1"],"campfire_rested":0,"item_purchase_floors":[19,19,24,37,53,53],"current_hp_per_floor":[62,63,63,63,63,63,61,51,51,51,51,51,47,45,45,26,59,59,59,59,59,54,38,38,38,38,61,53,50,50,50,50,49,65,65,65,65,64,63,49,49,49,49,49,33,33,25,25,25,25,59,59,59,59,67],"gold":40,"neow_bonus":"BOSS_RELIC","is_daily":false,"chose_seed":false,"campfire_upgraded":8,"win_rate":0.0,"timestamp":1612593835,"path_taken":["M","M","?","?","M","R","M","E","T","R","?","$","?","M","R","BOSS","M","$","?","?","M","E","$","M","T","?","M","?","R","M","R","BOSS","M","?","$","M","?","E","R","?","T","M","M","R","M","E","R","BOSS","R","$","E","BOSS"],"items_purchased_type":["Card","Relic","Card","Card","Potion","Card"],"build_version":"2020-12-22","purchased_purges":2,"victory":true,"max_hp_per_floor":[70,70,70,70,70,70,70,70,70,70,70,70,70,70,70,70,70,70,70,70,70,70,70,70,70,70,70,70,70,70,70,70,70,70,70,70,70,70,70,70,70,70,70,70,70,70,70,70,70,70,70,70,70,70,70],"card_choices":[{"not_picked":["Quick Slash","Underhanded Strike"],"picked":"Infinite Blades","floor":1},{"not_picked":["Dagger Throw","Escape Plan"],"picked":"Accuracy","floor":2},{"not_picked":["Deflect","Masterful Stab"],"picked":"Accuracy","floor":4},{"not_picked":["Choke","Slice","Deadly Poison"],"picked":"SKIP","floor":5},{"not_picked":["Flechettes","Bouncing Flask"],"picked":"Tactician","floor":7},{"not_picked":["Wraith Form v2","Slice"],"picked":"Blade Dance","floor":8},{"not_picked":["Slice","Dash","Predator"],"picked":"SKIP","floor":13},{"not_picked":["Dodge and Roll","Backflip"],"picked":"Cloak And Dagger","floor":14},{"not_picked":["Grand Finale","Corpse Explosion"],"picked":"Wraith Form v2","floor":16},{"not_picked":["Sucker Punch","Quick Slash"],"picked":"Slice","floor":18},{"not_picked":["PiercingWail","Deadly Poison"],"picked":"Deflect+1","floor":21},{"not_picked":["Quick Slash","Flying Knee","Well Laid Plans"],"picked":"SKIP","floor":22},{"not_picked":["Infinite Blades","Catalyst"],"picked":"Blade Dance","floor":23},{"not_picked":["Expertise","Flying Knee","Acrobatics"],"picked":"SKIP","floor":25},{"not_picked":["Poisoned Stab","Deadly Poison+1"],"picked":"Escape Plan","floor":28},{"not_picked":["Storm of Steel","Dodge and Roll"],"picked":"Finisher","floor":31},{"not_picked":["A Thousand Cuts+1","Night Terror"],"picked":"Tools of the Trade+1","floor":33},{"not_picked":["Underhanded Strike","Prepared","Dagger Spray"],"picked":"SKIP","floor":35},{"not_picked":["Blade Dance","Tactician"],"picked":"Caltrops+1","floor":38},{"not_picked":["Finisher","Poisoned Stab","Flying Knee"],"picked":"SKIP","floor":39},{"not_picked":["Accuracy+1","Cloak And Dagger"],"picked":"Infinite Blades+1","floor":40},{"not_picked":["Backstab","Dagger Throw+1"],"picked":"Footwork+1","floor":44},{"not_picked":["Prepared+1","Expertise+1"],"picked":"Blur+1","floor":45},{"not_picked":["Blade Dance+1","Flying Knee"],"picked":"Wraith Form v2+1","floor":47},{"not_picked":["Quick Slash+1","Outmaneuver"],"picked":"Deflect+1","floor":48},{"not_picked":["Deadly Poison","Prepared"],"picked":"Venomology","floor":54}],"player_experience":455905,"relics_obtained":[{"floor":8,"key":"CaptainsWheel"},{"floor":9,"key":"Mummified Hand"},{"floor":23,"key":"Snake Skull"},{"floor":26,"key":"Omamori"},{"floor":29,"key":"Thread and Needle"},{"floor":29,"key":"Frozen Egg 2"},{"floor":40,"key":"Unceasing Top"},{"floor":48,"key":"Happy Flower"},{"floor":54,"key":"Toy Ornithopter"}],"event_choices":[{"cards_removed":["Bane"],"damage_healed":0,"gold_gain":0,"player_choice":"Purged","damage_taken":0,"max_hp_gain":0,"max_hp_loss":0,"event_name":"Purifier","floor":3,"gold_loss":0},{"damage_healed":0,"gold_gain":0,"player_choice":"Trade","damage_taken":0,"relics_obtained":["GremlinMask"],"max_hp_gain":0,"max_hp_loss":0,"event_name":"FaceTrader","floor":11,"gold_loss":0},{"damage_healed":0,"gold_gain":0,"player_choice":"1 cards matched","damage_taken":0,"max_hp_gain":0,"max_hp_loss":0,"event_name":"Match and Keep!","floor":20,"gold_loss":0,"cards_obtained":["Neutralize"]},{"damage_healed":23,"gold_gain":0,"player_choice":"Heal","damage_taken":0,"max_hp_gain":0,"max_hp_loss":0,"event_name":"The Library","floor":27,"gold_loss":0},{"damage_healed":0,"gold_gain":0,"player_choice":"Fight","damage_taken":0,"max_hp_gain":0,"max_hp_loss":0,"event_name":"Colosseum","floor":29,"gold_loss":0},{"damage_healed":0,"gold_gain":0,"player_choice":"Fought Nobs","damage_taken":0,"max_hp_gain":0,"max_hp_loss":0,"event_name":"Colosseum","floor":29,"gold_loss":0},{"damage_healed":0,"gold_gain":0,"player_choice":"Forge","damage_taken":0,"max_hp_gain":0,"max_hp_loss":0,"event_name":"Accursed Blacksmith","floor":36,"gold_loss":0,"cards_upgraded":["Blade Dance"]},{"damage_healed":0,"gold_gain":0,"player_choice":"Fight","damage_taken":0,"max_hp_gain":0,"max_hp_loss":0,"event_name":"MindBloom","floor":42,"gold_loss":0}],"is_beta":false,"boss_relics":[{"not_picked":["Sozu","HoveringKite"],"picked":"WristBlade"},{"not_picked":["Fusion Hammer","Black Star"],"picked":"Cursed Key"}],"items_purged_floors":[12,37],"is_endless":false,"potions_floor_spawned":[4,13,14,16,21,22,29,29,40,44,47,48],"ascension_level":13}}