{"host":"Qube","time":1612649134,"event":{"mods":["AchievementEnabler","BaseMod","Colored Map","Colored Powertips","Highlight Path","Minty Spire (QoL Compilation)","Permanent Neow","Quick Restart","Random Character Button","StSLib"],"gold_per_floor":[17,31,44,61,61,89,89,120,120,140,160,160,160,175,175,250,250,265,107,122,141,152,152,163,189,189,189,215,215,215,225,225,298,298,317,333,333,358,6,36,49,49,49,65,65,98,98,125,125,125,125,125],"floor_reached":51,"language":"ENG","playtime":3163,"items_purged":["Backstab","Defend_G"],"score":1528,"play_id":"38e3d1eb-cf2a-45c6-a2dc-a62ce379662a","local_time":"20210206140534","is_ascension_mode":true,"campfire_choices":[{"floor":7,"key":"REST"},{"data":"Endless Agony","floor":12,"key":"SMITH"},{"data":"Terror","floor":15,"key":"SMITH"},{"data":"Dash","floor":23,"key":"SMITH"},{"data":"Ghostly","floor":30,"key":"SMITH"},{"data":"Choke","floor":32,"key":"SMITH"},{"data":"Ghostly","floor":42,"key":"SMITH"},{"data":"Storm of Steel","floor":45,"key":"SMITH"},{"floor":49,"key":"REST"}],"circlet_count":0,"master_deck":["AscendersBane","Strike_G","Strike_G","Strike_G","Strike_G","Defend_G","Defend_G","Defend_G","Survivor","Neutralize","Footwork","Dagger Throw","Endless Agony+1","Masterful Stab","Choke+1","Blade Dance","Well Laid Plans+1","Terror+1","Dash+1","Storm of Steel+1","Dash+1","Infinite Blades+1","Catalyst","Ghostly+1","Ghostly","Ghostly+1","Predator","Bullet Time","Predator","After Image+1"],"relics":["Ring of the Snake","Dead Branch","Regal Pillow","Frozen Egg 2","Mummified Hand","Snecko Eye","Singing Bowl","Happy Flower","StrikeDummy","Philosopher\u0027s Stone","Pocketwatch","Chemical X","Paper Crane","Shuriken","Bottled Lightning","InkBottle"],"acts_visited":["Exordium","TheCity","TheBeyond"],"potions_floor_usage":[10,11,22,25,25,33,51,51],"damage_taken":[{"damage":2,"enemies":"Cultist","floor":1,"turns":5},{"damage":0,"enemies":"Small Slimes","floor":2,"turns":4},{"damage":0,"enemies":"2 Louse","floor":3,"turns":3},{"damage":0,"enemies":"Blue Slaver","floor":4,"turns":6},{"damage":34,"enemies":"Gremlin Nob","floor":6,"turns":4},{"damage":44,"enemies":"Lagavulin","floor":8,"turns":9},{"damage":3,"enemies":"Red Slaver","floor":10,"turns":2},{"damage":0,"enemies":"3 Louse","floor":11,"turns":3},{"damage":0,"enemies":"2 Fungi Beasts","floor":14,"turns":3},{"damage":4,"enemies":"Hexaghost","floor":16,"turns":10},{"damage":4,"enemies":"2 Thieves","floor":18,"turns":3},{"damage":0,"enemies":"Shell Parasite","floor":20,"turns":3},{"damage":2,"enemies":"Snecko","floor":21,"turns":3},{"damage":2,"enemies":"3 Cultists","floor":22,"turns":5},{"damage":12,"enemies":"Cultist and Chosen","floor":24,"turns":5},{"damage":9,"enemies":"Slavers","floor":25,"turns":3},{"damage":7,"enemies":"Book of Stabbing","floor":28,"turns":4},{"damage":6,"enemies":"Snake Plant","floor":31,"turns":4},{"damage":12,"enemies":"Automaton","floor":33,"turns":8},{"damage":0,"enemies":"3 Shapes","floor":35,"turns":3},{"damage":0,"enemies":"Orb Walker","floor":36,"turns":1},{"damage":0,"enemies":"Mind Bloom Boss Battle","floor":38,"turns":3},{"damage":0,"enemies":"Nemesis","floor":40,"turns":3},{"damage":0,"enemies":"Jaw Worm Horde","floor":41,"turns":4},{"damage":0,"enemies":"4 Shapes","floor":44,"turns":3},{"damage":1,"enemies":"Giant Head","floor":46,"turns":4},{"damage":18,"enemies":"Nemesis","floor":48,"turns":3},{"damage":23,"enemies":"Time Eater","floor":50,"turns":8},{"damage":61,"enemies":"Awakened One","floor":51,"turns":8}],"seed_played":"2065799462251020369","potions_obtained":[{"floor":2,"key":"SpeedPotion"},{"floor":8,"key":"EssenceOfSteel"},{"floor":10,"key":"CunningPotion"},{"floor":11,"key":"DuplicationPotion"},{"floor":24,"key":"Explosive Potion"},{"floor":25,"key":"Regen Potion"},{"floor":28,"key":"DistilledChaos"},{"floor":35,"key":"GamblersBrew"},{"floor":36,"key":"SteroidPotion"},{"floor":48,"key":"Block Potion"}],"is_trial":false,"path_per_floor":["M","M","M","M","?","E","R","E","T","M","M","R","?","M","R","B",null,"M","$","M","M","M","R","M","E","T","?","E","?","R","M","R","B",null,"M","M","?","?","$","E","M","R","T","M","R","E","$","E","R","B","B"],"character_chosen":"THE_SILENT","items_purchased":["Infinite Blades+1","Chemical X","Predator"],"campfire_rested":2,"item_purchase_floors":[19,39,39],"current_hp_per_floor":[57,57,57,57,62,28,64,20,20,17,17,17,17,17,17,13,57,53,53,53,51,49,49,37,30,30,30,23,23,23,19,19,7,30,32,34,34,36,36,38,40,40,40,42,42,41,41,25,50,27,0,0],"gold":125,"neow_bonus":"ONE_RARE_RELIC","is_daily":false,"chose_seed":false,"campfire_upgraded":7,"win_rate":0.0,"timestamp":1612649134,"path_taken":["M","M","M","M","?","E","R","E","T","M","M","R","?","?","R","BOSS","M","?","M","M","M","R","M","E","T","?","E","?","R","?","R","BOSS","M","M","?","?","$","E","M","R","T","M","R","E","?","E","R","BOSS","BOSS"],"items_purchased_type":["Card","Relic","Card"],"build_version":"2020-12-18","purchased_purges":2,"victory":false,"max_hp_per_floor":[66,66,66,66,71,71,71,71,71,71,71,71,71,71,71,71,71,71,71,71,71,71,71,71,73,73,36,36,36,36,38,38,38,38,40,42,40,42,42,44,46,46,46,48,48,48,48,50,50,50,50,50],"card_choices":[{"not_picked":["Deadly Poison","Sucker Punch"],"picked":"Footwork","floor":1},{"not_picked":["Dodge and Roll","Backstab"],"picked":"Dagger Throw","floor":2},{"not_picked":["Flying Knee","Backflip"],"picked":"Endless Agony","floor":3},{"not_picked":["Prepared","Acrobatics"],"picked":"Masterful Stab","floor":4},{"not_picked":["Wraith Form v2","Blade Dance"],"picked":"Choke","floor":6},{"not_picked":["Calculated Gamble","Finisher"],"picked":"Blade Dance","floor":8},{"not_picked":["PiercingWail","Dagger Spray"],"picked":"Well Laid Plans+1","floor":10},{"not_picked":["Escape Plan","Eviscerate"],"picked":"Terror","floor":11},{"not_picked":["Dagger Throw","Cloak And Dagger"],"picked":"Backstab","floor":14},{"not_picked":["Corpse Explosion","Bullet Time"],"picked":"Storm of Steel","floor":16},{"not_picked":["Bane","Deflect"],"picked":"Dash+1","floor":18},{"not_picked":["Bane","Blade Dance"],"picked":"Catalyst","floor":20},{"not_picked":["Bane","All Out Attack","Tools of the Trade+1"],"picked":"SKIP","floor":21},{"not_picked":["Backstab","Prepared+1","All Out Attack"],"picked":"SKIP","floor":22},{"not_picked":["Slice","All Out Attack","Backstab"],"picked":"SKIP","floor":24},{"not_picked":["Dagger Spray","Concentrate","Slice"],"picked":"Singing Bowl","floor":25},{"not_picked":["Flying Knee","Deadly Poison"],"picked":"Predator","floor":28},{"not_picked":["PiercingWail","Terror","Poisoned Stab"],"picked":"Singing Bowl","floor":31},{"not_picked":["A Thousand Cuts+1","Doppelganger"],"picked":"Bullet Time","floor":33},{"not_picked":["Infinite Blades+1","Outmaneuver","Underhanded Strike+1"],"picked":"Singing Bowl","floor":35},{"not_picked":["Blade Dance","Quick Slash+1","Well Laid Plans+1"],"picked":"Singing Bowl","floor":36},{"not_picked":["Skewer","Blade Dance","Dagger Throw"],"picked":"Singing Bowl","floor":38},{"not_picked":["Slice","Deflect","Dodge and Roll+1"],"picked":"Singing Bowl","floor":40},{"not_picked":["Concentrate","Adrenaline","Tactician+1"],"picked":"Singing Bowl","floor":41},{"not_picked":["Slice","Cloak And Dagger","Quick Slash"],"picked":"Singing Bowl","floor":44},{"not_picked":["Dagger Throw","Deadly Poison"],"picked":"After Image+1","floor":46},{"not_picked":["Sucker Punch","Terror","Flying Knee"],"picked":"Singing Bowl","floor":48}],"player_experience":1082138,"relics_obtained":[{"floor":6,"key":"Regal Pillow"},{"floor":8,"key":"Frozen Egg 2"},{"floor":9,"key":"Mummified Hand"},{"floor":25,"key":"Singing Bowl"},{"floor":26,"key":"Happy Flower"},{"floor":28,"key":"StrikeDummy"},{"floor":38,"key":"Pocketwatch"},{"floor":40,"key":"Paper Crane"},{"floor":43,"key":"Shuriken"},{"floor":46,"key":"Bottled Lightning"},{"floor":48,"key":"InkBottle"}],"event_choices":[{"damage_healed":0,"gold_gain":0,"player_choice":"Donut","damage_taken":0,"max_hp_gain":5,"max_hp_loss":0,"event_name":"Big Fish","floor":5,"gold_loss":0},{"damage_healed":0,"gold_gain":0,"cards_transformed":["Strike_G"],"player_choice":"Transformed","damage_taken":0,"max_hp_gain":0,"max_hp_loss":0,"event_name":"Transmorgrifier","floor":13,"gold_loss":0,"cards_obtained":["Dash"]},{"damage_healed":0,"gold_gain":0,"player_choice":"Became a Ghost","damage_taken":0,"max_hp_gain":0,"max_hp_loss":37,"event_name":"Ghosts","floor":27,"gold_loss":0,"cards_obtained":["Ghostly","Ghostly","Ghostly"]},{"cards_removed":["Defend_G"],"damage_healed":0,"gold_gain":0,"player_choice":"Offered Basic","damage_taken":0,"max_hp_gain":0,"max_hp_loss":0,"event_name":"Bonfire Elementals","floor":29,"gold_loss":0},{"damage_healed":0,"gold_gain":0,"player_choice":"Max HP","damage_taken":0,"max_hp_gain":0,"max_hp_loss":2,"event_name":"Winding Halls","floor":37,"gold_loss":0},{"damage_healed":0,"gold_gain":0,"player_choice":"Fight","damage_taken":0,"max_hp_gain":0,"max_hp_loss":0,"event_name":"MindBloom","floor":38,"gold_loss":0}],"is_beta":true,"boss_relics":[{"not_picked":["SacredBark","Sozu"],"picked":"Snecko Eye"},{"not_picked":["Runic Pyramid","Ring of the Serpent"],"picked":"Philosopher\u0027s Stone"}],"items_purged_floors":[19,39],"is_endless":false,"potions_floor_spawned":[2,8,10,11,14,16,18,20,24,25,28,35,36,40,48],"killed_by":"Awakened One","ascension_level":20}}