{"host":"tw8l0ya62jpokcsf","time":1612579374,"event":{"mods":["2.2 Compatiblity","AchievementEnabler","BaseMod","ChefMod","Colored Map","GifTheSpireLib","Hubris","Infinite Spire","Marisa????????","Minty Spire (QoL Compilation)","Permanent Neow","Relic Stats","Reliquary","Replay The Spire","StSLib","Stuff the Spire","The Death Knight","The Senshi","The Servant 0.9.4"],"gold_per_floor":[114,114,127,127,138,173,201,228,251,29,45,62,62,92,92,192,192,203,203,103,121,138,138,165,165,165,165,197,197,212,228,228,327,327,344,47,60,72,72,72,92,121,121,131,131,160,176,193,193,193,193],"floor_reached":50,"language":"ENG","playtime":3551,"items_purged":["DeathKnight:Strike_DeathKnight","StuffTheSpire:Perfection"],"score":689,"play_id":"01cb134b-3f97-4bea-b3a5-83dc1ce15f93","local_time":"20210206034254","is_ascension_mode":false,"campfire_choices":[{"data":"DeathKnight:Hysteria","floor":13.0,"key":"SMITH"},{"floor":15.0,"key":"REST"},{"floor":23.0,"key":"REST"},{"data":"DeathKnight:Simulacrum","floor":25.0,"key":"SMITH"},{"data":"DeathKnight:RuneStrike","floor":29.0,"key":"SMITH"},{"data":"DeathKnight:Runesurge","floor":32.0,"key":"SMITH"},{"floor":40.0,"key":"REST"},{"floor":45.0,"key":"RECALL"},{"data":"DeathKnight:Strike_DeathKnight","floor":49.0,"key":"PURGE"}],"circlet_count":0,"master_deck":["DeathKnight:Strike_DeathKnight+1","DeathKnight:Strike_DeathKnight","DeathKnight:Defend_DeathKnight+1","DeathKnight:Defend_DeathKnight","DeathKnight:Defend_DeathKnight","DeathKnight:Defend_DeathKnight+1","DeathKnight:RuneTap","DeathKnight:RuneStrike+1","DeathKnight:FrosPresence","DeathKnight:MindFreeze","DeathKnight:BoneStorm","DeathKnight:FrosPresence+1","DeathKnight:DeathCoil","DeathKnight:PlagueStrike","DeathKnight:DeathAndDecay","DeathKnight:Hysteria+1","DeathKnight:Pestilence","DeathKnight:Simulacrum+1","Shame","infinitespire:FutureSight","DeathKnight:Runesurge+1","DeathKnight:Contagion+1","DeathKnight:GargoyleSkin+1","infinitespire:FutureSight","DeathKnight:DarkSuccor+1","DeathKnight:IceboundArmor+1","DeathKnight:RaiseAlly+1","DeathKnight:Defile","DeathKnight:FrosPresence+1","DeathKnight:MutagenicPlague+1","DeathKnight:AntiMagicShell","DeathKnight:Razorice","DeathKnight:GargoyleSkin+1","DeathKnight:Contagion+1"],"relics":["DeathKnight:BrokenRuneblade","hubris:SlimyHat","Potion Belt","Odd Mushroom","Thread and Needle","StuffTheSpire:Saxophone","infinitespire:Joker Card","ReplayTheSpireMod:SealedPack","War Paint","Nloth\u0027s Gift","TungstenRod","hubris:Backtick","Bird Faced Urn","StuffTheSpire:DarkSteelAnvil","StuffTheSpire:GreaterSneckoEye","Bronze Scales","Mirror","Pet Ghost"],"acts_visited":["Exordium","TheCity","TheBeyond"],"potions_floor_usage":[],"damage_taken":[{"damage":0.0,"enemies":"2 Louse","floor":1.0,"turns":3.0},{"damage":1.0,"enemies":"Cultist","floor":3.0,"turns":5.0},{"damage":0.0,"enemies":"Jaw Worm","floor":5.0,"turns":6.0},{"damage":15.0,"enemies":"Gremlin Nob","floor":6.0,"turns":3.0},{"damage":15.0,"enemies":"The Mushroom Lair","floor":7.0,"turns":3.0},{"damage":7.0,"enemies":"Replay:BlueRogue","floor":8.0,"turns":11.0},{"damage":0.0,"enemies":"3 Louse","floor":11.0,"turns":5.0},{"damage":0.0,"enemies":"Looter","floor":12.0,"turns":3.0},{"damage":27.0,"enemies":"3 Sentries","floor":14.0,"turns":7.0},{"damage":0.0,"enemies":"The Guardian","floor":16.0,"turns":10.0},{"damage":37.0,"enemies":"2 Thieves","floor":18.0,"turns":3.0},{"damage":8.0,"enemies":"Shell Parasite","floor":21.0,"turns":4.0},{"damage":3.0,"enemies":"Centurion and Healer","floor":22.0,"turns":6.0},{"damage":27.0,"enemies":"Replay:Snechameleon","floor":24.0,"turns":6.0},{"damage":13.0,"enemies":"Nightmare","floor":28.0,"turns":7.0},{"damage":9.0,"enemies":"Shelled Parasite and Fungi","floor":30.0,"turns":5.0},{"damage":0.0,"enemies":"Snecko","floor":31.0,"turns":5.0},{"damage":10.0,"enemies":"Automaton","floor":33.0,"turns":9.0},{"damage":1.0,"enemies":"3 Darklings","floor":35.0,"turns":8.0},{"damage":0.0,"enemies":"Orb Walker","floor":37.0,"turns":3.0},{"damage":45.0,"enemies":"4 Shapes","floor":38.0,"turns":8.0},{"damage":5.0,"enemies":"Maw","floor":41.0,"turns":8.0},{"damage":0.0,"enemies":"Nemesis","floor":42.0,"turns":7.0},{"damage":0.0,"enemies":"3 Darklings","floor":44.0,"turns":6.0},{"damage":47.0,"enemies":"Nightmare","floor":46.0,"turns":7.0},{"damage":23.0,"enemies":"Writhing Mass","floor":47.0,"turns":5.0},{"damage":38.0,"enemies":"Jaw Worm Horde","floor":48.0,"turns":5.0},{"damage":10,"enemies":"hubris:GrandSnecko","floor":50,"turns":1}],"seed_played":"1807145816518547726","potions_obtained":[{"floor":6.0,"key":"Adrenaline Potion"},{"floor":11.0,"key":"AttackPotion"},{"floor":12.0,"key":"Regen Potion"},{"floor":14.0,"key":"Dexterity Potion"},{"floor":16.0,"key":"Dexterity Potion"},{"floor":18.0,"key":"SpeedPotion"},{"floor":22.0,"key":"Milkshake"},{"floor":24.0,"key":"Regen Potion"},{"floor":35.0,"key":"Dexterity Potion"},{"floor":41.0,"key":"SpeedPotion"},{"floor":46.0,"key":"Venom Potion"},{"floor":48.0,"key":"Ancient Potion"}],"is_trial":false,"path_per_floor":["M","?","M","?","M","E","?","E","T","$","M","M","R","E","R","B",null,"M","?","$","M","M","R","E","R","T","?","NM","R","M","M","R","B",null,"M","$","M","M","?","R","M","E","T","M","R","NM","M","M","R_BF","B"],"character_chosen":"DEATH_KNIGHT","items_purchased":["StuffTheSpire:Saxophone","StuffTheSpire:DarkSteelAnvil"],"campfire_rested":3,"item_purchase_floors":[10,36],"current_hp_per_floor":[75,75,74,74,74,59,44,37,37,37,37,37,37,10,32,32,75,38,38,38,30,27,49,37,37,37,37,39,39,30,30,30,20,75,75,75,75,38,19,41,46,60,60,74,74,36,27,5,5,0,0],"gold":193,"neow_bonus":"RANDOM_COMMON_RELIC","is_daily":false,"chose_seed":false,"campfire_upgraded":4,"win_rate":0.0,"timestamp":1612579374,"path_taken":["M","?","M","?","?","E","?","E","T","$","M","M","R","E","R","BOSS","M","?","$","M","M","R","E","R","T","?","NM","R","?","M","R","BOSS","M","$","?","M","?","R","M","E","T","M","R","NM","M","M","R_BF","BOSS"],"items_purchased_type":["Relic","Relic"],"build_version":"2020-12-22","purchased_purges":2,"victory":false,"max_hp_per_floor":[75,75,75,75,75,75,75,75,75,75,75,75,75,75,75,75,75,75,75,75,75,75,75,75,75,75,75,75,75,75,75,75,75,75,75,75,75,75,75,75,75,75,75,75,75,75,75,75,75,75,75],"relic_stats":{"counters":[28,159],"Bird Faced Urn":[90],"Bronze Scales":[108],"Nloth\u0027s Gift":9,"War Paint":["DeathKnight:GargoyleSkin","DeathKnight:Defend_DeathKnight"],"obtain_stats":[{"Potion Belt":6,"StuffTheSpire:Saxophone":10,"Thread and Needle":8,"infinitespire:Joker Card":14,"ReplayTheSpireMod:SealedPack":17,"hubris:SlimyHat":0,"Odd Mushroom":7,"War Paint":26,"Pet Ghost":46,"Centennial Puzzle":24,"hubris:Backtick":34,"Bird Faced Urn":34,"Bronze Scales":42,"StuffTheSpire:GreaterSneckoEye":39,"StuffTheSpire:DarkSteelAnvil":36,"Nloth\u0027s Gift":27,"Mirror":43,"DeathKnight:BrokenRuneblade":0,"TungstenRod":28},{"Potion Belt":4,"StuffTheSpire:Saxophone":6,"Thread and Needle":6,"infinitespire:Joker Card":9,"ReplayTheSpireMod:SealedPack":10,"hubris:SlimyHat":0,"Odd Mushroom":5,"War Paint":14,"Pet Ghost":25,"Centennial Puzzle":14,"hubris:Backtick":18,"Bird Faced Urn":18,"Bronze Scales":23,"StuffTheSpire:GreaterSneckoEye":21,"StuffTheSpire:DarkSteelAnvil":19,"Nloth\u0027s Gift":14,"Mirror":23,"DeathKnight:BrokenRuneblade":0,"TungstenRod":15},{"Potion Belt":17,"StuffTheSpire:Saxophone":31,"Thread and Needle":31,"infinitespire:Joker Card":46,"ReplayTheSpireMod:SealedPack":56,"hubris:SlimyHat":0,"Odd Mushroom":20,"War Paint":75,"Pet Ghost":148,"Centennial Puzzle":75,"hubris:Backtick":101,"Bird Faced Urn":101,"Bronze Scales":135,"StuffTheSpire:GreaterSneckoEye":120,"StuffTheSpire:DarkSteelAnvil":109,"Nloth\u0027s Gift":75,"Mirror":135,"DeathKnight:BrokenRuneblade":0,"TungstenRod":82}],"TungstenRod":33},"card_choices":[{"not_picked":["DeathKnight:ChainsOfIce","DeathKnight:ShatteringStrikes"],"picked":"DeathKnight:FrosPresence","floor":1.0},{"not_picked":["DeathKnight:PlagueStrike","DeathKnight:BloodTap"],"picked":"DeathKnight:MindFreeze","floor":3.0},{"not_picked":["DeathKnight:HartStrike","DeathKnight:Parry","DeathKnight:WraithWalk"],"picked":"SKIP","floor":5.0},{"not_picked":["DeathKnight:HartStrike","DeathKnight:BloodTap"],"picked":"DeathKnight:FrosPresence","floor":6.0},{"not_picked":["DeathKnight:BludPresence","DeathKnight:Runeguard"],"picked":"DeathKnight:DeathCoil","floor":7.0},{"not_picked":["DeathKnight:Lichborne","DeathKnight:DeathStrike"],"picked":"DeathKnight:PlagueStrike","floor":8.0},{"not_picked":["DeathKnight:UnholyPresence","DeathKnight:BoneStorm"],"picked":"DeathKnight:DeathAndDecay","floor":11.0},{"not_picked":["DeathKnight:BloodPact","DeathKnight:DreadStrike"],"picked":"DeathKnight:Hysteria","floor":12.0},{"not_picked":["DeathKnight:RuneShock","DeathKnight:Runeguard"],"picked":"DeathKnight:Pestilence","floor":14.0},{"not_picked":["DeathKnight:MarkOfBlood","DeathKnight:VampiricBlood"],"picked":"DeathKnight:Simulacrum","floor":16.0},{"not_picked":["infinitespire:Punishment","hubris:InfiniteBlow"],"picked":"infinitespire:FutureSight","floor":17.0},{"not_picked":["DeathKnight:SindragosasBreath","DeathKnight:UnholyExperiment"],"picked":"DeathKnight:Runesurge","floor":17.0},{"not_picked":["DeathKnight:DeathStrike","DeathKnight:GargoyleSkin"],"picked":"DeathKnight:Contagion+1","floor":18.0},{"not_picked":["DeathKnight:DeathGrip+1","DeathKnight:WraithWalk","DeathKnight:FrosPresence"],"picked":"SKIP","floor":21.0},{"not_picked":["DeathKnight:MindFreeze+1","DeathKnight:DreadStrike","DeathKnight:FrosPresence"],"picked":"SKIP","floor":22.0},{"not_picked":["DeathKnight:IcyTouch","DeathKnight:Culling"],"picked":"DeathKnight:GargoyleSkin","floor":24.0},{"not_picked":["ReplayTheSpireMod:Black Plague","infinitespire:SealOfDarkness+"],"picked":"infinitespire:FutureSight","floor":28.0},{"not_picked":["DeathKnight:Lichborne","DeathKnight:Parry"],"picked":"DeathKnight:DarkSuccor+1","floor":28.0},{"not_picked":["DeathKnight:BloodPact","DeathKnight:FoulBulwark+1"],"picked":"DeathKnight:IceboundArmor+1","floor":30.0},{"not_picked":["DeathKnight:Hysteria","DeathKnight:Parry"],"picked":"DeathKnight:RaiseAlly+1","floor":31.0},{"not_picked":["DeathKnight:BoneStorm","DeathKnight:Outbreak"],"picked":"DeathKnight:Defile","floor":33.0},{"not_picked":["DeathKnight:HartStrike+1","DeathKnight:RunicCorruption"],"picked":"DeathKnight:FrosPresence+1","floor":35.0},{"not_picked":["DeathKnight:Marrowrend+1","DeathKnight:BladedArmor","DeathKnight:BoneShield"],"picked":"SKIP","floor":37.0},{"not_picked":["DeathKnight:BloodEchoes","DeathKnight:HartStrike"],"picked":"DeathKnight:MutagenicPlague+1","floor":38.0},{"not_picked":["DeathKnight:DreadStrike","DeathKnight:ShatteringStrikes+1"],"picked":"DeathKnight:AntiMagicShell","floor":41.0},{"not_picked":["DeathKnight:Obliterate","DeathKnight:Simulacrum"],"picked":"DeathKnight:Razorice","floor":42.0},{"not_picked":["DeathKnight:UnholyPresence","DeathKnight:RuneShock+1","DeathKnight:BloodStrike"],"picked":"SKIP","floor":44.0},{"not_picked":["DeathKnight:UnholyPresence","DeathKnight:BoneSpear+1"],"picked":"DeathKnight:GargoyleSkin+1","floor":46.0},{"not_picked":["DeathKnight:RuneShock","DeathKnight:ScourgeStrike"],"picked":"DeathKnight:Contagion+1","floor":47.0},{"not_picked":["DeathKnight:Parry+1","DeathKnight:ShatteringStrikes+1","DeathKnight:Obliterate+1"],"picked":"SKIP","floor":48.0}],"player_experience":304184,"relics_obtained":[{"floor":6.0,"key":"Potion Belt"},{"floor":7.0,"key":"Odd Mushroom"},{"floor":8.0,"key":"Thread and Needle"},{"floor":14.0,"key":"infinitespire:Joker Card"},{"floor":24.0,"key":"Centennial Puzzle"},{"floor":26.0,"key":"War Paint"},{"floor":28.0,"key":"TungstenRod"},{"floor":39.0,"key":"StuffTheSpire:GreaterSneckoEye"},{"floor":42.0,"key":"Bronze Scales"},{"floor":43.0,"key":"Mirror"},{"floor":46.0,"key":"Pet Ghost"}],"event_choices":[{"damage_healed":0.0,"max_hp_gain":0.0,"max_hp_loss":0.0,"gold_gain":0.0,"cards_transformed":["DeathKnight:Strike_DeathKnight"],"event_name":"Transmorgrifier","player_choice":"Transformed","floor":4.0,"gold_loss":0.0,"damage_taken":0.0,"cards_obtained":["DeathKnight:BoneStorm"]},{"damage_healed":0.0,"max_hp_gain":0.0,"max_hp_loss":0.0,"gold_gain":0.0,"event_name":"Mushrooms","player_choice":"Fought Mushrooms","floor":7.0,"gold_loss":0.0,"damage_taken":0.0},{"damage_healed":0.0,"max_hp_gain":0.0,"max_hp_loss":0.0,"gold_gain":0.0,"event_name":"Ghosts","player_choice":"Ignored","floor":19.0,"gold_loss":0.0,"damage_taken":0.0},{"damage_healed":0.0,"max_hp_gain":0.0,"max_hp_loss":0.0,"gold_gain":0.0,"event_name":"N\u0027loth","player_choice":"Traded Relic","floor":27.0,"relics_lost":["Centennial Puzzle"],"gold_loss":0.0,"damage_taken":0.0,"relics_obtained":["Nloth\u0027s Gift"]}],"is_beta":false,"boss_relics":[{"not_picked":["StuffTheSpire:Kangaroo","SacredBark"],"picked":"ReplayTheSpireMod:SealedPack"},{"not_picked":["Runic Pyramid","ReplayTheSpireMod:DimensionalGlitch"],"picked":"hubris:Backtick"}],"items_purged_floors":[10,20],"is_endless":true,"potions_floor_spawned":[6,11,12,14,16,18,22,24,35,41,46,48],"killed_by":"hubris:GrandSnecko","ascension_level":0}}