{"host":"1ooxfz79hmpvpehx","time":1612579634,"event":{"mods":["BaseMod","Minty Spire (QoL Compilation)","Quick Restart","Replay The Spire","StSLib","SuperFastMode"],"gold_per_floor":[114,130,146,96,107,132,132,57,57,57,57,57],"floor_reached":11,"language":"ENG","playtime":213,"items_purged":["Strike_B"],"score":77,"play_id":"7efa1612-da32-48a8-93c3-eab46dfb716c","local_time":"20210205234714","is_ascension_mode":true,"campfire_choices":[],"circlet_count":0,"master_deck":["Strike_B","Strike_B","Strike_B","Defend_B","Defend_B","Defend_B","Defend_B","Zap","Creative AI"],"relics":["Sozu","Onion Ring","HornCleat"],"acts_visited":["Exordium"],"potions_floor_usage":[],"damage_taken":[{"damage":2,"enemies":"Small Slimes","floor":1,"turns":3},{"damage":6,"enemies":"2 Louse","floor":2,"turns":2},{"damage":3,"enemies":"Jaw Worm","floor":3,"turns":4},{"damage":5,"enemies":"Red Slaver","floor":5,"turns":4},{"damage":44,"enemies":"Gremlin Nob","floor":6,"turns":5},{"damage":15,"enemies":"Lagavulin","floor":11,"turns":7}],"seed_played":"8802881044226975428","potions_obtained":[],"is_trial":false,"path_per_floor":["M","M","M","?","M","E","?","$","T","$","E"],"character_chosen":"DEFECT","items_purchased":[],"campfire_rested":0,"item_purchase_floors":[],"current_hp_per_floor":[73,67,64,64,59,15,15,15,15,15,0,0],"gold":57,"neow_bonus":"BOSS_RELIC","is_daily":false,"chose_seed":false,"campfire_upgraded":0,"win_rate":0.0,"timestamp":1612579634,"path_taken":["M","M","M","?","M","E","?","$","T","$","E"],"items_purchased_type":[],"build_version":"2020-12-22","purchased_purges":1,"victory":false,"max_hp_per_floor":[75,75,75,75,75,75,75,75,75,75,75,75],"card_choices":[{"not_picked":["Compile Driver","Tempest","Streamline"],"picked":"SKIP","floor":1},{"not_picked":["Steam","Undo","Fusion"],"picked":"SKIP","floor":2},{"not_picked":["ReplaySolidLightProjector","BasicCrystalCard","Coolheaded"],"picked":"SKIP","floor":3},{"not_picked":["Chill","Creative AI","Reinforced Body"],"picked":"SKIP","floor":5},{"not_picked":["Chill","Reinforced Body"],"picked":"Creative AI","floor":5},{"not_picked":["BasicCrystalCard","Reinforced Body","Compile Driver"],"picked":"SKIP","floor":6}],"player_experience":26932,"relics_obtained":[{"floor":6,"key":"Onion Ring"},{"floor":9,"key":"HornCleat"}],"event_choices":[{"cards_removed":["Dualcast"],"damage_healed":0,"gold_gain":0,"player_choice":"Card Removal","damage_taken":0,"max_hp_gain":0,"max_hp_loss":0,"event_name":"The Cleric","floor":4,"gold_loss":50},{"damage_healed":0,"gold_gain":0,"player_choice":"Ignored","damage_taken":0,"max_hp_gain":0,"max_hp_loss":0,"event_name":"Shining Light","floor":7,"gold_loss":0}],"is_beta":false,"boss_relics":[],"items_purged_floors":[8],"is_endless":false,"potions_floor_spawned":[3,5,6],"killed_by":"Lagavulin","ascension_level":1}}