{"host":"yecadp3kwkksam5a","time":1612631752,"event":{"mods":["100% Spire Juice","Arknights","BaseMod","Minty Spire (QoL Compilation)","StSLib","SuperFastMode","The Cursed","WarShipGirlsR/??á´Ò³R mod"],"gold_per_floor":[132,163,113,150,150,150,203,203,203,21,75,115,128,187,187,280,280,320,320,320],"floor_reached":19,"language":"KOR","playtime":666,"items_purged":[],"score":304,"play_id":"54b8d6d3-bbd5-4b84-8be6-04165bb3e813","local_time":"20210207021552","is_ascension_mode":true,"campfire_choices":[{"data":"Defragment","floor":6,"key":"SMITH"},{"floor":8,"key":"REST"},{"data":"Coolheaded","floor":15,"key":"SMITH"}],"circlet_count":0,"master_deck":["AscendersBane","Strike_B","Strike_B","Strike_B","Defend_B","Defend_B","Defend_B","Defend_B","Zap","Dualcast","HandOfGreed","Coolheaded+1","Defragment+1","Compile Driver","Sweeping Beam","Seek","Turbo","Self Repair","Leap","Rainbow","Electrodynamics"],"relics":["Cracked Core","Golden Idol","FossilizedHelix","Cables","Membership Card","Ornamental Fan","Inserter"],"acts_visited":["Exordium","TheCity"],"potions_floor_usage":[],"damage_taken":[{"damage":10,"enemies":"2 Louse","floor":1,"turns":6},{"damage":2,"enemies":"Jaw Worm","floor":2,"turns":3},{"damage":0,"enemies":"Cultist","floor":4,"turns":4},{"damage":16,"enemies":"Lagavulin","floor":7,"turns":7},{"damage":0,"enemies":"Large Slime","floor":11,"turns":9},{"damage":1,"enemies":"Blue Slaver","floor":12,"turns":4},{"damage":7,"enemies":"Looter","floor":13,"turns":3},{"damage":5,"enemies":"Gremlin Nob","floor":14,"turns":4},{"damage":8,"enemies":"The Guardian","floor":16,"turns":13},{"damage":19,"enemies":"Chosen","floor":18,"turns":8}],"seed_played":"-2144687760832343676","potions_obtained":[{"floor":1,"key":"PotionOfCapacity"},{"floor":12,"key":"Explosive Potion"}],"is_trial":false,"path_per_floor":["M","M","?","M","?","R","E","R","T","$","M","M","M","E","R","B",null,"M","$"],"character_chosen":"DEFECT","items_purchased":["Membership Card","Seek"],"campfire_rested":1,"item_purchase_floors":[10,10],"current_hp_per_floor":[36,34,34,34,34,34,18,37,37,37,37,36,36,38,38,37,59,47,47,47],"gold":320,"neow_bonus":"RANDOM_COLORLESS_2","is_daily":false,"chose_seed":false,"campfire_upgraded":2,"win_rate":0.0,"timestamp":1612631752,"path_taken":["M","M","?","M","?","R","E","R","T","$","M","M","M","E","R","BOSS","M","$"],"items_purchased_type":["Relic","Card"],"build_version":"2020-12-22","purchased_purges":0,"victory":false,"max_hp_per_floor":[71,71,71,71,66,66,66,66,66,66,66,66,66,66,66,66,66,66,66,66],"card_choices":[{"not_picked":["Magnetism","Metamorphosis"],"picked":"HandOfGreed","floor":0},{"not_picked":["Barrage","Beam Cell"],"picked":"Coolheaded","floor":1},{"not_picked":["Leap","Go for the Eyes"],"picked":"Defragment","floor":2},{"not_picked":["Hologram","Leap"],"picked":"Compile Driver","floor":4},{"not_picked":["Redo","Steam Power"],"picked":"Sweeping Beam","floor":7},{"not_picked":["Go for the Eyes","Conserve Battery"],"picked":"Turbo","floor":11},{"not_picked":["Steam Power","BootSequence"],"picked":"Self Repair","floor":12},{"not_picked":["Fission","Streamline"],"picked":"Leap","floor":13},{"not_picked":["Reinforced Body","Rip and Tear"],"picked":"Rainbow","floor":14},{"not_picked":["Creative AI","Reboot"],"picked":"Electrodynamics","floor":16},{"not_picked":["Streamline","Lockon","Doom and Gloom"],"picked":"SKIP","floor":18}],"player_experience":614133,"relics_obtained":[{"floor":7,"key":"FossilizedHelix"},{"floor":9,"key":"Cables"},{"floor":14,"key":"Ornamental Fan"}],"event_choices":[{"cards_removed":["Strike_B"],"damage_healed":0,"gold_gain":0,"player_choice":"Card Removal","damage_taken":0,"max_hp_gain":0,"max_hp_loss":0,"event_name":"The Cleric","floor":3,"gold_loss":50},{"damage_healed":0,"gold_gain":0,"player_choice":"Lose Max HP","damage_taken":0,"relics_obtained":["Golden Idol"],"max_hp_gain":0,"max_hp_loss":5,"event_name":"Golden Idol","floor":5,"gold_loss":0}],"is_beta":false,"boss_relics":[{"not_picked":["FrozenCore","SlaversCollar"],"picked":"Inserter"}],"items_purged_floors":[],"is_endless":false,"potions_floor_spawned":[1,12,16],"ascension_level":14}}