{"host":"19r1ww88x2tc73i0","time":1612620450,"event":{"mods":["BaseMod","BetterRewards","Colored Map","Minty Spire (QoL Compilation)","Relic Stats","StSLib","SuperFastMode","slay the spire mod where everything is the same but ironclad has a cowboy hat"],"gold_per_floor":[118,118,135,151,167,167,178,211,211,211,245,262,187,218,218,290,290,304,319,352,371,371,371,401,401,401,413,413,413,442,442,442,517,517,530,540,762,62,62,93,93,123,149,197,212,245,245,280,280,280,280,280,280,2,31,31,31],"floor_reached":56,"language":"ENG","playtime":3131,"items_purged":["Strike_G","Strike_G"],"score":2317,"play_id":"7bba8ac1-5892-47a6-a465-14b91c6f6035","local_time":"25640206210730","is_ascension_mode":true,"campfire_choices":[{"data":"Bane","floor":6.0,"key":"SMITH"},{"data":"Noxious Fumes","floor":10.0,"key":"SMITH"},{"data":"After Image","floor":15.0,"key":"SMITH"},{"data":"Envenom","floor":23.0,"key":"SMITH"},{"data":"Footwork","floor":25.0,"key":"SMITH"},{"data":"Strike_G","floor":29.0,"key":"PURGE"},{"data":"Strike_G","floor":32.0,"key":"PURGE"},{"data":"Neutralize","floor":41.0,"key":"SMITH"},{"floor":47.0,"key":"REST"},{"floor":49.0,"key":"RECALL"},{"data":"Poisoned Stab","floor":53.0,"key":"PURGE"}],"circlet_count":0,"master_deck":["AscendersBane","Defend_G","Defend_G","Defend_G","Defend_G","Defend_G","Survivor","Neutralize+1","Noxious Fumes+1","Bane+1","Deflect","Dash","Deadly Poison","Sucker Punch","After Image+1","Cloak And Dagger+1","Backflip+1","PiercingWail+1","Envenom+1","Cloak And Dagger+1","Blade Dance+1","Blade Dance+1","Dodge and Roll+1","Footwork+1","PiercingWail+1","Cloak And Dagger+1","Phantasmal Killer+1","PiercingWail+1","Acrobatics+1","Master of Strategy+1","Night Terror+1","Tactician+1","Outmaneuver+1","PiercingWail+1","Well Laid Plans","Reflex+1","Leg Sweep+1","Acrobatics+1"],"relics":["Ring of the Serpent","TwistedFunnel","Peace Pipe","PreservedInsect","Strawberry","Toxic Egg 2","White Beast Statue","Lantern","Red Mask","Meat on the Bone","Ornamental Fan","Dream Catcher","Bag of Preparation","SacredBark","Happy Flower","MealTicket","Bag of Marbles","Dead Branch","Snake Skull","TungstenRod","Toy Ornithopter","Pantograph"],"acts_visited":["Exordium","TheCity","TheBeyond","TheEnding"],"potions_floor_usage":[55,56],"damage_taken":[{"damage":2.0,"enemies":"Small Slimes","floor":1.0,"turns":4.0},{"damage":1.0,"enemies":"Cultist","floor":3.0,"turns":3.0},{"damage":2.0,"enemies":"Jaw Worm","floor":4.0,"turns":3.0},{"damage":0.0,"enemies":"3 Louse","floor":5.0,"turns":3.0},{"damage":6.0,"enemies":"Large Slime","floor":7.0,"turns":5.0},{"damage":0.0,"enemies":"Gremlin Nob","floor":8.0,"turns":2.0},{"damage":6.0,"enemies":"Lagavulin","floor":11.0,"turns":5.0},{"damage":1.0,"enemies":"Looter","floor":12.0,"turns":3.0},{"damage":5.0,"enemies":"3 Sentries","floor":14.0,"turns":7.0},{"damage":22.0,"enemies":"Hexaghost","floor":16.0,"turns":8.0},{"damage":13.0,"enemies":"2 Thieves","floor":18.0,"turns":4.0},{"damage":0.0,"enemies":"3 Byrds","floor":19.0,"turns":5.0},{"damage":9.0,"enemies":"Masked Bandits","floor":20.0,"turns":4.0},{"damage":0.0,"enemies":"Centurion and Healer","floor":21.0,"turns":6.0},{"damage":13.0,"enemies":"Book of Stabbing","floor":24.0,"turns":6.0},{"damage":0.0,"enemies":"Snake Plant","floor":27.0,"turns":5.0},{"damage":4.0,"enemies":"Slavers","floor":30.0,"turns":5.0},{"damage":28.0,"enemies":"Automaton","floor":33.0,"turns":12.0},{"damage":0.0,"enemies":"Orb Walker","floor":35.0,"turns":4.0},{"damage":4.0,"enemies":"3 Shapes","floor":36.0,"turns":5.0},{"damage":8.0,"enemies":"Giant Head","floor":40.0,"turns":6.0},{"damage":6.0,"enemies":"Reptomancer","floor":42.0,"turns":6.0},{"damage":13.0,"enemies":"2 Orb Walkers","floor":44.0,"turns":5.0},{"damage":4.0,"enemies":"Spire Growth","floor":45.0,"turns":4.0},{"damage":0.0,"enemies":"Nemesis","floor":46.0,"turns":7.0},{"damage":0.0,"enemies":"Reptomancer","floor":48.0,"turns":6.0},{"damage":0.0,"enemies":"Donu and Deca","floor":50.0,"turns":9.0},{"damage":25.0,"enemies":"Time Eater","floor":51.0,"turns":14.0},{"damage":14,"enemies":"Shield and Spear","floor":55,"turns":6},{"damage":79,"enemies":"The Heart","floor":56,"turns":8}],"seed_played":"6442385982972691617","potions_obtained":[{"floor":2.0,"key":"DuplicationPotion"},{"floor":2.0,"key":"ColorlessPotion"},{"floor":3.0,"key":"GamblersBrew"},{"floor":4.0,"key":"Energy Potion"},{"floor":11.0,"key":"Fruit Juice"},{"floor":16.0,"key":"Swift Potion"},{"floor":18.0,"key":"Dexterity Potion"},{"floor":20.0,"key":"Strength Potion"},{"floor":21.0,"key":"Regen Potion"},{"floor":24.0,"key":"CunningPotion"},{"floor":27.0,"key":"Dexterity Potion"},{"floor":30.0,"key":"Dexterity Potion"},{"floor":33.0,"key":"Strength Potion"},{"floor":35.0,"key":"LiquidMemories"},{"floor":40.0,"key":"AttackPotion"},{"floor":42.0,"key":"CunningPotion"},{"floor":44.0,"key":"SkillPotion"},{"floor":45.0,"key":"DuplicationPotion"},{"floor":46.0,"key":"GhostInAJar"},{"floor":48.0,"key":"DuplicationPotion"},{"floor":55,"key":"EssenceOfSteel"}],"is_trial":false,"path_per_floor":["M","?","M","M","M","R","M","E","T","R","E","M","?","E","R","B",null,"M","M","?","M","?","R","E","R","T","M","?","R","E","T","R","B",null,"M","M","?","$","?","E","R","E","T","?","M","E","R","E","R","B","B",null,"R","$","E","B"],"character_chosen":"THE_SILENT","items_purchased":["TwistedFunnel","Noxious Fumes","PreservedInsect","Bane","Acrobatics+1","Happy Flower","Master of Strategy+1","Night Terror+1","Toy Ornithopter","Acrobatics+1","BlessingOfTheForge"],"campfire_rested":1,"item_purchase_floors":[0,0,0,0,38,38,38,38,54,54,54],"current_hp_per_floor":[57,57,56,54,54,54,48,55,55,55,49,48,48,43,43,26,65,52,52,43,43,43,43,45,45,45,45,45,45,41,41,41,25,65,65,61,61,61,61,53,53,47,47,46,42,42,64,64,64,64,39,65,65,74,60,0,0],"gold":31,"neow_bonus":"","is_daily":false,"chose_seed":false,"campfire_upgraded":6,"win_rate":0.0,"timestamp":1612620450,"path_taken":["M","?","?","M","M","R","M","E","T","R","E","M","?","E","R","BOSS","M","M","?","M","?","R","E","R","T","M","?","R","E","?","R","BOSS","M","M","?","$","?","E","R","E","T","?","M","E","R","E","R","BOSS","BOSS","R","$","E","BOSS"],"items_purchased_type":["Relic","Card","Relic","Card","Card","Relic","Card","Card","Relic","Card","Potion"],"build_version":"2020-12-22","purchased_purges":2,"victory":false,"max_hp_per_floor":[66,66,66,66,66,66,66,73,73,73,73,73,73,73,73,78,78,78,78,78,78,78,78,78,78,78,78,78,78,78,78,78,78,78,78,78,78,78,74,74,74,74,74,74,74,74,74,74,74,74,74,74,74,74,74,74,74],"relic_stats":{"Happy Flower":[23],"counters":[31,175],"Dead Branch":[178],"PreservedInsect":562,"Snake Skull":[143],"Bag of Preparation":[26],"Peace Pipe":4,"Dream Catcher":1,"Ornamental Fan":[348],"Pantograph":14,"MealTicket":9,"obtain_stats":[{"TwistedFunnel":0,"Lantern":14,"Happy Flower":38,"SacredBark":34,"Dead Branch":44,"PreservedInsect":0,"Snake Skull":46,"Bag of Preparation":31,"White Beast Statue":11,"Peace Pipe":0,"Dream Catcher":30,"Ornamental Fan":26,"Strawberry":8,"Pantograph":55,"Philosopher\u0027s Stone":0,"MealTicket":40,"Red Mask":20,"Bag of Marbles":42,"Toxic Egg 2":9,"Ring of the Serpent":17,"TungstenRod":48,"Toy Ornithopter":54,"Ring of the Snake":0,"Meat on the Bone":24},{"TwistedFunnel":1,"Lantern":10,"Happy Flower":21,"SacredBark":19,"Dead Branch":24,"PreservedInsect":1,"Snake Skull":26,"Bag of Preparation":18,"White Beast Statue":8,"Peace Pipe":1,"Dream Catcher":18,"Ornamental Fan":16,"Strawberry":7,"Pantograph":30,"Philosopher\u0027s Stone":0,"MealTicket":22,"Red Mask":14,"Bag of Marbles":23,"Toxic Egg 2":7,"Ring of the Serpent":11,"TungstenRod":27,"Toy Ornithopter":29,"Ring of the Snake":0,"Meat on the Bone":16},{"TwistedFunnel":5,"Lantern":40,"Happy Flower":104,"SacredBark":95,"Dead Branch":121,"PreservedInsect":5,"Snake Skull":132,"Bag of Preparation":83,"White Beast Statue":30,"Peace Pipe":5,"Dream Catcher":83,"Ornamental Fan":73,"Strawberry":25,"Pantograph":167,"Philosopher\u0027s Stone":0,"MealTicket":110,"Red Mask":61,"Bag of Marbles":116,"Toxic Egg 2":25,"Ring of the Serpent":48,"TungstenRod":138,"Toy Ornithopter":161,"Ring of the Snake":0,"Meat on the Bone":73}],"TungstenRod":41,"Toy Ornithopter":1,"Meat on the Bone":24},"card_choices":[{"not_picked":["Cloak And Dagger","Prepared"],"picked":"Deflect","floor":1.0},{"not_picked":["Endless Agony","Noxious Fumes"],"picked":"Dash","floor":3.0},{"not_picked":["Dodge and Roll","Cloak And Dagger"],"picked":"Poisoned Stab","floor":4.0},{"not_picked":["Masterful Stab","Flechettes"],"picked":"Deadly Poison","floor":5.0},{"not_picked":["Bane","Dodge and Roll"],"picked":"Sucker Punch","floor":7.0},{"not_picked":["Prepared","Sucker Punch"],"picked":"After Image","floor":8.0},{"not_picked":["Reflex+1","Expertise+1"],"picked":"Cloak And Dagger+1","floor":11.0},{"not_picked":["Masterful Stab","Distraction+1"],"picked":"Backflip+1","floor":12.0},{"not_picked":["Acrobatics+1","Blade Dance+1"],"picked":"PiercingWail+1","floor":14.0},{"not_picked":["Tools of the Trade","After Image"],"picked":"Envenom","floor":16.0},{"not_picked":["Underhanded Strike","PiercingWail+1"],"picked":"Cloak And Dagger+1","floor":18.0},{"not_picked":["Dagger Throw","Dodge and Roll+1"],"picked":"Blade Dance+1","floor":19.0},{"not_picked":["Tactician+1","Bane"],"picked":"Blade Dance+1","floor":20.0},{"not_picked":["Quick Slash","Finisher"],"picked":"Dodge and Roll+1","floor":21.0},{"not_picked":["Heel Hook","Cloak And Dagger+1"],"picked":"Footwork","floor":24.0},{"not_picked":["Dash","Slice","Poisoned Stab"],"picked":"SKIP","floor":27.0},{"not_picked":["Dagger Throw+1","Masterful Stab"],"picked":"Cloak And Dagger+1","floor":30.0},{"not_picked":["Doppelganger+1","Night Terror+1"],"picked":"Phantasmal Killer+1","floor":33.0},{"not_picked":["Poisoned Stab","Dodge and Roll+1","Underhanded Strike"],"picked":"SKIP","floor":35.0},{"not_picked":["Prepared+1","Cloak And Dagger+1"],"picked":"PiercingWail+1","floor":36.0},{"not_picked":["Deadly Poison+1","Heel Hook","All Out Attack"],"picked":"SKIP","floor":40.0},{"not_picked":["Heel Hook","Acrobatics+1"],"picked":"Tactician+1","floor":42.0},{"not_picked":["Bouncing Flask+1","Expertise+1"],"picked":"Outmaneuver+1","floor":44.0},{"not_picked":["Deadly Poison+1","Quick Slash+1"],"picked":"PiercingWail+1","floor":45.0},{"not_picked":["Envenom","A Thousand Cuts"],"picked":"Well Laid Plans","floor":46.0},{"not_picked":["Sucker Punch","Deadly Poison+1"],"picked":"Reflex+1","floor":47.0},{"not_picked":["Dagger Spray","Flechettes"],"picked":"Leg Sweep+1","floor":48.0},{"not_picked":["Quick Slash+1","Underhanded Strike","Well Laid Plans"],"picked":"SKIP","floor":55}],"player_experience":1015224,"relics_obtained":[{"floor":8.0,"key":"Strawberry"},{"floor":9.0,"key":"Toxic Egg 2"},{"floor":11.0,"key":"White Beast Statue"},{"floor":14.0,"key":"Lantern"},{"floor":20.0,"key":"Red Mask"},{"floor":24.0,"key":"Meat on the Bone"},{"floor":26.0,"key":"Ornamental Fan"},{"floor":30.0,"key":"Dream Catcher"},{"floor":31.0,"key":"Bag of Preparation"},{"floor":40.0,"key":"MealTicket"},{"floor":42.0,"key":"Bag of Marbles"},{"floor":44.0,"key":"Dead Branch"},{"floor":46.0,"key":"Snake Skull"},{"floor":48.0,"key":"TungstenRod"},{"floor":55,"key":"Pantograph"}],"event_choices":[{"damage_healed":0.0,"max_hp_gain":0.0,"max_hp_loss":0.0,"gold_gain":0.0,"event_name":"Lab","player_choice":"Got Potions","floor":2.0,"gold_loss":0.0,"damage_taken":0.0},{"cards_removed":["Strike_G"],"damage_healed":0.0,"max_hp_gain":0.0,"max_hp_loss":0.0,"gold_gain":0.0,"event_name":"The Cleric","player_choice":"Card Removal","floor":13.0,"gold_loss":75.0,"damage_taken":0.0},{"damage_healed":0.0,"max_hp_gain":0.0,"max_hp_loss":0.0,"gold_gain":0.0,"event_name":"Masked Bandits","player_choice":"Fought Bandits","floor":20.0,"gold_loss":0.0,"damage_taken":0.0},{"damage_healed":0.0,"max_hp_gain":0.0,"max_hp_loss":0.0,"gold_gain":0.0,"event_name":"Ghosts","player_choice":"Ignored","floor":22.0,"gold_loss":0.0,"damage_taken":0.0},{"damage_healed":0.0,"max_hp_gain":0.0,"max_hp_loss":0.0,"gold_gain":0.0,"event_name":"The Library","player_choice":"Read","floor":28.0,"gold_loss":0.0,"damage_taken":0.0,"cards_obtained":["PiercingWail"]},{"damage_healed":0.0,"max_hp_gain":0.0,"max_hp_loss":0.0,"gold_gain":222.0,"event_name":"Tomb of Lord Red Mask","player_choice":"Wore Mask","floor":37.0,"gold_loss":0.0,"damage_taken":0.0},{"damage_healed":0.0,"max_hp_gain":0.0,"max_hp_loss":4.0,"gold_gain":0.0,"event_name":"Winding Halls","player_choice":"Max HP","floor":39.0,"gold_loss":0.0,"damage_taken":0.0},{"damage_healed":0.0,"max_hp_gain":0.0,"max_hp_loss":0.0,"gold_gain":0.0,"event_name":"Mysterious Sphere","player_choice":"Fight","floor":44.0,"gold_loss":0.0,"damage_taken":0.0}],"is_beta":false,"boss_relics":[{"not_picked":["SlaversCollar","Tiny House"],"picked":"Ring of the Serpent"},{"not_picked":["Pandora\u0027s Box","Calling Bell"],"picked":"SacredBark"}],"items_purged_floors":[0,38],"is_endless":false,"potions_floor_spawned":[3,4,11,12,14,16,18,19,20,21,24,27,30,33,35,36,40,42,44,45,46,48,55],"killed_by":"The Heart","ascension_level":20}}