{"host":"wuernuywc9gl215o","time":1612618282,"event":{"mods":["AchievementEnabler","BaseMod","Block Reminder","Highlight Path","Key Reminder","Minty Spire (QoL Compilation)","Permanent Neow","Potion Indicator Mod","Quick Restart","Relic Stats"],"gold_per_floor":[116,127,142,142,158,183,183,196,220,240,15,15,26,61,61,136,136,153,78,78,2,17,17,17],"floor_reached":23,"language":"ENG","playtime":1687,"items_purged":["Strike_G"],"score":515,"play_id":"34b8993e-78bb-4b34-b6de-73bba2159d8e","local_time":"20210206133122","is_ascension_mode":true,"campfire_choices":[{"data":"Neutralize","floor":7.0,"key":"SMITH"},{"data":"Sucker Punch","floor":12.0,"key":"SMITH"},{"floor":15.0,"key":"REST"}],"circlet_count":0,"master_deck":["AscendersBane","Strike_G","Strike_G","Defend_G","Defend_G","Defend_G","Defend_G","Defend_G","Survivor","Neutralize+1","Backstab","Calculated Gamble","Quick Slash","Slice","PiercingWail","Dodge and Roll","Sucker Punch+1","Backflip","Wraith Form v2","Envenom","Infinite Blades","Dodge and Roll","Well Laid Plans","Flying Knee+1"],"relics":["Ring of the Snake","Oddly Smooth Stone","MealTicket","Happy Flower","Centennial Puzzle","Philosopher\u0027s Stone"],"acts_visited":["Exordium","TheCity"],"potions_floor_usage":[],"damage_taken":[{"damage":0.0,"enemies":"2 Louse","floor":1.0,"turns":3.0},{"damage":0.0,"enemies":"Cultist","floor":2.0,"turns":3.0},{"damage":0.0,"enemies":"Jaw Worm","floor":3.0,"turns":4.0},{"damage":8.0,"enemies":"Exordium Thugs","floor":5.0,"turns":5.0},{"damage":20.0,"enemies":"3 Sentries","floor":6.0,"turns":9.0},{"damage":3.0,"enemies":"Blue Slaver","floor":8.0,"turns":3.0},{"damage":4.0,"enemies":"Gremlin Gang","floor":10.0,"turns":7.0},{"damage":5.0,"enemies":"Red Slaver","floor":13.0,"turns":2.0},{"damage":17.0,"enemies":"Gremlin Nob","floor":14.0,"turns":4.0},{"damage":42.0,"enemies":"The Guardian","floor":16.0,"turns":19.0},{"damage":0.0,"enemies":"Shell Parasite","floor":18.0,"turns":10.0},{"damage":14.0,"enemies":"Chosen","floor":22.0,"turns":5.0},{"damage":59,"enemies":"Slavers","floor":23,"turns":10}],"seed_played":"-6857296435075055525","potions_obtained":[{"floor":1.0,"key":"Energy Potion"},{"floor":2.0,"key":"PowerPotion"},{"floor":5.0,"key":"AttackPotion"},{"floor":14.0,"key":"EntropicBrew"}],"is_trial":false,"path_per_floor":["M","M","M","?","M","E","R","M","T","M","$","R","M","E","R","B",null,"M","?","?","$","M","E"],"character_chosen":"THE_SILENT","items_purchased":["Happy Flower","Well Laid Plans"],"campfire_rested":1,"item_purchase_floors":[11,21],"current_hp_per_floor":[65,65,65,65,57,37,37,34,34,30,45,45,40,23,44,2,55,55,55,55,70,56,0,0],"gold":17,"neow_bonus":"TEN_PERCENT_HP_BONUS","is_daily":false,"chose_seed":false,"campfire_upgraded":2,"win_rate":0.0,"timestamp":1612618282,"path_taken":["M","M","M","?","M","E","R","M","T","M","$","R","?","E","R","BOSS","M","?","?","$","?","E"],"items_purchased_type":["Relic","Card"],"build_version":"2020-12-22","purchased_purges":1,"victory":false,"max_hp_per_floor":[72,72,72,72,72,72,72,72,72,72,72,72,72,72,72,72,72,72,72,72,72,72,72,72],"relic_stats":{"Centennial Puzzle":[9],"Happy Flower":[16],"counters":[13,84],"MealTicket":30,"obtain_stats":[{"Centennial Puzzle":14,"Happy Flower":11,"Oddly Smooth Stone":6,"MealTicket":9,"Philosopher\u0027s Stone":17,"Ring of the Snake":0},{"Centennial Puzzle":9,"Happy Flower":7,"Oddly Smooth Stone":5,"MealTicket":6,"Philosopher\u0027s Stone":10,"Ring of the Snake":0},{"Centennial Puzzle":40,"Happy Flower":34,"Oddly Smooth Stone":24,"MealTicket":27,"Philosopher\u0027s Stone":59,"Ring of the Snake":0}],"Ring of the Snake":[26]},"card_choices":[{"not_picked":["Accuracy","Finisher"],"picked":"Backstab","floor":1.0},{"not_picked":["PiercingWail","Deadly Poison"],"picked":"Calculated Gamble","floor":2.0},{"not_picked":["Calculated Gamble","Cloak And Dagger"],"picked":"Quick Slash","floor":3.0},{"not_picked":["Choke","Quick Slash"],"picked":"Slice","floor":5.0},{"not_picked":["Slice","Infinite Blades"],"picked":"PiercingWail","floor":6.0},{"not_picked":["Terror","Slice"],"picked":"Dodge and Roll","floor":8.0},{"not_picked":["Storm of Steel","Endless Agony"],"picked":"Sucker Punch","floor":10.0},{"not_picked":["Dodge and Roll","Sucker Punch"],"picked":"Backflip","floor":13.0},{"not_picked":["Calculated Gamble","Distraction"],"picked":"Wraith Form v2","floor":14.0},{"not_picked":["Tools of the Trade","A Thousand Cuts"],"picked":"Envenom","floor":16.0},{"not_picked":["Concentrate","Finisher"],"picked":"Infinite Blades","floor":18.0},{"not_picked":["Tactician","Deflect"],"picked":"Flying Knee+1","floor":22.0}],"player_experience":835813,"relics_obtained":[{"floor":6.0,"key":"Oddly Smooth Stone"},{"floor":9.0,"key":"MealTicket"},{"floor":14.0,"key":"Centennial Puzzle"}],"event_choices":[{"damage_healed":0.0,"max_hp_gain":0.0,"max_hp_loss":0.0,"gold_gain":0.0,"event_name":"The Woman in Blue","player_choice":"Bought 0 Potions","floor":4.0,"gold_loss":0.0,"damage_taken":0.0},{"cards_removed":["Strike_G"],"damage_healed":0.0,"max_hp_gain":0.0,"max_hp_loss":0.0,"gold_gain":0.0,"event_name":"Beggar","player_choice":"Gave Gold","floor":19.0,"gold_loss":75.0,"damage_taken":0.0},{"damage_healed":0.0,"max_hp_gain":0.0,"max_hp_loss":0.0,"gold_gain":0.0,"cards_transformed":["Strike_G"],"event_name":"Transmorgrifier","player_choice":"Transformed","floor":20.0,"gold_loss":0.0,"damage_taken":0.0,"cards_obtained":["Dodge and Roll"]}],"is_beta":false,"boss_relics":[{"not_picked":["Fusion Hammer","SacredBark"],"picked":"Philosopher\u0027s Stone"}],"items_purged_floors":[11],"is_endless":false,"potions_floor_spawned":[1,2,5,14],"killed_by":"Slavers","ascension_level":14}}