{"host":"0rw6szqh3yi1u2jw","time":1612591728,"event":{"mods":["BaseMod","Bestiary","Minty Spire (QoL Compilation)"],"gold_per_floor":[110,110,123,143,154,187,200,200,200,219,219,235,5,40,40,137,137,152,67,55,55,55,55,55],"floor_reached":23,"language":"ENG","playtime":1338,"items_purged":[],"score":291,"play_id":"098d8cfd-3be0-4dac-a1a1-6645849f1400","local_time":"20210206010848","is_ascension_mode":true,"campfire_choices":[{"data":"Poisoned Stab","floor":8.0,"key":"SMITH"},{"data":"Noxious Fumes","floor":11.0,"key":"SMITH"},{"data":"Strike_G","floor":15.0,"key":"PURGE"}],"circlet_count":0,"master_deck":["Defend_G","Defend_G","Defend_G","Defend_G","Defend_G","Survivor","Neutralize","Sadistic Nature","Backflip","Poisoned Stab+1","Terror","Flying Knee","Leg Sweep","Prepared","Noxious Fumes+1","Escape Plan","Blur","Catalyst","Dagger Throw","Wraith Form v2","Well Laid Plans","Underhanded Strike+1","Bite","Bite","Bite","Bite","Bite"],"relics":["Ring of the Serpent","Dream Catcher","Peace Pipe","Bag of Preparation","FossilizedHelix","Tingsha"],"acts_visited":["Exordium","TheCity"],"potions_floor_usage":[],"damage_taken":[{"damage":0.0,"enemies":"Small Slimes","floor":1.0,"turns":4.0},{"damage":1.0,"enemies":"Cultist","floor":3.0,"turns":4.0},{"damage":0.0,"enemies":"Jaw Worm","floor":4.0,"turns":3.0},{"damage":3.0,"enemies":"2 Fungi Beasts","floor":5.0,"turns":3.0},{"damage":7.0,"enemies":"Lagavulin","floor":6.0,"turns":8.0},{"damage":4.0,"enemies":"3 Louse","floor":7.0,"turns":5.0},{"damage":5.0,"enemies":"Exordium Thugs","floor":10.0,"turns":3.0},{"damage":8.0,"enemies":"Gremlin Gang","floor":12.0,"turns":5.0},{"damage":16.0,"enemies":"3 Sentries","floor":14.0,"turns":6.0},{"damage":0.0,"enemies":"Slime Boss","floor":16.0,"turns":7.0},{"damage":1,"enemies":"Shell Parasite","floor":18,"turns":4},{"damage":1,"enemies":"2 Thieves","floor":20,"turns":4},{"damage":52,"enemies":"Book of Stabbing","floor":23,"turns":8}],"seed_played":"-4553612568798710995","potions_obtained":[{"floor":1.0,"key":"AttackPotion"},{"floor":4.0,"key":"Ancient Potion"},{"floor":10.0,"key":"EntropicBrew"},{"floor":16.0,"key":"LiquidMemories"},{"floor":20,"key":"AttackPotion"}],"is_trial":false,"path_per_floor":["M","?","M","M","M","E","M","R","T","M","R","M","$","E","R","B",null,"M","?","M","?","$","E"],"character_chosen":"THE_SILENT","items_purchased":["Bag of Preparation","Catalyst"],"campfire_rested":0,"item_purchase_floors":[13,13],"current_hp_per_floor":[63,63,62,62,59,52,48,48,48,43,43,35,35,19,19,19,63,62,62,61,44,44,0,0],"gold":55,"neow_bonus":"RANDOM_COLORLESS_2","is_daily":false,"chose_seed":false,"campfire_upgraded":2,"win_rate":0.0,"timestamp":1612591728,"path_taken":["M","?","M","?","M","E","M","R","T","M","R","M","$","E","R","BOSS","M","?","M","?","$","E"],"items_purchased_type":["Relic","Card"],"build_version":"2020-12-22","purchased_purges":0,"victory":false,"max_hp_per_floor":[63,63,63,63,63,63,63,63,63,63,63,63,63,63,63,63,63,63,63,63,44,44,44,44],"card_choices":[{"not_picked":["Secret Technique","Thinking Ahead"],"picked":"Sadistic Nature","floor":0.0},{"not_picked":["Accuracy","Expertise"],"picked":"Backflip","floor":1.0},{"not_picked":["Tactician","Dagger Throw"],"picked":"Terror","floor":3.0},{"not_picked":["Dagger Spray","Terror"],"picked":"Flying Knee","floor":4.0},{"not_picked":["Dagger Spray","Slice"],"picked":"Leg Sweep","floor":5.0},{"not_picked":["Dodge and Roll","Acrobatics"],"picked":"Prepared","floor":6.0},{"not_picked":["Outmaneuver","Sucker Punch"],"picked":"Noxious Fumes","floor":7.0},{"not_picked":["Deflect","Prepared"],"picked":"Escape Plan","floor":10.0},{"not_picked":["Deflect","Flechettes"],"picked":"Blur","floor":12.0},{"not_picked":["Backflip","Deflect"],"picked":"Dagger Throw","floor":14.0},{"not_picked":["Adrenaline","Tools of the Trade"],"picked":"Wraith Form v2","floor":16.0},{"not_picked":["Deflect","Dagger Spray"],"picked":"Well Laid Plans","floor":18},{"not_picked":["Blade Dance+1","Dagger Throw"],"picked":"Underhanded Strike+1","floor":20}],"player_experience":123167,"relics_obtained":[{"floor":6.0,"key":"Dream Catcher"},{"floor":9.0,"key":"Peace Pipe"},{"floor":14.0,"key":"FossilizedHelix"}],"event_choices":[{"damage_healed":0.0,"max_hp_gain":0.0,"max_hp_loss":0.0,"gold_gain":0.0,"event_name":"Match and Keep!","player_choice":"1 cards matched","floor":2.0,"gold_loss":0.0,"damage_taken":0.0,"cards_obtained":["Poisoned Stab"]},{"damage_healed":0,"gold_gain":0,"player_choice":"Obtained Relic","damage_taken":0,"relics_obtained":["Tingsha"],"max_hp_gain":0,"max_hp_loss":0,"event_name":"Addict","floor":19,"gold_loss":85},{"damage_healed":0,"gold_gain":0,"player_choice":"Became a vampire","damage_taken":0,"max_hp_gain":0,"max_hp_loss":19,"event_name":"Vampires","floor":21,"gold_loss":0,"cards_obtained":["Bite","Bite","Bite","Bite","Bite"]}],"is_beta":false,"boss_relics":[{"not_picked":["Coffee Dripper","WristBlade"],"picked":"Ring of the Serpent"}],"items_purged_floors":[],"is_endless":false,"potions_floor_spawned":[1,4,10,16,20],"killed_by":"Book of Stabbing","ascension_level":1}}