{"host":"ekyl8r8j8fco3zlk","time":1612632229,"event":{"mods":["Act Like it!","Arknights","BaseMod","CapriCore","Decade(Õı–°√˜)","Dota2Spire","Friendly Minions","Gensokyo","Marisa£®ÏF”Í°°ƒß¿Ì…≥£©","Minty Spire (QoL Compilation)","READ ME - Guardian Mod","Rare Cards Sparkle","Reimu£®≤©¿ˆ¡È√Œ£©","StSLib","The Alterego","The Immortal","The Jungle","The Senshi","TheWitcher","Waifu the Spire","WarShipGirlsR/’ΩΩ¢…Ÿ≈ÆR mod","Yakumo Yukari mod","°æ“≈ŒÔø®≈∆°øREMEMod"],"gold_per_floor":[114,127,127,140,100,100,113,113,186,219,219,237,237,276,276,397,397,397],"floor_reached":17,"language":"ZHS","playtime":681,"items_purged":[],"score":215,"play_id":"5f91a707-5c53-4952-a99b-11abd373fb5e","local_time":"20210207012349","is_ascension_mode":false,"campfire_choices":[{"data":"AutoVajin","floor":6,"key":"SMITH"},{"data":"FormRide","floor":8,"key":"SMITH"},{"data":"AttackRide","floor":11,"key":"SMITH"},{"data":"Dragreder","floor":15,"key":"SMITH"}],"circlet_count":0,"master_deck":["Decade_Attack","Decade_Attack","Decade_Attack","KamenRide","Decade_SpecialSkill","Decade_Defend","Decade_Defend","Decade_Defend","Decade_Defend","DenO_Gun","AutoVajin+1","UnarmedAttack1","AttackRide+1","FormRide+1","UnarmedAttack1","KamenRideKuuga","KamenRideKiva","Decade_Dash1","Dragreder+1","Kuuga_Rising","RideBooker","Kiva_Bats","Kiva_Frozen","RideBooker_Skill_1"],"relics":["Decadriver","TOEIDeficitBill","REME_ComplimentaryCards","PaintedHorse:ReiMu","Bottled Lightning","Smiling Mask","Golden Idol","Peace Pipe","REME_ChargedStone"],"acts_visited":["Exordium","TheCity"],"potions_floor_usage":[],"damage_taken":[{"damage":6,"enemies":"Cultist","floor":1,"turns":3},{"damage":0,"enemies":"2 Louse","floor":2,"turns":3},{"damage":0,"enemies":"Jaw Worm","floor":4,"turns":3},{"damage":11,"enemies":"Red Slaver","floor":7,"turns":3},{"damage":0,"enemies":"Lagavulin","floor":10,"turns":4},{"damage":2,"enemies":"Blue Slaver","floor":12,"turns":4},{"damage":0,"enemies":"Gremlin Nob","floor":14,"turns":3},{"damage":24,"enemies":"Slime Boss","floor":16,"turns":7}],"seed_played":"-8533085578294909722","potions_obtained":[{"floor":2,"key":"Strength Potion"},{"floor":12,"key":"DuplicationPotion"},{"floor":14,"key":"SkillPotion"}],"is_trial":false,"path_per_floor":["M","M","?","M","?","R","M","R","T","E","R","M","?","E","R","B",null],"character_chosen":"Decade","items_purchased":[],"campfire_rested":0,"item_purchase_floors":[],"current_hp_per_floor":[64,64,64,64,64,64,53,53,53,63,63,69,49,59,59,66,80,80],"gold":397,"neow_bonus":"TRANSFORM_CARD","is_daily":false,"chose_seed":false,"campfire_upgraded":4,"win_rate":0.0,"timestamp":1612632229,"path_taken":["M","?","?","M","?","R","M","R","T","E","R","M","?","E","R","BOSS"],"items_purchased_type":[],"build_version":"2020-12-22","purchased_purges":0,"victory":false,"max_hp_per_floor":[70,70,70,70,70,70,70,70,70,80,80,80,80,80,80,80,80,80],"card_choices":[{"not_picked":["FormRidePegasus","DragClaw"],"picked":"AutoVajin","floor":1},{"not_picked":["UnarmedAttack5","Hibiki_Attack1"],"picked":"UnarmedAttack1","floor":1},{"not_picked":["FormRideFlame","UnarmedAttack5"],"picked":"AttackRide","floor":2},{"not_picked":["Decade_Invisible","DenO_Gun"],"picked":"FormRide","floor":2},{"not_picked":["DenO_Gun","KamenRideAgito"],"picked":"Kuuga_Rising","floor":4},{"not_picked":["KamenRideHibiki","Blade_Mach","UnarmedAttack1"],"picked":"SKIP","floor":4},{"not_picked":["DenO_Gun","FormRidePegasus"],"picked":"RideBooker","floor":7},{"not_picked":["Hibiki_Attack3","KamenRideKiva"],"picked":"Kiva_Bats","floor":10},{"not_picked":["DragClaw","DenO_Rod"],"picked":"Kiva_Frozen","floor":14},{"not_picked":["FormRideBasshaa","PhotonAcceleration"],"picked":"RideBooker_Skill_1","floor":14}],"player_experience":600644,"relics_obtained":[{"floor":9,"key":"Bottled Lightning"},{"floor":10,"key":"Smiling Mask"},{"floor":14,"key":"Peace Pipe"}],"event_choices":[{"damage_healed":0,"gold_gain":0,"player_choice":"»˚«Æ","damage_taken":0,"relics_obtained":["PaintedHorse:ReiMu"],"max_hp_gain":0,"max_hp_loss":0,"event_name":"yidonshenshe","floor":5,"gold_loss":40},{"damage_healed":0,"gold_gain":0,"player_choice":"Take Damage","damage_taken":20,"relics_obtained":["Golden Idol"],"max_hp_gain":0,"max_hp_loss":0,"event_name":"Golden Idol","floor":13,"gold_loss":0}],"is_beta":false,"boss_relics":[{"not_picked":["Runic Pyramid","RedLine:ReiMu"],"picked":"REME_ChargedStone"}],"items_purged_floors":[],"is_endless":false,"potions_floor_spawned":[2,7,12,14],"ascension_level":0}}