{"host":"oopoa2qluour3scl","time":1612650251,"event":{"mods":["2.2 Compatiblity","AchievementEnabler","AlwaysNeverKeys","BaseMod","Better Match","Better Note","Better Sensory Stone","Better Third Choice","Better Vampires","BetterRewards","Colored Powertips","Communication Mod","Minty Spire (QoL Compilation)","Practice Mode","Random Character Button","Relic Stats","StSLib","SuperFastMode","Swap Starting Deck Mod"],"gold_per_floor":[116,133,31,2,15,44,44,60,85,85,160,179,199,254,254,356,356,369,387,287,305,305,339,339,354,354,354,382,382,382,382,382,487,487,497,497,509,509,525,555,555,555,555,569,569,596,596,615,615,615,615],"floor_reached":50,"language":"ENG","playtime":2012,"items_purged":["Strike_G","Defend_G"],"score":765,"play_id":"090de660-02de-4e62-b0ad-ab592f9a4d08","local_time":"20210206232411","is_ascension_mode":false,"campfire_choices":[{"data":"1","floor":7,"key":"LIFT"},{"data":"2","floor":10,"key":"LIFT"},{"floor":15,"key":"REST"},{"data":"3","floor":29,"key":"LIFT"},{"floor":32,"key":"REST"},{"floor":41,"key":"REST"},{"floor":45,"key":"REST"},{"floor":47,"key":"REST"},{"data":"Panache","floor":49,"key":"SMITH"}],"circlet_count":0,"master_deck":["Strike_G","Strike_G","Strike_G","Strike_G","Defend_G","Defend_G+1","Defend_G+1","Defend_G","Survivor","Neutralize","Phantasmal Killer+1","Cloak And Dagger+1","Finisher","PiercingWail+1","Outmaneuver+1","Storm of Steel+1","Backflip+1","Blade Dance+1","Prepared+1","Deflect+1","Expertise+1","Glass Knife","Calculated Gamble+1","Storm of Steel+1","Infinite Blades","Blade Dance+1","Apotheosis+1","A Thousand Cuts","Bullet Time+1","Tactician+1","Panache+1","PanicButton+1","Insight+1","Phantasmal Killer+1","Reflex+1","Reflex+1","Concentrate+1","Quick Slash+1","Escape Plan+1","Setup+1"],"relics":["Ring of the Snake","Toxic Egg 2","Girya","Orrery","betterThird:SlimedRelic","Lantern","Centennial Puzzle","War Paint","Philosopher\u0027s Stone","Bronze Scales","Bag of Preparation","betterThird:NestCultRelic","White Beast Statue","Black Star","Gambling Chip","Gremlin Horn","Bottled Tornado","Bottled Flame","Omamori"],"acts_visited":["Exordium","TheCity","TheBeyond"],"potions_floor_usage":[18,25,28,28,35,39,44,46,50,50],"damage_taken":[{"damage":1,"enemies":"Cultist","floor":1,"turns":3},{"damage":0,"enemies":"2 Louse","floor":2,"turns":2},{"damage":0,"enemies":"Jaw Worm","floor":5,"turns":3},{"damage":12,"enemies":"Gremlin Nob","floor":6,"turns":4},{"damage":0,"enemies":"Looter","floor":8,"turns":2},{"damage":0,"enemies":"Red Slaver","floor":12,"turns":1},{"damage":0,"enemies":"Blue Slaver","floor":13,"turns":2},{"damage":4,"enemies":"Hexaghost","floor":16,"turns":8},{"damage":7,"enemies":"2 Thieves","floor":18,"turns":2},{"damage":0,"enemies":"Spheric Guardian","floor":19,"turns":2},{"damage":0,"enemies":"Snake Plant","floor":21,"turns":1},{"damage":6,"enemies":"Gremlin Leader","floor":23,"turns":4},{"damage":0,"enemies":"Snecko","floor":25,"turns":3},{"damage":35,"enemies":"Slavers","floor":28,"turns":2},{"damage":18,"enemies":"Collector","floor":33,"turns":4},{"damage":32,"enemies":"3 Darklings","floor":35,"turns":3},{"damage":15,"enemies":"3 Shapes","floor":37,"turns":3},{"damage":28,"enemies":"Jaw Worm Horde","floor":39,"turns":3},{"damage":0,"enemies":"Reptomancer","floor":40,"turns":4},{"damage":12,"enemies":"Maw","floor":44,"turns":4},{"damage":0,"enemies":"Nemesis","floor":46,"turns":1},{"damage":3,"enemies":"4 Shapes","floor":48,"turns":2},{"damage":69,"enemies":"Time Eater","floor":50,"turns":7}],"seed_played":"2340392897459966714","potions_obtained":[{"floor":6,"key":"Explosive Potion"},{"floor":12,"key":"DuplicationPotion"},{"floor":16,"key":"PowerPotion"},{"floor":23,"key":"SkillPotion"},{"floor":25,"key":"Fruit Juice"},{"floor":28,"key":"Explosive Potion"},{"floor":33,"key":"Fire Potion"},{"floor":35,"key":"Fruit Juice"},{"floor":39,"key":"LiquidMemories"},{"floor":44,"key":"EssenceOfSteel"},{"floor":46,"key":"Fruit Juice"}],"is_trial":false,"path_per_floor":["M","M","$","?","M","E","R","M","T","R","?","M","M","T","R","B",null,"M","M","$","M","?","E","?","M","T","?","E","R","?","?","R","B",null,"M","?","M","?","M","E","R","?","T","M","R","E","R","M","R","B"],"character_chosen":"THE_SILENT","items_purchased":["Toxic Egg 2","Girya","Orrery","Blade Dance+1"],"campfire_rested":5,"item_purchase_floors":[0,0,0,3],"current_hp_per_floor":[69,69,69,58,58,46,46,46,46,46,39,39,39,39,60,56,70,63,63,63,63,63,57,57,57,57,57,27,27,27,27,49,31,75,43,43,28,28,5,5,27,27,27,15,37,37,59,56,56,0,0],"gold":615,"neow_bonus":"","is_daily":false,"chose_seed":false,"campfire_upgraded":1,"win_rate":0.0,"timestamp":1612650251,"path_taken":["M","?","$","?","M","E","R","M","T","R","?","?","M","?","R","BOSS","M","M","$","M","?","E","?","M","T","?","E","R","?","?","R","BOSS","M","?","M","?","M","E","R","?","T","M","R","E","R","M","R","BOSS"],"items_purchased_type":["Relic","Relic","Relic","Card"],"build_version":"2020-12-22","purchased_purges":2,"victory":false,"max_hp_per_floor":[70,70,70,70,70,70,70,70,70,70,70,70,70,70,70,70,70,70,70,70,70,70,70,70,70,70,70,75,75,75,75,75,75,75,75,75,75,71,76,76,76,76,76,76,76,76,76,76,76,81,81],"relic_stats":{"Centennial Puzzle":[30],"Gremlin Horn":[3,3],"counters":[128,487],"Bronze Scales":[97],"Gambling Chip":[29],"Bag of Preparation":[20],"Black Star":2,"War Paint":["Doppelganger","Deadly Poison","Defend_G","Defend_G"],"obtain_stats":[{"Gremlin Horn":40,"CeramicFish":48,"Vajra":28,"Whetstone":26,"Bottled Tornado":43,"Sling":20,"Sozu":0,"Centennial Puzzle":13,"Lizard Tail":10,"HornCleat":30,"Sundial":7,"Strawberry":25,"Philosopher\u0027s Stone":17,"Fusion Hammer":17,"Toxic Egg 2":0,"Girya":37,"Pear":26,"Astrolabe":17,"Dead Branch":30,"Eternal Feather":8,"Letter Opener":24,"War Paint":40,"Question Card":38,"Cables":0,"Bottled Flame":10,"Shuriken":38,"Bronze Scales":0,"Bird Faced Urn":9,"Snecko Eye":17,"Molten Egg 2":26,"Black Star":17,"StrikeDummy":6,"Pocketwatch":6,"Regal Pillow":0,"Lantern":6,"Singing Bowl":25,"Snake Skull":0,"Bag of Preparation":4,"Juzu Bracelet":10,"Ancient Tea Set":43,"Nunchaku":53,"Dream Catcher":27,"Mummified Hand":0,"Pantograph":0,"Gambling Chip":40,"WingedGreaves":0,"Red Mask":21,"Cracked Core":0,"Ring of the Snake":0,"Potion Belt":44,"Lee\u0027s Waffle":12,"NeowsBlessing":0,"Golden Idol":0,"The Courier":9,"betterThird:NestCultRelic":27,"Omamori":46,"Frozen Egg 2":23,"Orichalcum":0,"GoldenEye":8,"White Beast Statue":28,"DataDisk":40,"Ornamental Fan":46,"betterThird:SlimedRelic":4,"Orrery":0,"Ectoplasm":0,"Coffee Dripper":34,"Bottled Lightning":54,"Toy Ornithopter":23},{"Gremlin Horn":124,"CeramicFish":30,"Vajra":20,"Whetstone":4,"Bottled Tornado":28,"Sling":43,"Sozu":0,"Centennial Puzzle":52,"Lizard Tail":82,"HornCleat":21,"Sundial":65,"Strawberry":76,"Philosopher\u0027s Stone":113,"Fusion Hammer":70,"Toxic Egg 2":105,"Girya":25,"Pear":76,"Astrolabe":85,"Dead Branch":91,"Eternal Feather":81,"Letter Opener":45,"War Paint":97,"Question Card":25,"Cables":0,"Bottled Flame":39,"Shuriken":25,"Bronze Scales":0,"Bird Faced Urn":9,"Snecko Eye":42,"Molten Egg 2":19,"Black Star":54,"StrikeDummy":37,"Pocketwatch":9,"Regal Pillow":33,"Lantern":109,"Singing Bowl":19,"Snake Skull":46,"Bag of Preparation":48,"Juzu Bracelet":66,"Ancient Tea Set":98,"Nunchaku":31,"Dream Catcher":77,"Mummified Hand":0,"Pantograph":0,"Gambling Chip":124,"WingedGreaves":46,"Red Mask":73,"Cracked Core":0,"Ring of the Snake":0,"Potion Belt":99,"Lee\u0027s Waffle":67,"NeowsBlessing":61,"Golden Idol":0,"The Courier":50,"betterThird:NestCultRelic":118,"Omamori":126,"Frozen Egg 2":17,"Orichalcum":46,"GoldenEye":38,"White Beast Statue":119,"DataDisk":27,"Ornamental Fan":101,"betterThird:SlimedRelic":107,"Orrery":46,"Ectoplasm":78,"Coffee Dripper":23,"Bottled Lightning":32,"Toy Ornithopter":3},{"Gremlin Horn":473,"CeramicFish":94,"Vajra":64,"Whetstone":18,"Bottled Tornado":90,"Sling":156,"Sozu":0,"Centennial Puzzle":191,"Lizard Tail":312,"HornCleat":66,"Sundial":230,"Strawberry":283,"Philosopher\u0027s Stone":442,"Fusion Hammer":257,"Toxic Egg 2":417,"Girya":81,"Pear":283,"Astrolabe":329,"Dead Branch":355,"Eternal Feather":304,"Letter Opener":167,"War Paint":380,"Question Card":81,"Cables":0,"Bottled Flame":133,"Shuriken":81,"Bronze Scales":0,"Bird Faced Urn":31,"Snecko Eye":150,"Molten Egg 2":61,"Black Star":200,"StrikeDummy":121,"Pocketwatch":31,"Regal Pillow":102,"Lantern":429,"Singing Bowl":61,"Snake Skull":169,"Bag of Preparation":176,"Juzu Bracelet":234,"Ancient Tea Set":384,"Nunchaku":96,"Dream Catcher":287,"Mummified Hand":0,"Pantograph":0,"Gambling Chip":473,"WingedGreaves":169,"Red Mask":270,"Cracked Core":0,"Ring of the Snake":0,"Potion Belt":388,"Lee\u0027s Waffle":239,"NeowsBlessing":219,"Golden Idol":0,"The Courier":182,"betterThird:NestCultRelic":454,"Omamori":478,"Frozen Egg 2":54,"Orichalcum":169,"GoldenEye":124,"White Beast Statue":456,"DataDisk":86,"Ornamental Fan":396,"betterThird:SlimedRelic":422,"Orrery":169,"Ectoplasm":289,"Coffee Dripper":73,"Bottled Lightning":99,"Toy Ornithopter":14}],"Ring of the Snake":[46]},"card_choices":[{"not_picked":["Flying Knee","Masterful Stab"],"picked":"Phantasmal Killer+1","floor":0},{"not_picked":["Dash","Dagger Spray"],"picked":"Cloak And Dagger+1","floor":0},{"not_picked":["PiercingWail+1","Underhanded Strike"],"picked":"Finisher","floor":0},{"not_picked":["Slice","Flechettes"],"picked":"PiercingWail+1","floor":0},{"not_picked":["Flying Knee","Dash"],"picked":"Outmaneuver+1","floor":0},{"not_picked":["Acrobatics+1","Eviscerate"],"picked":"Storm of Steel+1","floor":1},{"not_picked":["Eviscerate","Dagger Spray"],"picked":"Backflip+1","floor":2},{"not_picked":["Backflip+1","Dodge and Roll+1"],"picked":"Prepared+1","floor":5},{"not_picked":["Bane","Deadly Poison+1"],"picked":"Deflect+1","floor":6},{"not_picked":["Tactician+1","Cloak And Dagger+1"],"picked":"Expertise+1","floor":8},{"not_picked":["Dagger Throw","Sucker Punch"],"picked":"Glass Knife","floor":12},{"not_picked":["Bane","Heel Hook"],"picked":"Calculated Gamble+1","floor":13},{"not_picked":["Tools of the Trade","After Image"],"picked":"Storm of Steel+1","floor":16},{"not_picked":["Prepared+1","Well Laid Plans"],"picked":"Infinite Blades","floor":18},{"not_picked":["Quick Slash","Choke"],"picked":"Infinite Blades","floor":19},{"not_picked":["Bouncing Flask+1","Slice"],"picked":"Blade Dance+1","floor":21},{"not_picked":["Cloak And Dagger+1","Dagger Spray","Sucker Punch"],"picked":"SKIP","floor":23},{"not_picked":["Poisoned Stab+1","Masterful Stab"],"picked":"Bullet Time+1","floor":25},{"not_picked":["Acrobatics+1","Well Laid Plans+1"],"picked":"Tactician+1","floor":28},{"not_picked":["Trip+1","Secret Weapon+1"],"picked":"Panache","floor":30},{"not_picked":["Swift Strike","Forethought+1"],"picked":"PanicButton+1","floor":30},{"not_picked":["Doppelganger+1","Glass Knife"],"picked":"Phantasmal Killer+1","floor":33},{"not_picked":["Blade Dance+1","Bane+1"],"picked":"Reflex+1","floor":35},{"not_picked":["Slice","Flying Knee+1"],"picked":"Reflex+1","floor":37},{"not_picked":["Catalyst+1","PiercingWail+1"],"picked":"Concentrate+1","floor":39},{"not_picked":["Dash","Flying Knee"],"picked":"Quick Slash+1","floor":40},{"not_picked":["Bouncing Flask+1","Dagger Throw+1"],"picked":"Escape Plan+1","floor":44},{"not_picked":["PiercingWail+1","Footwork"],"picked":"Setup+1","floor":46},{"not_picked":["Eviscerate","Dagger Spray+1","Dagger Throw"],"picked":"SKIP","floor":48}],"player_experience":465279,"relics_obtained":[{"floor":6,"key":"Lantern"},{"floor":9,"key":"Centennial Puzzle"},{"floor":14,"key":"War Paint"},{"floor":23,"key":"Bronze Scales"},{"floor":26,"key":"Bag of Preparation"},{"floor":28,"key":"White Beast Statue"},{"floor":40,"key":"Gambling Chip"},{"floor":40,"key":"Gremlin Horn"},{"floor":43,"key":"Bottled Tornado"},{"floor":46,"key":"Bottled Flame"},{"floor":46,"key":"Omamori"}],"event_choices":[{"damage_healed":0,"gold_gain":0,"player_choice":"Slimed","damage_taken":11,"max_hp_gain":0,"max_hp_loss":0,"event_name":"betterThird:BetterGoop","floor":4,"gold_loss":29},{"damage_healed":0,"gold_gain":75,"player_choice":"Touch","damage_taken":7,"max_hp_gain":0,"max_hp_loss":0,"event_name":"FaceTrader","floor":11,"gold_loss":0},{"cards_removed":["Expertise"],"damage_healed":0,"gold_gain":0,"player_choice":"Take \u0026 Give","damage_taken":0,"max_hp_gain":0,"max_hp_loss":0,"event_name":"betterNote:BetterNote","floor":22,"gold_loss":0,"cards_obtained":["Apotheosis"]},{"damage_healed":0,"gold_gain":0,"player_choice":"Read","damage_taken":0,"max_hp_gain":0,"max_hp_loss":0,"event_name":"The Library","floor":24,"gold_loss":0,"cards_obtained":["A Thousand Cuts"]},{"damage_healed":0,"gold_gain":0,"player_choice":"Madness","damage_taken":0,"relics_obtained":["betterThird:NestCultRelic"],"max_hp_gain":0,"max_hp_loss":0,"event_name":"betterThird:BetterNest","floor":27,"gold_loss":0},{"damage_healed":0,"gold_gain":2,"player_choice":"1","damage_taken":0,"max_hp_gain":0,"max_hp_loss":0,"event_name":"betterStone:BetterStone","floor":30,"gold_loss":0},{"damage_healed":0,"gold_gain":0,"player_choice":"Insight","damage_taken":0,"max_hp_gain":0,"max_hp_loss":0,"event_name":"betterThird:BetterWriting","floor":31,"gold_loss":0,"cards_obtained":["Insight"]},{"damage_healed":0,"gold_gain":0,"player_choice":"Ignored","damage_taken":0,"max_hp_gain":0,"max_hp_loss":0,"event_name":"Tomb of Lord Red Mask","floor":36,"gold_loss":0},{"damage_healed":0,"gold_gain":0,"player_choice":"Max HP","damage_taken":0,"max_hp_gain":0,"max_hp_loss":4,"event_name":"Winding Halls","floor":38,"gold_loss":0},{"cards_removed":["Infinite Blades"],"damage_healed":0,"gold_gain":0,"player_choice":"Removed Power","damage_taken":0,"max_hp_gain":0,"max_hp_loss":0,"event_name":"Falling","floor":42,"gold_loss":0}],"is_beta":false,"boss_relics":[{"not_picked":["Fusion Hammer","Snecko Eye"],"picked":"Philosopher\u0027s Stone"},{"not_picked":["SlaversCollar","Velvet Choker"],"picked":"Black Star"}],"items_purged_floors":[3,20],"is_endless":false,"potions_floor_spawned":[6,12,16,23,25,28,33,35,37,39,40,44,46,48],"killed_by":"Time Eater","ascension_level":0}}