{"host":"cxvb37eaaiijvrl4","time":1612647049,"event":{"mods":["ATMod(°¢èªMod)","BaseMod","Better Third Choice","Minty Spire (QoL Compilation)","MostiFishMod","Quick Restart","Rare Cards Sparkle","Shop Mod","Spicy Shops","StSLib","TestMod","Uncapped","²ÐÁôÖ®Îï"],"gold_per_floor":[361,361,361,374,397,436,436,474,498,517,517,155,205,218,218,311,311,324,324,324,113,137,137,137,137],"floor_reached":24,"language":"ZHS","playtime":680,"items_purged":["Strike_R","Strike_R+1"],"score":508,"play_id":"d0ce77d0-e79b-4f3f-b215-c47c8427c218","local_time":"20210206133049","is_ascension_mode":true,"campfire_choices":[{"data":"Shrug It Off","floor":7.0,"key":"SMITH"},{"floor":11,"key":"REST"},{"data":"Burning Pact","floor":15,"key":"SMITH"},{"floor":23,"key":"RECALL"}],"circlet_count":0,"master_deck":["AscendersBane","Strike_R+1","Strike_R+1","Strike_R+1","Defend_R+1","Defend_R+1","Defend_R+1","Defend_R+1","Bash+1","AT_OneInchPunch+1","True Grit+1","Shrug It Off+1","Battle Trance+1","Burning Pact+1","Berserk+1","Power Through+1"],"relics":["Burning Blood","testmod-TestBox","DaveBox","AT_ATBox","DSteel32","testmod-Maize","SynthV:TestCard","Golden Idol","Pen Nib","Lantern","testmod-Antiphasic","PlaceholderMod:SoulofChaos","Philosopher\u0027s Stone","Membership Card"],"acts_visited":["Exordium","TheCity"],"potions_floor_usage":[],"damage_taken":[{"damage":0.0,"enemies":"2 Louse","floor":1.0,"turns":3.0},{"damage":0.0,"enemies":"Small Slimes","floor":4.0,"turns":2.0},{"damage":7.0,"enemies":"Jaw Worm","floor":5.0,"turns":3.0},{"damage":7.0,"enemies":"Lagavulin","floor":6.0,"turns":4.0},{"damage":24.0,"enemies":"3 Sentries","floor":8.0,"turns":10.0},{"damage":0,"enemies":"Red Slaver","floor":10,"turns":2},{"damage":3,"enemies":"Blue Slaver","floor":14,"turns":3},{"damage":0,"enemies":"Slime Boss","floor":16,"turns":5},{"damage":12,"enemies":"Chosen","floor":18,"turns":7},{"damage":21,"enemies":"Shell Parasite","floor":22,"turns":6},{"damage":17,"enemies":"Gremlin Leader","floor":24,"turns":5}],"seed_played":"7631385871671605413","potions_obtained":[{"floor":10,"key":"SpeedPotion"},{"floor":14,"key":"FearPotion"}],"is_trial":false,"path_per_floor":["M","?","?","M","M","E","R","E","T","M","R","$","?","M","R","B",null,"M","?","?","$","M","R","E"],"character_chosen":"IRONCLAD","items_purchased":["PlaceholderMod:SoulofChaos","Membership Card"],"campfire_rested":1,"item_purchase_floors":[12,21],"current_hp_per_floor":[68,48,48,54,53,52,52,34,34,40,58,58,61,67,67,68,68,62,65,68,68,56,56,39,39],"gold":137,"neow_bonus":"TWO_FIFTY_GOLD","is_daily":false,"chose_seed":false,"campfire_upgraded":2,"win_rate":0.0,"timestamp":1612647049,"path_taken":["M","?","?","M","M","E","R","E","T","M","R","$","?","?","R","BOSS","M","?","?","$","?","R","E"],"items_purchased_type":["Relic","Relic"],"build_version":"2020-12-22","purchased_purges":2,"victory":false,"max_hp_per_floor":[68,68,62,62,62,62,62,62,62,62,62,62,65,68,68,68,68,68,71,74,74,77,77,77,77],"card_choices":[{"not_picked":["Anger","Armaments","Clash"],"picked":"SKIP","floor":1.0},{"not_picked":["Anger","Perfected Strike","Shockwave","Body Slam"],"picked":"True Grit","floor":4.0},{"not_picked":["Dual Wield","Shrug It Off","AT_IchimonjiDouble","AT_Dispersion","Wild Strike"],"picked":"SKIP","floor":5.0},{"not_picked":["Seeing Red","Clash","Flex","Headbutt"],"picked":"Shrug It Off","floor":6.0},{"not_picked":["Dual Wield","Clash","Armaments","AT_GerminateFire","Hemokinesis"],"picked":"SKIP","floor":8},{"not_picked":["Sword Boomerang","Havoc","Thunderclap","Clothesline"],"picked":"Battle Trance","floor":10},{"not_picked":["Headbutt","Carnage","Clothesline","Iron Wave"],"picked":"Burning Pact","floor":14},{"not_picked":["MostiFishMod:FlyOverUtopia","Impervious","MostiFishMod:PerfectStrikeMKII","Juggernaut"],"picked":"Berserk","floor":16},{"not_picked":["Bloodletting","Entrench","Shrug It Off","Blood for Blood","Havoc"],"picked":"SKIP","floor":18},{"not_picked":["Cleave","Wild Strike","Iron Wave","Perfected Strike"],"picked":"Power Through+1","floor":22}],"player_experience":750398,"relics_obtained":[{"floor":1.0,"key":"SynthV:TestCard"},{"floor":6.0,"key":"Pen Nib"},{"floor":8,"key":"Lantern"},{"floor":9,"key":"testmod-Antiphasic"}],"event_choices":[{"damage_healed":68.0,"max_hp_gain":0.0,"max_hp_loss":68.0,"gold_gain":0.0,"event_name":"betterThird:BetterShining","player_choice":"Upgrade","floor":2.0,"gold_loss":0.0,"damage_taken":20.0,"cards_upgraded":["Defend_R","Defend_R"]},{"damage_healed":0.0,"max_hp_gain":0.0,"max_hp_loss":6.0,"gold_gain":0.0,"event_name":"Golden Idol","player_choice":"Lose Max HP","floor":3.0,"gold_loss":0.0,"damage_taken":0.0,"relics_obtained":["Golden Idol"]},{"damage_healed":0,"gold_gain":50,"player_choice":"Pray","damage_taken":0,"max_hp_gain":0,"max_hp_loss":0,"event_name":"Golden Shrine","floor":13,"gold_loss":0},{"damage_healed":0,"gold_gain":0,"player_choice":"Ignored","damage_taken":0,"max_hp_gain":0,"max_hp_loss":0,"event_name":"The Mausoleum","floor":19,"gold_loss":0},{"damage_healed":0,"gold_gain":0,"player_choice":"Upgraded","damage_taken":0,"max_hp_gain":0,"max_hp_loss":0,"event_name":"Upgrade Shrine","floor":20,"gold_loss":0,"cards_upgraded":["Berserk"]}],"is_beta":false,"boss_relics":[{"not_picked":["testmod-StringDisintegrator","JellyFishMachine"],"picked":"Philosopher\u0027s Stone"}],"items_purged_floors":[12,21],"is_endless":false,"potions_floor_spawned":[10,14,18],"killed_by":"Gremlin Leader","ascension_level":20}}