{"host":"u7y9frlpoazak2mn","time":1612586414,"event":{"mods":["Act Like it!","Aspiration","BaseMod","Beaked The Cultist","Better Altar","Better Match","Better Note","Better Sensory Stone","Better Skull","Better Third Choice","Colored Map","Colored Powertips","Conspire","Downfall","Energized Spire","GifTheSpireLib","Googly Eyes","Halation","Hermit","Hubris","Infinite Spire","Marked Mod","Mimic Mod","Minty Spire (QoL Compilation)","Permanent Neow","Prisma Mod","Rare Cards Sparkle","Replay The Spire","StSLib","Stuff the Spire","The Construct","Waifu the Spire"],"gold_per_floor":[110,29,39,5,18,18,36,36,108,142,159,159,193,193,193,291,291,306,326,326,336,69,69,69],"floor_reached":23,"language":"ENG","playtime":1162,"items_purged":["Crystallizer"],"score":211,"play_id":"bb7975d1-aa5c-4c88-847f-ad8618d2fe0c","local_time":"20210205234014","is_ascension_mode":true,"campfire_choices":[{"data":"StuffTheSpire:Plugnplay","floor":6,"key":"SMITH"},{"floor":15,"key":"REST"}],"circlet_count":0,"master_deck":["Strike_B","Strike_B","Strike_B","Defend_B","Defend_B","Defend_B","Defend_B","Zap","Dualcast","Go for the Eyes","StuffTheSpire:Plugnplay+1","Scrape","Ball Lightning","Glacier","Gash+1","Conserve Battery+1","StuffTheSpire:LoadUp","Ball Lightning","hubris:SpecializedCircuitry","hubris:PowerSurge+1","Defragment","Gash+1","hubris:PowerSurge+1","Storm","Panache","Panache","The Bomb"],"relics":["Cracked Core","infinitespire:Eraser","ReplayTheSpireMod:Lightbulb","Mirror","Prayer Wheel","Philosopher\u0027s Stone","Prayer Wheel","ReplayTheSpireMod:ShopPack"],"acts_visited":["Exordium","TheCity"],"potions_floor_usage":[16,16,16,21],"damage_taken":[{"damage":0,"enemies":"2 Louse","floor":1,"turns":2},{"damage":0,"enemies":"Jaw Worm","floor":3,"turns":4},{"damage":2,"enemies":"Small Slimes","floor":5,"turns":2},{"damage":3,"enemies":"Blue Slaver","floor":7,"turns":3},{"damage":28,"enemies":"Gremlin Nob","floor":10,"turns":4},{"damage":0,"enemies":"2 Fungi Beasts","floor":11,"turns":4},{"damage":18,"enemies":"3 Sentries","floor":13,"turns":6},{"damage":22,"enemies":"Hexaghost","floor":16,"turns":9},{"damage":26,"enemies":"Spheric Guardian","floor":18,"turns":4},{"damage":19,"enemies":"conspire:FuzzyDice","floor":19,"turns":5},{"damage":13,"enemies":"Shelled Parasite and Fungi","floor":21,"turns":3},{"damage":18,"enemies":"Nightmare","floor":23,"turns":4}],"seed_played":"8651033224525734958","potions_obtained":[{"floor":5,"key":"SkillPotion"},{"floor":7,"key":"LiquidBronze"},{"floor":10,"key":"SkillPotion"},{"floor":18,"key":"SkillPotion"},{"floor":21,"key":"AttackPotion"}],"is_trial":false,"path_per_floor":["M","$","M","$","M","R","M","?","T","E","M","?","E","?","R","B",null,"M","M","?","M","$","NM"],"character_chosen":"DEFECT","items_purchased":["Scrape","Glacier","Storm","ReplayTheSpireMod:ShopPack"],"campfire_rested":1,"item_purchase_floors":[2,4,22,22],"current_hp_per_floor":[75,75,75,75,73,73,70,70,70,42,42,42,24,24,46,24,75,49,30,30,17,17,0,0],"gold":69,"neow_bonus":"RANDOM_EVENT","is_daily":false,"chose_seed":false,"campfire_upgraded":1,"win_rate":0.0,"timestamp":1612586414,"path_taken":["M","$","M","$","M","R","M","?","T","E","M","?","E","?","R","BOSS","M","M","?","M","$","NM"],"items_purchased_type":["Card","Card","Card","Relic"],"build_version":"2020-12-22","purchased_purges":1,"victory":false,"max_hp_per_floor":[75,75,75,75,75,75,75,75,75,75,75,75,75,75,75,75,75,75,75,75,75,75,75,75],"card_choices":[{"not_picked":["Rebound","StuffTheSpire:CleanHardDrive"],"picked":"StuffTheSpire:Plugnplay","floor":1},{"not_picked":["BootSequence","BasicCrystalCard"],"picked":"Ball Lightning","floor":3},{"not_picked":["Steam","Leap"],"picked":"Gash","floor":5},{"not_picked":["Leap","Barrage"],"picked":"Crystallizer","floor":7},{"not_picked":["Lockon","Cold Snap"],"picked":"StuffTheSpire:LoadUp","floor":10},{"not_picked":["Conserve Battery","Undo"],"picked":"Ball Lightning","floor":11},{"not_picked":["Steam Power","StuffTheSpire:SnapShoot","Sweeping Beam"],"picked":"SKIP","floor":13},{"not_picked":["Mirror Shield","All For One"],"picked":"hubris:SpecializedCircuitry","floor":16},{"not_picked":["BootSequence","ReplayTheSpireMod:Reroute Power"],"picked":"hubris:PowerSurge+1","floor":18},{"not_picked":["Coolheaded","Compile Driver","Sunder+1"],"picked":"SKIP","floor":18},{"not_picked":["Cold Snap","White Noise"],"picked":"Defragment","floor":19},{"not_picked":["Steam","Streamline+1"],"picked":"Gash+1","floor":19},{"not_picked":["Coolheaded+1","Rainbow"],"picked":"hubris:PowerSurge+1","floor":21},{"not_picked":["StuffTheSpire:LoadUp","Rebound","Recycle"],"picked":"SKIP","floor":21},{"not_picked":["Cold Snap+1","Rip and Tear+1","Ball Lightning+1"],"picked":"SKIP","floor":21},{"not_picked":["Magnetism","Secret Weapon"],"picked":"Panache","floor":22},{"not_picked":["StuffTheSpire:PlasmaPunch","Forethought"],"picked":"Panache","floor":22},{"not_picked":["ReplayTheSpireMod:Necrogeddon","Forethought"],"picked":"The Bomb","floor":22}],"player_experience":409155,"relics_obtained":[{"floor":9,"key":"infinitespire:Eraser"},{"floor":10,"key":"ReplayTheSpireMod:Lightbulb"},{"floor":13,"key":"Mirror"}],"event_choices":[{"damage_healed":0,"gold_gain":0,"player_choice":"Ignored","damage_taken":0,"max_hp_gain":0,"max_hp_loss":0,"event_name":"Ghosts","floor":20,"gold_loss":0}],"is_beta":false,"boss_relics":[{"not_picked":["Replay:Bronze Core","hubris:HollowSoul"],"picked":"Philosopher\u0027s Stone"}],"items_purged_floors":[22],"is_endless":false,"potions_floor_spawned":[5,7,10,18,21],"killed_by":"Nightmare","ascension_level":1}}