{"host":"19r1ww88x2tc73i0","time":1612596771,"event":{"mods":["BaseMod","BetterRewards","Colored Map","Minty Spire (QoL Compilation)","Relic Stats","StSLib","SuperFastMode","slay the spire mod where everything is the same but ironclad has a cowboy hat"],"gold_per_floor":[361,38,50,21,37,37,57,57,57,91,102,102,137,153,153,228,228,243,274,244,260,279,279,279],"floor_reached":23,"language":"ENG","playtime":816,"items_purged":["Strike_G"],"score":406,"play_id":"9a5051d3-d20a-46b4-8247-0ef57612c02f","local_time":"25640206143251","is_ascension_mode":true,"campfire_choices":[{"data":"Dagger Spray","floor":6.0,"key":"SMITH"},{"data":"Blade Dance","floor":8.0,"key":"SMITH"},{"data":"Footwork","floor":15.0,"key":"SMITH"}],"circlet_count":0,"master_deck":["AscendersBane","Strike_G","Strike_G","Strike_G","Strike_G","Defend_G","Defend_G","Defend_G","Defend_G","Defend_G","Survivor","Neutralize","Dagger Throw","Footwork+1","Dagger Spray+1","Crippling Poison","Blade Dance+1","Cloak And Dagger","Bouncing Flask","Deadly Poison","Bane","Corpse Explosion","Envenom","Catalyst","Noxious Fumes","Footwork","Footwork+1"],"relics":["Ring of the Snake","Pen Nib","Sundial","Happy Flower","Pear","WristBlade","Red Mask"],"acts_visited":["Exordium","TheCity"],"potions_floor_usage":[19,23],"damage_taken":[{"damage":6.0,"enemies":"Cultist","floor":1.0,"turns":5.0},{"damage":7.0,"enemies":"Small Slimes","floor":3.0,"turns":3.0},{"damage":6.0,"enemies":"Jaw Worm","floor":5.0,"turns":4.0},{"damage":2.0,"enemies":"Blue Slaver","floor":7.0,"turns":4.0},{"damage":1.0,"enemies":"Lagavulin","floor":10.0,"turns":7.0},{"damage":3.0,"enemies":"Gremlin Gang","floor":11.0,"turns":3.0},{"damage":6.0,"enemies":"3 Sentries","floor":13.0,"turns":5.0},{"damage":0.0,"enemies":"Lots of Slimes","floor":14.0,"turns":2.0},{"damage":18.0,"enemies":"The Guardian","floor":16.0,"turns":8.0},{"damage":16,"enemies":"Chosen","floor":18,"turns":5},{"damage":0,"enemies":"Masked Bandits","floor":19,"turns":2},{"damage":0,"enemies":"3 Byrds","floor":21,"turns":2},{"damage":31,"enemies":"Snake Plant","floor":22,"turns":5},{"damage":4,"enemies":"Slavers","floor":23,"turns":2}],"seed_played":"-7663863302987192901","potions_obtained":[{"floor":3.0,"key":"GhostInAJar"},{"floor":5.0,"key":"Swift Potion"},{"floor":7.0,"key":"Energy Potion"},{"floor":13.0,"key":"SpeedPotion"},{"floor":20,"key":"Strength Potion"},{"floor":20,"key":"FearPotion"}],"is_trial":false,"path_per_floor":["M","$","M","$","M","R","M","R","T","E","M","?","E","M","R","B",null,"M","?","?","M","M","E"],"character_chosen":"THE_SILENT","items_purchased":["Pen Nib","Footwork","Dagger Spray","Blade Dance"],"campfire_rested":0,"item_purchase_floors":[2,2,2,4],"current_hp_per_floor":[38,38,31,31,25,25,23,23,23,22,19,19,23,23,23,5,58,42,42,42,42,11,7,7],"gold":279,"neow_bonus":"TWO_FIFTY_GOLD","is_daily":false,"chose_seed":false,"campfire_upgraded":3,"win_rate":0.0,"timestamp":1612596771,"path_taken":["M","$","M","?","M","R","M","R","T","E","M","?","E","M","R","BOSS","M","?","?","?","M","E"],"items_purchased_type":["Relic","Card","Card","Card"],"build_version":"2020-12-22","purchased_purges":1,"victory":false,"max_hp_per_floor":[66,66,66,66,66,66,66,66,66,66,66,66,76,76,76,76,76,76,76,76,76,76,76,76],"relic_stats":{"Happy Flower":[11],"counters":[14,57],"Sundial":[4],"Pen Nib":[9],"obtain_stats":[{"Pear":13,"Happy Flower":10,"WristBlade":17,"Sundial":9,"Pen Nib":2,"Red Mask":19,"Ring of the Snake":0},{"Pear":7,"Happy Flower":5,"WristBlade":9,"Sundial":4,"Pen Nib":1,"Red Mask":11,"Ring of the Snake":0},{"Pear":31,"Happy Flower":23,"WristBlade":41,"Sundial":16,"Pen Nib":5,"Red Mask":48,"Ring of the Snake":0}],"Ring of the Snake":[28]},"card_choices":[{"not_picked":["Eviscerate","Quick Slash"],"picked":"Dagger Throw","floor":1.0},{"not_picked":["Prepared","Distraction"],"picked":"Crippling Poison","floor":3.0},{"not_picked":["Masterful Stab","Escape Plan"],"picked":"Cloak And Dagger","floor":5.0},{"not_picked":["Eviscerate","Deflect"],"picked":"Bouncing Flask","floor":7.0},{"not_picked":["Outmaneuver","PiercingWail"],"picked":"Deadly Poison","floor":10.0},{"not_picked":["Concentrate","Dagger Throw"],"picked":"Bane","floor":11.0},{"not_picked":["Underhanded Strike","PiercingWail"],"picked":"Corpse Explosion","floor":13.0},{"not_picked":["Outmaneuver","Tactician","Skewer"],"picked":"SKIP","floor":14.0},{"not_picked":["Malaise","Storm of Steel"],"picked":"Envenom","floor":16.0},{"not_picked":["Blade Dance","Dodge and Roll"],"picked":"Catalyst","floor":18},{"not_picked":["Flying Knee","Prepared"],"picked":"Noxious Fumes","floor":19},{"not_picked":["Dagger Spray","Crippling Poison"],"picked":"Footwork","floor":21},{"not_picked":["Quick Slash","Tactician"],"picked":"Footwork+1","floor":22}],"player_experience":1010390,"relics_obtained":[{"floor":9.0,"key":"Sundial"},{"floor":10.0,"key":"Happy Flower"},{"floor":13.0,"key":"Pear"},{"floor":19,"key":"Red Mask"}],"event_choices":[{"damage_healed":0.0,"max_hp_gain":0.0,"max_hp_loss":0.0,"gold_gain":0.0,"event_name":"Shining Light","player_choice":"Ignored","floor":12.0,"gold_loss":0.0,"damage_taken":0.0},{"damage_healed":0,"gold_gain":0,"player_choice":"Fought Bandits","damage_taken":0,"max_hp_gain":0,"max_hp_loss":0,"event_name":"Masked Bandits","floor":19,"gold_loss":0},{"damage_healed":0,"gold_gain":0,"player_choice":"Bought 2 Potions","damage_taken":0,"max_hp_gain":0,"max_hp_loss":0,"event_name":"The Woman in Blue","floor":20,"gold_loss":0}],"is_beta":false,"boss_relics":[{"not_picked":["Ring of the Serpent","Pandora\u0027s Box"],"picked":"WristBlade"}],"items_purged_floors":[2],"is_endless":false,"potions_floor_spawned":[3,5,7,13,21],"killed_by":"Slavers","ascension_level":20}}