{"host":"m6e09adb7fik7oct","time":1612638688,"event":{"mods":["AchievementEnabler","BaseMod","Better Altar","Better Note","Better Sensory Stone","Better Third Choice","BetterRewards","Block Reminder","Colored Map","Displayed Cursed Tome","Energized Spire","Evolution","Infinite Spire","Ironclad Rager","Key Reminder","Mad Scientist","Minty Spire (QoL Compilation)","Quick Restart","RNG Fix","Relic Stats","Reorder Act Four","Replay The Spire","StSLib","The Construct","The Jungle","The Marked","Trackpad","Transform Curses","Unceasing Turn Reminder","Wandering Minibosses","everything is the same but u backflip on backflip"],"gold_per_floor":[114,129,129,49,49,79,94,124,149,149,179,179,194,209,209,309,309,324,339,49,49,49,49,49,79,79,109,139,154,169,184,184,284,284,299,314,314,329,344,344,344,148,148,148,163,163,193,208,208,208,208],"floor_reached":50,"language":"ENG","playtime":7529,"items_purged":["ReplayTheSpireMod:Splinters","Shame","Hallucinations"],"score":727,"play_id":"2f134475-594b-4bf6-9e6a-d8cf394d305d","local_time":"20210206141128","daily_mods":["Draft","Colorless Cards","DeadlyEvents"],"is_ascension_mode":false,"campfire_choices":[{"data":"MadScienceMod:LightOnFire","floor":10.0,"key":"SMITH"},{"data":"Dramatic Entrance","floor":12.0,"key":"SMITH"},{"data":"MadScienceMod:MinatureWeapons","floor":23.0,"key":"SMITH"},{"floor":32.0,"key":"REST"},{"floor":40,"key":"REST"},{"data":"MadScienceMod:Refine","floor":44,"key":"SMITH"},{"floor":49,"key":"REST"}],"circlet_count":0,"master_deck":["MadScienceMod:FragmentationGrenade","MadScienceMod:FlexibleSpear","MadScienceMod:FlameCannon","MadScienceMod:Strafe","MadScienceMod:EnergyBarrier+1","MadScienceMod:ImposingConstruct","MadScienceMod:OilDrum","Good Instincts","ReplayTheSpireMod:Private Reserves","Replay:Sssssssssstrike","MadScienceMod:BoxOfScraps","Dramatic Entrance+1","MadScienceMod:FlameCannon","MadScienceMod:Probe","MadScienceMod:FragmentationGrenade","MadScienceMod:NowOrNever","MadScienceMod:LightOnFire+1","MadScienceMod:MinatureWeapons+1","ReplayTheSpireMod:Chaos Vortex","MadScienceMod:Postpone","MadScienceMod:RadioactiveSword","MadScienceMod:AssemblyLine","MadScienceMod:ImposingConstruct","MadScienceMod:FlammableWall","Mind Blast","MadScienceMod:Refine+1","MadScienceMod:FlexibleSpear+1","MadScienceMod:FlameThrower+1","The Bomb+1","MadScienceMod:Redesign","MadScienceMod:Bayonet","MadScienceMod:FumeHood+1","MadScienceMod:MakeOrBreak+1","ReplayTheSpireMod:Trickstab+1","MadScienceMod:Strafe","MadScienceMod:Refuel","MadScienceMod:Booster","ReplayTheSpireMod:Faulty Equipment","MadScienceMod:Detonate+1"],"relics":["MadScienceMod:FuelTank","EVO:Axolotl","Replay:Baseball","trackpad:GuardianSpirit","Bronze Scales","trackpad:Compendium","construct:WeddingRing","theJungle:PaperFaux","theJungle:WildPear","Art of War","infinitespire:Cupcake","Replay:Bottled Flurry","Replay:Towering Pillar of Hats","Replay:Kaleidoscope","Mummified Hand","Black Star","Replay:Bronze Core","Replay:WaspNest","Guide Book","infinitespire:Broken Mirror","Ring of Panic","trackpad:ZombieHeart","Akabeko"],"acts_visited":["Exordium","Exordium","TheBeyond"],"potions_floor_usage":[],"damage_taken":[{"damage":4.0,"enemies":"Jaw Worm","floor":1.0,"turns":2.0},{"damage":0.0,"enemies":"Cultist","floor":2.0,"turns":4.0},{"damage":0.0,"enemies":"Replay:BlueRogue","floor":6.0,"turns":5.0},{"damage":0.0,"enemies":"2 Louse","floor":7.0,"turns":1.0},{"damage":0.0,"enemies":"3 Sentries","floor":8.0,"turns":4.0},{"damage":13.0,"enemies":"Lagavulin","floor":11.0,"turns":5.0},{"damage":4.0,"enemies":"Large Slime","floor":13.0,"turns":4.0},{"damage":0.0,"enemies":"Exordium Thugs","floor":14.0,"turns":3.0},{"damage":36.0,"enemies":"Hexaghost","floor":16.0,"turns":12.0},{"damage":4.0,"enemies":"theJungle:MUSHROOMGANG","floor":18.0,"turns":2.0},{"damage":6.0,"enemies":"Shell Parasite","floor":19.0,"turns":6.0},{"damage":0.0,"enemies":"theJungle:2_Phrogs","floor":25.0,"turns":8.0},{"damage":19.0,"enemies":"Nightmare","floor":27.0,"turns":9.0},{"damage":42.0,"enemies":"theJungle:MamaSnecko","floor":28.0,"turns":8.0},{"damage":4.0,"enemies":"theJungle:2_Snecko_Cultists","floor":29.0,"turns":3.0},{"damage":8.0,"enemies":"theJungle:SlimyTreeVines","floor":30.0,"turns":5.0},{"damage":0.0,"enemies":"theJungle:Lyon","floor":31.0,"turns":1.0},{"damage":0,"enemies":"theJungle:FunGuy","floor":33,"turns":10},{"damage":17,"enemies":"3 Darklings","floor":35,"turns":5},{"damage":5,"enemies":"3 Shapes","floor":36,"turns":4},{"damage":4,"enemies":"Jaw Worm Horde","floor":38,"turns":3},{"damage":32,"enemies":"Maw","floor":39,"turns":7},{"damage":12,"enemies":"Transient","floor":45,"turns":5},{"damage":57,"enemies":"R_Hoarder","floor":47,"turns":7},{"damage":6,"enemies":"4 Shapes","floor":48,"turns":3},{"damage":99,"enemies":"Donu and Deca","floor":50,"turns":9}],"seed_played":"5285009320175426936","potions_obtained":[],"is_trial":false,"path_per_floor":["M","M","?","$","?","E","M","E","T","R","E","R","M","M","R_BF","B",null,"M","M","$","?","?","R","AVR","E","T","NM","E","M","M","M","R","B",null,"M","M","AVR","M","M","R","?","$","T","R","M","?","E","M","R_BF","B"],"character_chosen":"MAD_SCIENTIST","items_purchased":["MadScienceMod:MinatureWeapons","MadScienceMod:FlameThrower+1","The Bomb","Guide Book","MadScienceMod:Refuel"],"campfire_rested":3,"item_purchase_floors":[4,20,20,42,42],"current_hp_per_floor":[71,71,71,71,71,71,71,71,71,71,58,58,54,54,54,18,75,71,65,65,65,75,75,75,75,75,56,14,10,8,8,33,33,85,68,63,63,59,27,52,52,52,52,52,40,40,10,8,34,0,0],"gold":208,"neow_bonus":"","is_daily":true,"chose_seed":false,"campfire_upgraded":4,"win_rate":0.0,"timestamp":1612638688,"path_taken":["M","M","?","$","?","E","M","E","T","R","?","R","M","M","R_BF","BOSS","M","M","$","?","?","R","AVR","?","T","NM","?","M","?","M","R","BOSS","M","M","AVR","M","M","R","?","$","T","R","M","?","E","M","R_BF","BOSS"],"items_purchased_type":["Card","Card","Card","Relic","Card"],"build_version":"2020-12-22","purchased_purges":3,"victory":false,"max_hp_per_floor":[75,75,75,75,75,75,75,75,75,75,75,75,75,75,75,75,75,75,75,75,75,85,85,85,85,85,85,85,85,85,85,85,85,85,85,85,85,85,85,85,85,85,85,85,85,85,85,89,89,90,90],"relic_stats":{"counters":[26,135],"Mummified Hand":[37],"Bronze Scales":[348],"Art of War":[8],"Black Star":1,"obtain_stats":[{"MadScienceMod:FuelTank":0,"trackpad:GuardianSpirit":8,"construct:WeddingRing":17,"Replay:Towering Pillar of Hats":26,"Guide Book":42,"Replay:WaspNest":37,"theJungle:WildPear":22,"EVO:Axolotl":0,"Replay:Kaleidoscope":27,"theJungle:PaperFaux":21,"Akabeko":47,"Replay:Baseball":6,"trackpad:ZombieHeart":47,"Mummified Hand":28,"infinitespire:Broken Mirror":43,"Bronze Scales":9,"Replay:Bronze Core":37,"trackpad:Compendium":11,"Art of War":24,"Replay:Bottled Flurry":25,"Black Star":34,"Ring of Panic":46,"infinitespire:Cupcake":24},{"MadScienceMod:FuelTank":0,"trackpad:GuardianSpirit":5,"construct:WeddingRing":9,"Replay:Towering Pillar of Hats":12,"Guide Book":22,"Replay:WaspNest":20,"theJungle:WildPear":11,"EVO:Axolotl":0,"Replay:Kaleidoscope":13,"theJungle:PaperFaux":11,"Akabeko":24,"Replay:Baseball":3,"trackpad:ZombieHeart":24,"Mummified Hand":14,"infinitespire:Broken Mirror":22,"Bronze Scales":5,"Replay:Bronze Core":20,"trackpad:Compendium":6,"Art of War":11,"Replay:Bottled Flurry":12,"Black Star":18,"Ring of Panic":23,"infinitespire:Cupcake":11},{"MadScienceMod:FuelTank":0,"trackpad:GuardianSpirit":16,"construct:WeddingRing":40,"Replay:Towering Pillar of Hats":56,"Guide Book":111,"Replay:WaspNest":101,"theJungle:WildPear":48,"EVO:Axolotl":0,"Replay:Kaleidoscope":65,"theJungle:PaperFaux":48,"Akabeko":123,"Replay:Baseball":11,"trackpad:ZombieHeart":123,"Mummified Hand":73,"infinitespire:Broken Mirror":111,"Bronze Scales":16,"Replay:Bronze Core":101,"trackpad:Compendium":21,"Art of War":48,"Replay:Bottled Flurry":56,"Black Star":92,"Ring of Panic":116,"infinitespire:Cupcake":48}]},"card_choices":[{"not_picked":["MadScienceMod:Tune","Survey Options"],"picked":"MadScienceMod:FragmentationGrenade","floor":0.0},{"not_picked":["MadScienceMod:AutoStrike","MadScienceMod:FragmentationGrenade"],"picked":"MadScienceMod:FlexibleSpear","floor":0.0},{"not_picked":["MadScienceMod:RadioactiveSword","MadScienceMod:AcidSpray"],"picked":"MadScienceMod:FlameCannon","floor":0.0},{"not_picked":["MadScienceMod:Sprocket","MadScienceMod:RadioactiveSword"],"picked":"MadScienceMod:Strafe","floor":0.0},{"not_picked":["MadScienceMod:AutoStrike","MadScienceMod:ShrinkRay"],"picked":"MadScienceMod:EnergyBarrier","floor":0.0},{"not_picked":["MadScienceMod:Bayonet","MadScienceMod:FumeBlast"],"picked":"MadScienceMod:ImposingConstruct","floor":0.0},{"not_picked":["Flash of Steel","MadScienceMod:Sprocket"],"picked":"MadScienceMod:OilDrum","floor":0.0},{"not_picked":["MadScienceMod:GattlingGun","MadScienceMod:OilDrum"],"picked":"Good Instincts","floor":0.0},{"not_picked":["PanicButton","MadScienceMod:FumeBlast"],"picked":"ReplayTheSpireMod:Private Reserves","floor":0.0},{"not_picked":["Specialist","MadScienceMod:SelfDestruct"],"picked":"Replay:Sssssssssstrike","floor":0.0},{"not_picked":["MadScienceMod:AssemblyLine","MadScienceMod:ShrinkRay"],"picked":"MadScienceMod:BoxOfScraps","floor":0.0},{"not_picked":["MadScienceMod:AcidSpray","MadScienceMod:Sprocket"],"picked":"Dramatic Entrance","floor":0.0},{"not_picked":["MadScienceMod:MechanicalClaw","Specialist"],"picked":"MadScienceMod:FlameCannon","floor":0.0},{"not_picked":["Replay:BasicMightCard","Dramatic Entrance"],"picked":"MadScienceMod:Probe","floor":0.0},{"not_picked":["MadScienceMod:ShrinkRay","MadScienceMod:AcidSpray"],"picked":"MadScienceMod:FragmentationGrenade","floor":0.0},{"not_picked":["MadScienceMod:RecyclingStation","MadScienceMod:FlexibleSpear"],"picked":"MadScienceMod:NowOrNever","floor":1.0},{"not_picked":["MadScienceMod:AcidSpray","MadScienceMod:Refuel"],"picked":"MadScienceMod:LightOnFire","floor":2.0},{"not_picked":["infinitespire:FinalStrike","infinitespire:Gouge"],"picked":"ReplayTheSpireMod:Chaos Vortex","floor":5.0},{"not_picked":["Enlightenment","MadScienceMod:FlexibleSpear"],"picked":"MadScienceMod:Postpone","floor":6.0},{"not_picked":["MadScienceMod:AcidSpray","MadScienceMod:OilDrum"],"picked":"MadScienceMod:RadioactiveSword","floor":7.0},{"not_picked":["MadScienceMod:Bombardment","MadScienceMod:ParticleBeam"],"picked":"MadScienceMod:AssemblyLine","floor":8.0},{"not_picked":["Specialist","MadScienceMod:MechanicalSnecko"],"picked":"MadScienceMod:ImposingConstruct","floor":11.0},{"not_picked":["MadScienceMod:LightOnFire","Blind"],"picked":"MadScienceMod:SelfDestruct","floor":13.0},{"not_picked":["MadScienceMod:Refuel","MadScienceMod:FlameCannon"],"picked":"MadScienceMod:FlammableWall","floor":14.0},{"not_picked":["Panacea","Mayhem"],"picked":"Mind Blast","floor":15.0},{"not_picked":["Midas Touch","Panache"],"picked":"MadScienceMod:Refine","floor":16.0},{"not_picked":["MadScienceMod:FumeBlast","MadScienceMod:Poke+1","Survey Options"],"picked":"SKIP","floor":18.0},{"not_picked":["MadScienceMod:Refuel","MadScienceMod:OilDrum"],"picked":"MadScienceMod:FlexibleSpear+1","floor":19.0},{"not_picked":["Sadistic Nature","MadScienceMod:AutoStrike+1","Flash of Steel"],"picked":"SKIP","floor":25.0},{"not_picked":["MadScienceMod:MindControlBeam","MadScienceMod:FlameCannon+1","Dark Shackles"],"picked":"SKIP","floor":27.0},{"not_picked":["MadScienceMod:ImposingConstruct","MadScienceMod:Strafe"],"picked":"MadScienceMod:Redesign","floor":28.0},{"not_picked":["MadScienceMod:RecyclingStation","MadScienceMod:SoftenUp+1","MadScienceMod:NowOrNever"],"picked":"SKIP","floor":29.0},{"not_picked":["MadScienceMod:AcidSpray","MadScienceMod:ShrinkRay","MadScienceMod:RadioactiveSword"],"picked":"SKIP","floor":30.0},{"not_picked":["MadScienceMod:Sprocket","ReplayTheSpireMod:Uncanny Aura+1"],"picked":"MadScienceMod:Bayonet","floor":31.0},{"not_picked":["MadScienceMod:Refine","Metamorphosis"],"picked":"MadScienceMod:FumeHood","floor":33},{"not_picked":["MadScienceMod:Browse","MadScienceMod:AntimatterBomb+1","Specialist+1"],"picked":"SKIP","floor":35},{"not_picked":["MadScienceMod:NowOrNever+1","Deep Breath+1"],"picked":"MadScienceMod:MakeOrBreak+1","floor":36},{"not_picked":["MadScienceMod:RadioactiveSword","MadScienceMod:AcidSpray+1"],"picked":"ReplayTheSpireMod:Trickstab+1","floor":38},{"not_picked":["MadScienceMod:LightOnFire","MadScienceMod:FumeBlast+1","MadScienceMod:ParticleBeam"],"picked":"SKIP","floor":39},{"not_picked":["MadScienceMod:LightOnFire","Dark Shackles+1"],"picked":"MadScienceMod:Booster","floor":45},{"not_picked":["MadScienceMod:EnergyBarrier+1","Replay:Sssssssssstrike+1","MadScienceMod:FlexibleSpear+1"],"picked":"SKIP","floor":47},{"not_picked":["MadScienceMod:ShrinkRay","MadScienceMod:FlexibleSpear"],"picked":"MadScienceMod:Detonate+1","floor":48}],"player_experience":366245,"relics_obtained":[{"floor":6.0,"key":"Replay:Baseball"},{"floor":8.0,"key":"trackpad:GuardianSpirit"},{"floor":9.0,"key":"Bronze Scales"},{"floor":11.0,"key":"trackpad:Compendium"},{"floor":25.0,"key":"Replay:Bottled Flurry"},{"floor":26.0,"key":"Replay:Towering Pillar of Hats"},{"floor":27.0,"key":"Replay:Kaleidoscope"},{"floor":28.0,"key":"Mummified Hand"},{"floor":43,"key":"infinitespire:Broken Mirror"},{"floor":46,"key":"Ring of Panic"},{"floor":47,"key":"trackpad:ZombieHeart"},{"floor":47,"key":"Akabeko"}],"event_choices":[{"damage_healed":0.0,"max_hp_gain":0.0,"max_hp_loss":0.0,"gold_gain":1.0,"event_name":"betterStone:BetterStone","player_choice":"1","floor":15.0,"gold_loss":0.0,"damage_taken":0.0},{"damage_healed":0,"gold_gain":0,"cards_transformed":["MadScienceMod:SelfDestruct"],"player_choice":"Transformed","damage_taken":0,"max_hp_gain":0,"max_hp_loss":0,"event_name":"Transmorgrifier","floor":41,"gold_loss":0,"cards_obtained":["MadScienceMod:Strafe"]}],"is_beta":false,"boss_relics":[{"not_picked":["energizedSpire:OgreHead","SacredBark"],"picked":"construct:WeddingRing"},{"not_picked":["energizedSpire:StickyHand","energizedSpire:SpiderWeb"],"picked":"Black Star"}],"items_purged_floors":[20,24,37],"is_endless":true,"potions_floor_spawned":[8,11,13,18,25,28,29,36,38,39],"killed_by":"Donu and Deca","ascension_level":0}}