{"host":"s5d39dhq0ddhxhke","time":1612632032,"event":{"mods":["AchievementEnabler","BaseMod","Colored Map","Minty Spire (QoL Compilation)","Smile Girya","SuperFastMode"],"gold_per_floor":[118,136,136,151,170,170,195,214,241,254,254,254,306,326,326,397,397,415,415,434,88,103,103,128,144,171,171,171,206,256,171,171,245,245,258,124,144,7,7,27,27,27,27,0,0,12,22,38,38,38,38,38],"floor_reached":51,"language":"ENG","playtime":1878,"items_purged":["Strike_R","Strike_R"],"score":1303,"play_id":"a4e8bddb-641a-4105-b0ec-e7133dcaf8b5","local_time":"20210206192032","is_ascension_mode":true,"campfire_choices":[{"data":"Bash","floor":6,"key":"SMITH"},{"data":"Fire Breathing","floor":12,"key":"SMITH"},{"floor":15,"key":"REST"},{"floor":23,"key":"REST"},{"floor":27,"key":"REST"},{"floor":32,"key":"REST"},{"data":"Demon Form","floor":41,"key":"SMITH"},{"data":"Juggernaut","floor":45,"key":"SMITH"},{"floor":49,"key":"REST"}],"circlet_count":0,"master_deck":["AscendersBane","Strike_R+1","Strike_R+1","Strike_R","Defend_R","Defend_R","Defend_R","Defend_R","Bash+1","Feel No Pain","Pummel","Shrug It Off","Sever Soul","Fire Breathing+1","Demon Form+1","Impervious","Flame Barrier","Immolate","Juggernaut+1","Parasite"],"relics":["Burning Blood","CultistMask","Red Skull","Whetstone","Orichalcum","Snecko Eye","Membership Card","Pantograph","Potion Belt","Dream Catcher","Lantern","Centennial Puzzle","SlaversCollar","HandDrill","Singing Bowl","Kunai","Red Mask"],"acts_visited":["Exordium","TheCity","TheBeyond"],"potions_floor_usage":[7,16,22,25,40,46,47,47,50,50,50,50],"damage_taken":[{"damage":5,"enemies":"2 Louse","floor":1,"turns":5},{"damage":13,"enemies":"Cultist","floor":2,"turns":5},{"damage":11,"enemies":"Jaw Worm","floor":4,"turns":6},{"damage":16,"enemies":"Exordium Wildlife","floor":5,"turns":4},{"damage":50,"enemies":"Lagavulin","floor":7,"turns":8},{"damage":0,"enemies":"Large Slime","floor":8,"turns":4},{"damage":0,"enemies":"3 Louse","floor":10,"turns":3},{"damage":0,"enemies":"2 Fungi Beasts","floor":14,"turns":2},{"damage":32,"enemies":"Slime Boss","floor":16,"turns":6},{"damage":27,"enemies":"Shell Parasite","floor":18,"turns":4},{"damage":21,"enemies":"Chosen","floor":20,"turns":6},{"damage":22,"enemies":"Snake Plant","floor":22,"turns":4},{"damage":38,"enemies":"Gremlin Leader","floor":24,"turns":9},{"damage":8,"enemies":"Centurion and Healer","floor":25,"turns":4},{"damage":34,"enemies":"Slavers","floor":29,"turns":4},{"damage":59,"enemies":"Collector","floor":33,"turns":7},{"damage":10,"enemies":"Orb Walker","floor":35,"turns":3},{"damage":4,"enemies":"3 Darklings","floor":37,"turns":3},{"damage":16,"enemies":"Spire Growth","floor":40,"turns":5},{"damage":3,"enemies":"Sphere and 2 Shapes","floor":46,"turns":5},{"damage":14,"enemies":"Maw","floor":47,"turns":5},{"damage":18,"enemies":"Writhing Mass","floor":48,"turns":5},{"damage":91,"enemies":"Awakened One","floor":50,"turns":6},{"damage":43,"enemies":"Time Eater","floor":51,"turns":4}],"seed_played":"-2438378520956635227","potions_obtained":[{"floor":5,"key":"Weak Potion"},{"floor":7,"key":"ColorlessPotion"},{"floor":8,"key":"Ancient Potion"},{"floor":14,"key":"BlessingOfTheForge"},{"floor":16,"key":"Weak Potion"},{"floor":18,"key":"DuplicationPotion"},{"floor":22,"key":"LiquidMemories"},{"floor":25,"key":"Block Potion"},{"floor":39,"key":"DuplicationPotion"},{"floor":39,"key":"EssenceOfSteel"},{"floor":40,"key":"ElixirPotion"},{"floor":46,"key":"SteroidPotion"},{"floor":47,"key":"Weak Potion"},{"floor":48,"key":"Strength Potion"}],"is_trial":false,"path_per_floor":["M","M","?","M","M","R","E","M","T","M","?","R","T","M","R","B",null,"M","?","M","$","M","R","E","M","T","R","?","E","?","?","R","B",null,"M","$","M","$","?","M","R","?","T","?","R","M","M","M","R","B","B"],"character_chosen":"IRONCLAD","items_purchased":["Membership Card","Pantograph","HandDrill","Singing Bowl"],"campfire_rested":5,"item_purchase_floors":[21,21,36,38],"current_hp_per_floor":[76,69,69,64,54,54,10,16,16,22,27,27,27,33,59,33,74,53,70,55,55,39,65,33,31,31,57,57,29,29,29,55,27,72,68,68,70,70,70,62,62,62,62,62,62,67,61,51,81,12,0,0],"gold":38,"neow_bonus":"TEN_PERCENT_HP_BONUS","is_daily":false,"chose_seed":false,"campfire_upgraded":4,"win_rate":0.0,"timestamp":1612632032,"path_taken":["M","M","?","M","M","R","E","M","T","?","?","R","?","M","R","BOSS","M","?","M","$","M","R","E","M","T","R","?","E","?","?","R","BOSS","M","$","M","$","?","?","R","?","T","?","R","M","M","M","R","BOSS","BOSS"],"items_purchased_type":["Relic","Relic","Relic","Relic"],"build_version":"2020-12-22","purchased_purges":2,"victory":false,"max_hp_per_floor":[82,82,82,82,82,82,82,82,82,82,87,87,87,87,87,87,87,87,87,87,87,87,87,87,87,87,87,87,87,87,87,87,87,87,87,87,87,87,87,89,89,89,89,89,89,91,93,95,97,97,97,97],"card_choices":[{"not_picked":["Clothesline","Havoc","Body Slam"],"picked":"SKIP","floor":1},{"not_picked":["Power Through","Searing Blow"],"picked":"Feel No Pain","floor":2},{"not_picked":["Dual Wield","Pommel Strike"],"picked":"Pummel","floor":4},{"not_picked":["Twin Strike","Body Slam"],"picked":"Shrug It Off","floor":5},{"not_picked":["Flex","Thunderclap"],"picked":"Sever Soul","floor":7},{"not_picked":["Headbutt","Shrug It Off","Armaments"],"picked":"SKIP","floor":8},{"not_picked":["Body Slam","Feel No Pain"],"picked":"Fire Breathing","floor":10},{"not_picked":["Disarm","Sword Boomerang"],"picked":"Demon Form","floor":14},{"not_picked":["Reaper","Brutality"],"picked":"Impervious","floor":16},{"not_picked":["Shrug It Off","True Grit","Dropkick"],"picked":"SKIP","floor":18},{"not_picked":["Shrug It Off","True Grit","Sword Boomerang+1"],"picked":"SKIP","floor":20},{"not_picked":["Second Wind","Armaments"],"picked":"Flame Barrier","floor":22},{"not_picked":["Reckless Charge","Flame Barrier+1","Rampage"],"picked":"SKIP","floor":24},{"not_picked":["Flame Barrier","Dual Wield+1","Twin Strike"],"picked":"SKIP","floor":25},{"not_picked":["Power Through","Pommel Strike+1"],"picked":"Immolate","floor":29},{"not_picked":["Impervious","Berserk"],"picked":"Juggernaut","floor":33},{"not_picked":["True Grit","Evolve","Pummel"],"picked":"SKIP","floor":35},{"not_picked":["Cleave","Pommel Strike","Armaments"],"picked":"SKIP","floor":37},{"not_picked":["Pommel Strike","Inflame","Carnage"],"picked":"Singing Bowl","floor":40},{"not_picked":["Uppercut","Anger+1","Inflame"],"picked":"Singing Bowl","floor":46},{"not_picked":["Armaments","Carnage","Flex"],"picked":"Singing Bowl","floor":47},{"not_picked":["Juggernaut","Twin Strike","Pommel Strike+1"],"picked":"Singing Bowl","floor":48},{"not_picked":["Dual Wield","Clash","Sword Boomerang"],"picked":"Singing Bowl","floor":49}],"player_experience":485727,"relics_obtained":[{"floor":7,"key":"Red Skull"},{"floor":9,"key":"Whetstone"},{"floor":13,"key":"Orichalcum"},{"floor":24,"key":"Potion Belt"},{"floor":26,"key":"Dream Catcher"},{"floor":29,"key":"Lantern"},{"floor":43,"key":"Kunai"}],"event_choices":[{"damage_healed":0,"gold_gain":0,"player_choice":"Trade","damage_taken":0,"relics_obtained":["CultistMask"],"max_hp_gain":0,"max_hp_loss":0,"event_name":"FaceTrader","floor":3,"gold_loss":0},{"damage_healed":0,"gold_gain":0,"player_choice":"Donut","damage_taken":0,"max_hp_gain":5,"max_hp_loss":0,"event_name":"Big Fish","floor":11,"gold_loss":0},{"damage_healed":17,"gold_gain":0,"player_choice":"Heal","damage_taken":0,"max_hp_gain":0,"max_hp_loss":0,"event_name":"The Library","floor":19,"gold_loss":0},{"damage_healed":0,"gold_gain":0,"player_choice":"Ignored","damage_taken":0,"max_hp_gain":0,"max_hp_loss":0,"event_name":"Ghosts","floor":28,"gold_loss":0},{"damage_healed":0,"gold_gain":50,"player_choice":"Stole From Cult","damage_taken":0,"max_hp_gain":0,"max_hp_loss":0,"event_name":"Nest","floor":30,"gold_loss":0},{"damage_healed":0,"gold_gain":0,"player_choice":"Obtained Relic","damage_taken":0,"relics_obtained":["Centennial Puzzle"],"max_hp_gain":0,"max_hp_loss":0,"event_name":"Addict","floor":31,"gold_loss":85},{"damage_healed":0,"gold_gain":0,"player_choice":"Got Potions","damage_taken":0,"max_hp_gain":0,"max_hp_loss":0,"event_name":"Lab","floor":39,"gold_loss":0},{"damage_healed":0,"gold_gain":0,"player_choice":"Ignored","damage_taken":0,"max_hp_gain":0,"max_hp_loss":0,"event_name":"Mysterious Sphere","floor":42,"gold_loss":0},{"damage_healed":0,"gold_gain":0,"player_choice":"Paid","damage_taken":0,"relics_obtained":["Red Mask"],"max_hp_gain":0,"max_hp_loss":0,"event_name":"Tomb of Lord Red Mask","floor":44,"gold_loss":27}],"is_beta":false,"boss_relics":[{"not_picked":["Runic Cube","Empty Cage"],"picked":"Snecko Eye"},{"not_picked":["Calling Bell","Velvet Choker"],"picked":"SlaversCollar"}],"items_purged_floors":[21,36],"is_endless":false,"potions_floor_spawned":[5,7,8,14,16,18,22,25,40,46,47,48],"killed_by":"Time Eater","ascension_level":20}}