{"host":"dvpvhz1t6etneyb3","time":1612577834,"event":{"mods":["AchievementEnabler","BaseMod","Colored Map","Highlight Path","Minty Spire (QoL Compilation)","Permanent Neow","Quick Restart"],"gold_per_floor":[118,136,136,154,48,78,78,110,163,175,175,175,44,73,73,146,146,164,164,178,195,195,229,229,154,154,154,154,187,187,216,216,294,294,309,364,390,401,419,450,460,460,460,485,485,29,29,45,45,45,45,45,45,45,75,75],"floor_reached":57,"language":"ENG","playtime":5046,"items_purged":["Defend_P","Defend_P"],"score":2868,"play_id":"560fe694-ced8-4691-9473-4f9d6de113ea","local_time":"20210205211714","is_ascension_mode":true,"campfire_choices":[{"data":"Meditate","floor":7.0,"key":"SMITH"},{"data":"Vigilance","floor":12.0,"key":"SMITH"},{"data":"MentalFortress","floor":15.0,"key":"SMITH"},{"data":"ConjureBlade","floor":24.0,"key":"SMITH"},{"data":"BattleHymn","floor":28.0,"key":"SMITH"},{"data":"TalkToTheHand","floor":30.0,"key":"SMITH"},{"data":"WaveOfTheHand","floor":32.0,"key":"SMITH"},{"floor":42.0,"key":"RECALL"},{"data":"TalkToTheHand","floor":45.0,"key":"SMITH"},{"data":"SpiritShield","floor":47.0,"key":"SMITH"},{"data":"SashWhip","floor":49.0,"key":"SMITH"},{"data":"BowlingBash","floor":53.0,"key":"SMITH"}],"circlet_count":0,"master_deck":["AscendersBane","Strike_P+1","Eruption+1","Vigilance+1","Protect","SashWhip+1","Worship","BowlingBash+1","Meditate+1","Omniscience","Sanctity","MentalFortress+1","ConjureBlade+1","WheelKick","Consecrate","BattleHymn+1","TalkToTheHand+1","WaveOfTheHand+1","SpiritShield+1","CurseOfTheBell","TalkToTheHand+1","Vengeance+1","TalkToTheHand+1","Omniscience+1","Swivel+1","Adaptation","WaveOfTheHand+1","LikeWater"],"relics":["Snecko Eye","Pantograph","Whetstone","Smiling Mask","Ice Cream","VioletLotus","Tiny Chest","Eternal Feather","Strawberry","Bottled Lightning","Calling Bell","Regal Pillow","Toxic Egg 2","Ginger","Incense Burner","PreservedInsect","Akabeko","Bottled Flame","ClockworkSouvenir","Damaru"],"acts_visited":["Exordium","TheCity","TheBeyond","TheEnding"],"potions_floor_usage":[56,56],"damage_taken":[{"damage":0.0,"enemies":"Small Slimes","floor":1.0,"turns":3.0},{"damage":2.0,"enemies":"Cultist","floor":2.0,"turns":3.0},{"damage":0.0,"enemies":"2 Louse","floor":4.0,"turns":2.0},{"damage":4.0,"enemies":"Lagavulin","floor":6.0,"turns":5.0},{"damage":0.0,"enemies":"3 Sentries","floor":8.0,"turns":7.0},{"damage":4.0,"enemies":"Blue Slaver","floor":10.0,"turns":3.0},{"damage":0.0,"enemies":"Lagavulin","floor":14.0,"turns":4.0},{"damage":0.0,"enemies":"Hexaghost","floor":16.0,"turns":5.0},{"damage":0.0,"enemies":"2 Thieves","floor":18.0,"turns":3.0},{"damage":0.0,"enemies":"Chosen","floor":20.0,"turns":4.0},{"damage":0.0,"enemies":"Centurion and Healer","floor":21.0,"turns":4.0},{"damage":9.0,"enemies":"Book of Stabbing","floor":23.0,"turns":4.0},{"damage":10.0,"enemies":"Gremlin Leader","floor":29.0,"turns":4.0},{"damage":34.0,"enemies":"Slavers","floor":31.0,"turns":5.0},{"damage":7.0,"enemies":"Automaton","floor":33.0,"turns":8.0},{"damage":0.0,"enemies":"3 Darklings","floor":35.0,"turns":3.0},{"damage":37.0,"enemies":"2 Orb Walkers","floor":36.0,"turns":6.0},{"damage":11.0,"enemies":"Orb Walker","floor":38.0,"turns":3.0},{"damage":1.0,"enemies":"Writhing Mass","floor":39.0,"turns":6.0},{"damage":4.0,"enemies":"Giant Head","floor":40.0,"turns":8.0},{"damage":2.0,"enemies":"4 Shapes","floor":41.0,"turns":4.0},{"damage":14.0,"enemies":"Reptomancer","floor":44.0,"turns":4.0},{"damage":4.0,"enemies":"Transient","floor":48.0,"turns":6.0},{"damage":4.0,"enemies":"Time Eater","floor":50.0,"turns":9.0},{"damage":12.0,"enemies":"Donu and Deca","floor":51.0,"turns":11.0},{"damage":3.0,"enemies":"Shield and Spear","floor":55.0,"turns":12.0},{"damage":50,"enemies":"The Heart","floor":56,"turns":10}],"seed_played":"-8481345033437868234","potions_obtained":[{"floor":1.0,"key":"Energy Potion"},{"floor":8.0,"key":"Strength Potion"},{"floor":10.0,"key":"Regen Potion"},{"floor":29.0,"key":"AttackPotion"},{"floor":35.0,"key":"BottledMiracle"},{"floor":36.0,"key":"Regen Potion"},{"floor":48.0,"key":"EntropicBrew"},{"floor":55.0,"key":"AttackPotion"}],"is_trial":false,"path_per_floor":["M","M","?","M","$","E","R","E","T","M","?","R","$","E","R","B",null,"M","?","M","M","?","E","R","?","T","?","R","E","R","E","R","B",null,"M","?","T","M","M","E","M","R","T","E","R","$","R","M","R","B","B",null,"R","$","E","B",null],"character_chosen":"WATCHER","items_purchased":["BowlingBash","BottledMiracle","MentalFortress","Swivel+1","Adaptation","ClockworkSouvenir","WaveOfTheHand+1"],"campfire_rested":0,"item_purchase_floors":[5,5,13,46,46,46,46],"current_hp_per_floor":[61,59,59,59,59,55,55,55,55,51,51,51,51,51,51,68,68,68,68,68,68,68,59,59,59,59,59,68,65,74,40,49,67,73,73,36,36,25,64,60,58,70,70,56,71,71,75,71,75,71,63,72,75,75,72,25],"gold":75,"neow_bonus":"BOSS_RELIC","is_daily":false,"chose_seed":false,"campfire_upgraded":11,"win_rate":0.0,"timestamp":1612577834,"path_taken":["M","M","?","M","?","E","R","E","T","M","?","R","$","E","R","BOSS","M","?","M","?","?","E","R","?","T","?","R","E","R","E","R","BOSS","M","?","?","M","M","E","?","R","T","E","R","$","R","M","R","BOSS","BOSS","R","$","E","BOSS"],"items_purchased_type":["Card","Potion","Card","Card","Card","Relic","Card"],"build_version":"2020-12-22","purchased_purges":2,"victory":true,"max_hp_per_floor":[68,68,68,68,68,68,68,68,68,68,68,68,68,68,68,68,68,68,68,68,68,68,68,68,68,68,68,68,75,75,75,75,75,75,75,75,75,75,75,75,75,75,75,75,75,75,75,75,75,75,75,75,75,75,75,75],"card_choices":[{"not_picked":["InnerPeace","Halt"],"picked":"Protect","floor":1.0},{"not_picked":["EmptyBody","Weave"],"picked":"SashWhip","floor":2.0},{"not_picked":["Consecrate","Indignation"],"picked":"Worship","floor":4.0},{"not_picked":["PathToVictory","ClearTheMind"],"picked":"Meditate","floor":6.0},{"not_picked":["Perseverance","WindmillStrike"],"picked":"Omniscience","floor":8.0},{"not_picked":["Protect","Prostrate","BowlingBash"],"picked":"SKIP","floor":10.0},{"not_picked":["FlyingSleeves","JustLucky","EmptyBody"],"picked":"SKIP","floor":14.0},{"not_picked":["FlyingSleeves","JustLucky","EmptyBody"],"picked":"SKIP","floor":14.0},{"not_picked":["Blasphemy","MasterReality"],"picked":"ConjureBlade","floor":16.0},{"not_picked":["Prostrate","Evaluate","CutThroughFate"],"picked":"SKIP","floor":18.0},{"not_picked":["BowlingBash","PathToVictory","FollowUp"],"picked":"SKIP","floor":20.0},{"not_picked":["EmptyFist+1","CutThroughFate+1","FlurryOfBlows+1"],"picked":"SKIP","floor":21.0},{"not_picked":["Evaluate","Crescendo","ReachHeaven"],"picked":"SKIP","floor":23.0},{"not_picked":["InnerPeace","Protect"],"picked":"TalkToTheHand","floor":29.0},{"not_picked":["SashWhip","CrushJoints"],"picked":"WaveOfTheHand","floor":31.0},{"not_picked":["Blasphemy","Scrawl"],"picked":"SpiritShield","floor":33.0},{"not_picked":["FlurryOfBlows","SashWhip","SignatureMove"],"picked":"SKIP","floor":35.0},{"not_picked":["EmptyFist+1","ThirdEye+1"],"picked":"TalkToTheHand+1","floor":38.0},{"not_picked":["ThirdEye+1","Perseverance+1"],"picked":"Vengeance+1","floor":39.0},{"not_picked":["CrushJoints","Prostrate+1","ForeignInfluence+1"],"picked":"SKIP","floor":40.0},{"not_picked":["FollowUp","Consecrate"],"picked":"TalkToTheHand","floor":41.0},{"not_picked":["Vengeance+1","PathToVictory+1"],"picked":"Omniscience+1","floor":44.0},{"not_picked":["FollowUp+1","BattleHymn","Halt+1"],"picked":"SKIP","floor":48.0},{"not_picked":["Nirvana","FlyingSleeves"],"picked":"LikeWater","floor":55.0}],"player_experience":2151725,"relics_obtained":[{"floor":6.0,"key":"Pantograph"},{"floor":8.0,"key":"Whetstone"},{"floor":9.0,"key":"Smiling Mask"},{"floor":14.0,"key":"Ice Cream"},{"floor":23.0,"key":"Tiny Chest"},{"floor":26.0,"key":"Eternal Feather"},{"floor":29.0,"key":"Strawberry"},{"floor":31.0,"key":"Bottled Lightning"},{"floor":34.0,"key":"Regal Pillow"},{"floor":34.0,"key":"Toxic Egg 2"},{"floor":34.0,"key":"Ginger"},{"floor":36.0,"key":"Incense Burner"},{"floor":37.0,"key":"PreservedInsect"},{"floor":40.0,"key":"Akabeko"},{"floor":44.0,"key":"Bottled Flame"},{"floor":55.0,"key":"Damaru"}],"event_choices":[{"cards_removed":["Strike_P"],"damage_healed":0.0,"max_hp_gain":0.0,"max_hp_loss":0.0,"gold_gain":0.0,"event_name":"Bonfire Elementals","player_choice":"Offered Basic","floor":3.0,"gold_loss":0.0,"damage_taken":0.0},{"damage_healed":0.0,"max_hp_gain":0.0,"max_hp_loss":0.0,"gold_gain":0.0,"cards_transformed":["Defend_P"],"event_name":"Living Wall","player_choice":"Change","floor":11.0,"gold_loss":0.0,"damage_taken":0.0,"cards_obtained":["Sanctity"]},{"damage_healed":0.0,"max_hp_gain":0.0,"max_hp_loss":0.0,"gold_gain":0.0,"event_name":"Match and Keep!","player_choice":"1 cards matched","floor":19.0,"gold_loss":0.0,"damage_taken":0.0,"cards_obtained":["WheelKick"]},{"damage_healed":0.0,"max_hp_gain":0.0,"max_hp_loss":0.0,"gold_gain":0.0,"event_name":"Ghosts","player_choice":"Ignored","floor":22.0,"gold_loss":0.0,"damage_taken":0.0},{"cards_removed":["Strike_P"],"damage_healed":0.0,"max_hp_gain":0.0,"max_hp_loss":0.0,"gold_gain":0.0,"event_name":"Beggar","player_choice":"Gave Gold","floor":25.0,"gold_loss":75.0,"damage_taken":0.0},{"damage_healed":0.0,"max_hp_gain":0.0,"max_hp_loss":0.0,"gold_gain":0.0,"cards_transformed":["Defend_P","Strike_P"],"event_name":"Drug Dealer","player_choice":"Became Test Subject","floor":27.0,"gold_loss":0.0,"damage_taken":0.0,"cards_obtained":["Consecrate","BattleHymn"]},{"damage_healed":0.0,"max_hp_gain":0.0,"max_hp_loss":0.0,"gold_gain":0.0,"event_name":"Mysterious Sphere","player_choice":"Fight","floor":36.0,"gold_loss":0.0,"damage_taken":0.0}],"is_beta":false,"boss_relics":[{"not_picked":["SacredBark","Pandora\u0027s Box"],"picked":"VioletLotus"},{"not_picked":["Runic Pyramid","Runic Dome"],"picked":"Calling Bell"}],"items_purged_floors":[13,46],"is_endless":false,"potions_floor_spawned":[1,8,10,20,29,35,36,38,48,55],"ascension_level":20}}