{"host":"r6ixdbpnwahtqyu3","time":1612577684,"event":{"mods":["BaseMod","CapriCore","Colored Map","Friendly Minions","Koishi","Marisa（霧雨　魔理沙）","Minty Spire (QoL Compilation)","Remilia（蕾米莉?）","StSLib","The Immortal","The Servant 0.9.4"],"gold_per_floor":[119,136,151,181,181,230,266,266,321,333,399,401,413,425,425],"floor_reached":14,"language":"ENG","playtime":817,"items_purged":[],"score":160,"play_id":"0cae1878-4d3f-430c-95d0-d2afdb504e48","local_time":"20210205211444","is_ascension_mode":true,"campfire_choices":[{"floor":10,"key":"REST"},{"floor":13,"key":"REST"}],"circlet_count":0,"master_deck":["Strike_RM","Strike_RM","Strike_RM","Strike_RM","Defend_RM","Defend_RM","Defend_RM","Defend_RM","RedMoon","ScarletShoot","AfternoonTea","FavorOfDestiny","VampireClaw","UnstableMagic","EternalNight"],"relics":["ScarletHat","Regal Pillow","MawBank","Pantograph"],"acts_visited":["Exordium"],"potions_floor_usage":[4,4,8],"damage_taken":[{"damage":0,"enemies":"Small Slimes","floor":1,"turns":3},{"damage":2,"enemies":"Cultist","floor":2,"turns":4},{"damage":0,"enemies":"Jaw Worm","floor":3,"turns":5},{"damage":1,"enemies":"Exordium Thugs","floor":4,"turns":4},{"damage":40,"enemies":"Lagavulin","floor":6,"turns":11},{"damage":14,"enemies":"Exordium Wildlife","floor":7,"turns":7},{"damage":31,"enemies":"Gremlin Nob","floor":8,"turns":5},{"damage":38,"enemies":"Lagavulin","floor":11,"turns":14},{"damage":1,"enemies":"Looter","floor":12,"turns":4},{"damage":70,"enemies":"Gremlin Nob","floor":14,"turns":6}],"seed_played":"-675499383204414350","potions_obtained":[{"floor":1,"key":"SmokeBomb"},{"floor":2,"key":"Explosive Potion"},{"floor":3,"key":"BlessingOfTheForge"},{"floor":7,"key":"SpeedPotion"},{"floor":11,"key":"Dexterity Potion"}],"is_trial":false,"path_per_floor":["M","M","M","M","?","E","M","E","T","R","E","M","R","E"],"character_chosen":"REMILIA","items_purchased":[],"campfire_rested":2,"item_purchase_floors":[],"current_hp_per_floor":[68,66,67,66,85,47,35,6,6,46,19,19,59,0,0],"gold":425,"neow_bonus":"ONE_RANDOM_RARE_CARD","is_daily":false,"chose_seed":false,"campfire_upgraded":0,"win_rate":0.0,"timestamp":1612577684,"path_taken":["M","M","M","M","?","E","?","E","T","R","E","M","R","E"],"items_purchased_type":[],"build_version":"2020-12-22","purchased_purges":0,"victory":false,"max_hp_per_floor":[75,75,75,75,85,85,85,85,85,85,85,85,85,85,85],"card_choices":[{"not_picked":["Septette","BloodyMagicSquare"],"picked":"AfternoonTea","floor":1},{"not_picked":["GlobalNightmare","RedRainbow"],"picked":"FavorOfDestiny","floor":2},{"not_picked":["DiffusionOfMisfortune","Stigmanizer","BloodHunter"],"picked":"SKIP","floor":3},{"not_picked":["VampireSweep","BloodHunter"],"picked":"VampireClaw","floor":4},{"not_picked":["UnderTheZenith","FavorOfDestiny","ScarletDevil"],"picked":"SKIP","floor":6},{"not_picked":["BloodHunter","UnderTheZenith"],"picked":"UnstableMagic","floor":7},{"not_picked":["ScarletImprint","BlasphemousPunishment"],"picked":"EternalNight","floor":11},{"not_picked":["NightLord","BlasphemousPunishment","RedRainbow"],"picked":"SKIP","floor":12}],"player_experience":409124,"relics_obtained":[{"floor":6,"key":"Regal Pillow"},{"floor":9,"key":"MawBank"},{"floor":11,"key":"Pantograph"}],"event_choices":[{"cards_removed":["KillingBlow"],"damage_healed":9,"gold_gain":0,"player_choice":"Offered Rare","damage_taken":0,"max_hp_gain":10,"max_hp_loss":0,"event_name":"Bonfire Elementals","floor":5,"gold_loss":0}],"is_beta":false,"boss_relics":[],"items_purged_floors":[],"is_endless":false,"potions_floor_spawned":[1,2,7,8,11],"killed_by":"Gremlin Nob","ascension_level":9}}