{"host":"1v3mnj67s3trvm6y","time":1612607554,"event":{"mods":["BaseMod","Challenge The Spire","Downfall","Minty Spire (QoL Compilation)","StSLib"],"gold_per_floor":[99,110,127,127,146,158,185,185,196,209,209,237,137,137,150,249,249,249,261,173,185,198,209,209,209,226,237,237,248,265,265,277,277,277,277],"floor_reached":33,"language":"ENG","playtime":2857,"items_purged":[],"score":307,"play_id":"568feb51-f92f-4c55-adab-b79de3601a8c","local_time":"20210206193234","is_ascension_mode":false,"campfire_choices":[{"data":"bronze:Goto","floor":1,"key":"SMITH"},{"floor":11,"key":"REST"},{"data":"bronze:Mutator","floor":13,"key":"SMITH"},{"data":"bronze:TinkerersToolbox","floor":18,"key":"SMITH"},{"data":"bronze:Optimize","floor":28,"key":"SMITH"}],"circlet_count":0,"master_deck":["bronze:Replicate","bronze:Goto+1","bronze:WildBeam","bronze:Repair","bronze:Spike","bronze:DazingPulse+1","bronze:BugBarrage+1","bronze:GetLatest","bronze:Flail+1","bronze:FineTuning+1","bronze:Mutator+1","bronze:WhirlingStrike","bronze:InfiniteBeams","bronze:TinkerersToolbox+1","bronze:ChosenStrike","bronze:Refactor","bronze:ThunderWave","bronze:ForLoop","bronze:Invalidate","bronze:Repulsor","bronze:MaxOutput","bronze:Shield","bronze:Iterate+1","bronze:FollowUp+1","bronze:Optimize+1","bronze:Frontload+1","bronze:BronzeArmor+1","bronze:Separator","bronze:OilSpill+1","bronze:ChosenStrike+1","bronze:Repair+1","bronze:BurnOut","Pride","bronze:DarkDash"],"relics":["bronze:BronzeCore","Blood Vial","Blue Candle","Omamori","downfall:HeartBlessingGreen","Pandora\u0027s Box","Pear"],"acts_visited":["Exordium","TheCity"],"potions_floor_usage":[12,12,23,32],"damage_taken":[{"damage":0,"enemies":"2 Louse","floor":2,"turns":3},{"damage":6,"enemies":"Jaw Worm","floor":3,"turns":2},{"damage":45,"enemies":"Jaw Worm","floor":4,"turns":9},{"damage":0,"enemies":"Cultist","floor":5,"turns":4},{"damage":5,"enemies":"Gremlin Gang","floor":6,"turns":4},{"damage":0,"enemies":"Large Slime","floor":9,"turns":4},{"damage":3,"enemies":"3 Louse","floor":10,"turns":2},{"damage":0,"enemies":"3 Sentries","floor":12,"turns":5},{"damage":13,"enemies":"Red Slaver","floor":15,"turns":3},{"damage":41,"enemies":"WA_ARCHETYPE_RETAIN","floor":16,"turns":6},{"damage":16,"enemies":"Chosen","floor":19,"turns":5},{"damage":5,"enemies":"downfall:FleeingMerchant","floor":20,"turns":4},{"damage":8,"enemies":"3 Byrds","floor":21,"turns":4},{"damage":10,"enemies":"Cultist and Chosen","floor":22,"turns":4},{"damage":14,"enemies":"Snake Plant","floor":23,"turns":3},{"damage":0,"enemies":"Shelled Parasite and Fungi","floor":26,"turns":4},{"damage":10,"enemies":"Centurion and Healer","floor":27,"turns":6},{"damage":0,"enemies":"Snecko","floor":29,"turns":4},{"damage":10,"enemies":"Cultist and Chosen","floor":30,"turns":4},{"damage":21,"enemies":"Centurion and Healer","floor":32,"turns":9},{"damage":113,"enemies":"SI_MIRROR_ARCHETYPE","floor":33,"turns":12}],"seed_played":"-2960715964367013689","potions_obtained":[{"floor":3,"key":"PowerPotion"},{"floor":4,"key":"Energy Potion"},{"floor":6,"key":"ColorlessPotion"},{"floor":16,"key":"Energy Potion"},{"floor":21,"key":"sneckomod:MuddlingPotion"},{"floor":26,"key":"Dexterity Potion"},{"floor":29,"key":"Block Potion"},{"floor":32,"key":"Weak Potion"}],"is_trial":false,"path_per_floor":["R","M","M","?","M","M","T","?","M","M","R","E","R","?","M","B",null,"R","M","$","M","M","M","T","?","M","M","R","M","M","?","M","B"],"character_chosen":"THE_AUTOMATON","items_purchased":["bronze:Optimize"],"campfire_rested":1,"item_purchase_floors":[20],"current_hp_per_floor":[77,77,71,32,39,41,41,36,38,45,68,77,77,77,64,32,77,77,61,65,66,66,61,61,61,71,67,67,69,77,87,87,0,0,0],"gold":277,"neow_bonus":"TEN_PERCENT_HP_BONUS","is_daily":false,"chose_seed":false,"campfire_upgraded":4,"win_rate":0.0,"timestamp":1612607554,"path_taken":["R","M","M","?","M","M","T","?","M","M","R","E","R","?","M","BOSS","R","M","$","M","M","M","T","?","M","M","R","?","M","?","M","BOSS"],"items_purchased_type":["Card"],"build_version":"2020-12-22","purchased_purges":0,"victory":false,"max_hp_per_floor":[77,77,77,77,77,77,77,77,77,77,77,77,77,77,77,77,77,77,77,77,77,77,77,77,77,77,77,77,77,77,87,87,87,87,87],"card_choices":[{"not_picked":["bronze:BitShift","bronze:Philosophize"],"picked":"bronze:WildBeam","floor":2},{"not_picked":["bronze:DelayedGuard","bronze:Branch"],"picked":"bronze:Repair","floor":3},{"not_picked":[],"picked":"bronze:Spike","floor":4},{"not_picked":[],"picked":"bronze:DazingPulse","floor":4},{"not_picked":["bronze:DelayedGuard","bronze:OilSpill"],"picked":"bronze:BugBarrage","floor":4},{"not_picked":["bronze:Invalidate","bronze:Shield"],"picked":"bronze:GetLatest","floor":5},{"not_picked":["bronze:GetLatest","bronze:BitShift"],"picked":"bronze:Flail","floor":6},{"not_picked":["bronze:BuggyMess","bronze:BitShift"],"picked":"bronze:FineTuning","floor":9},{"not_picked":["bronze:ClassDefault","bronze:OilSpill"],"picked":"bronze:Mutator","floor":10},{"not_picked":["bronze:Invalidate","bronze:ForceShield"],"picked":"bronze:WhirlingStrike","floor":12},{"not_picked":["bronze:WhirlingStrike","bronze:Branch"],"picked":"bronze:InfiniteBeams","floor":15},{"not_picked":["bronze:RecursiveStrike","bronze:Assembly"],"picked":"bronze:TinkerersToolbox","floor":16},{"not_picked":["bronze:Overheat+1","bronze:Deprecate"],"picked":"bronze:Iterate+1","floor":19},{"not_picked":["bronze:GetLatest","bronze:BitShift+1"],"picked":"bronze:FollowUp+1","floor":20},{"not_picked":["bronze:DelayedSlice","bronze:DelayedGuard"],"picked":"bronze:Frontload+1","floor":21},{"not_picked":["bronze:DelayedSlice","bronze:CloningBeam"],"picked":"bronze:BronzeArmor+1","floor":22},{"not_picked":["bronze:GetLatest","bronze:AlphaBuild"],"picked":"bronze:Separator","floor":23},{"not_picked":["bronze:Shield","bronze:ForLoop"],"picked":"bronze:OilSpill+1","floor":26},{"not_picked":["bronze:DelayedSlice","bronze:InfiniteBeams"],"picked":"bronze:ChosenStrike+1","floor":27},{"not_picked":["bronze:BitShift+1","bronze:DigitalCarnage"],"picked":"bronze:Repair+1","floor":29},{"not_picked":["bronze:Separator","bronze:ItsAFeature+1"],"picked":"bronze:BurnOut","floor":30},{"not_picked":["bronze:DelayedGuard","bronze:Turbo"],"picked":"bronze:DarkDash","floor":32}],"player_experience":1676738,"relics_obtained":[{"floor":7,"key":"Blood Vial"},{"floor":12,"key":"Omamori"}],"event_choices":[{"damage_healed":0,"gold_gain":0,"player_choice":"Stole Relic","damage_taken":0,"relics_obtained":["Pear"],"max_hp_gain":0,"max_hp_loss":0,"event_name":"Addict","floor":31,"gold_loss":0,"cards_obtained":["Pride"]}],"is_beta":false,"boss_relics":[{"not_picked":["Velvet Choker","SlaversCollar"],"picked":"Pandora\u0027s Box"}],"items_purged_floors":[],"is_endless":false,"potions_floor_spawned":[3,4,6,16,21,26,29,30,32],"killed_by":"SI_MIRROR_ARCHETYPE","ascension_level":0}}