{"host":"17uzppmr1r5fe5jj","time":1612608831,"event":{"mods":["BaseMod","HololiveMod","Minty Spire (QoL Compilation)","Quick Restart","StSLib","TestMod","[IsaacMod]ÒÔÈö¼âËþ"],"gold_per_floor":[123,123,48,55,69,69,85,157,157,178,178,10,10,10,10,147,147,179,281,337,337,372,372],"floor_reached":22,"language":"ZHS","playtime":641,"items_purged":["Strike_B","Strike_B"],"score":172,"play_id":"8acf2c1e-42fb-42dd-9938-123807ca5889","local_time":"20210206185351","daily_mods":["Heirloom","Flight"],"is_ascension_mode":false,"campfire_choices":[{"data":"Dualcast","floor":6,"key":"SMITH"},{"data":"Echo Form","floor":11,"key":"SMITH"},{"data":"Darkness","floor":13,"key":"SMITH"},{"data":"Fusion","floor":15,"key":"SMITH"}],"circlet_count":0,"master_deck":["Defend_B","Defend_B","Defend_B","Defend_B","Zap","Dualcast+1","Redo+1","Echo Form+1","Fusion+1","Darkness+1","Multi-Cast","Coolheaded","Loop"],"relics":["Cracked Core","testmod-TestBox","HushsDoor","SalivaCoin","testmod-GiftOfSatan","GuppysHead","AnarchistCookbook","Sundial","Inserter","Red Mask"],"acts_visited":["Exordium","TheCity"],"potions_floor_usage":[19],"damage_taken":[{"damage":11.0,"enemies":"Jaw Worm","floor":1.0,"turns":3.0},{"damage":0,"enemies":"2 Louse","floor":5,"turns":1},{"damage":0,"enemies":"Cultist","floor":7,"turns":2},{"damage":10,"enemies":"Exordium Thugs","floor":10,"turns":2},{"damage":23,"enemies":"The Guardian","floor":16,"turns":5},{"damage":27,"enemies":"Spheric Guardian","floor":18,"turns":4},{"damage":23,"enemies":"3 Byrds","floor":19,"turns":4},{"damage":24,"enemies":"Masked Bandits","floor":20,"turns":3},{"damage":29,"enemies":"3 Cultists","floor":22,"turns":3}],"seed_played":"4938519978928415687","potions_obtained":[{"floor":16,"key":"Regen Potion"},{"floor":20,"key":"SneckoOil"}],"is_trial":true,"path_per_floor":["M","?","$","?","M","R","M","T","T","M","R","$","R","$","R","B",null,"M","M","?","?","M"],"character_chosen":"DEFECT","items_purchased":["Darkness"],"campfire_rested":0,"item_purchase_floors":[12],"current_hp_per_floor":[64,64,64,57,57,57,63,63,63,53,53,53,53,53,53,42,75,48,43,27,27,0,0],"gold":372,"neow_bonus":"","is_daily":false,"chose_seed":false,"campfire_upgraded":4,"win_rate":0.0,"timestamp":1612608831,"path_taken":["M","?","$","?","?","R","M","?","T","M","R","$","R","?","R","BOSS","M","M","?","?","M"],"items_purchased_type":["Card"],"build_version":"2020-12-22","purchased_purges":2,"victory":false,"max_hp_per_floor":[75,75,75,75,75,75,75,75,75,75,75,75,75,75,75,75,75,75,75,80,80,80,80],"card_choices":[{"not_picked":["Pulse","Rebound"],"picked":"Redo","floor":1.0},{"not_picked":["Leap","Genetic Algorithm","Compile Driver"],"picked":"SKIP","floor":5},{"not_picked":["Leap","Genetic Algorithm","Compile Driver"],"picked":"SKIP","floor":5},{"not_picked":["Blizzard","Static Discharge"],"picked":"Echo Form","floor":7},{"not_picked":["Ball Lightning","Barrage"],"picked":"Fusion","floor":10},{"not_picked":["Echo Form","Reboot"],"picked":"Multi-Cast","floor":16},{"not_picked":["Ball Lightning","Hologram"],"picked":"Coolheaded","floor":18},{"not_picked":["Gash","Rip and Tear","Lockon"],"picked":"SKIP","floor":19},{"not_picked":["White Noise+1","Gash"],"picked":"Loop","floor":20}],"player_experience":275238,"relics_obtained":[{"floor":8,"key":"AnarchistCookbook"},{"floor":9,"key":"Sundial"},{"floor":20,"key":"Red Mask"}],"event_choices":[{"damage_healed":0,"gold_gain":0,"player_choice":"Grow","damage_taken":0,"max_hp_gain":0,"max_hp_loss":0,"event_name":"Living Wall","floor":2,"gold_loss":0,"cards_upgraded":["Redo"]},{"cards_removed":["Strike_B"],"damage_healed":0,"gold_gain":0,"player_choice":"Card Removal","damage_taken":7,"max_hp_gain":0,"max_hp_loss":0,"event_name":"Golden Wing","floor":4,"gold_loss":0},{"damage_healed":0,"gold_gain":0,"player_choice":"Fought Bandits","damage_taken":0,"max_hp_gain":0,"max_hp_loss":0,"event_name":"Masked Bandits","floor":20,"gold_loss":0},{"cards_removed":["Strike_B"],"damage_healed":0,"gold_gain":0,"player_choice":"Elegance","damage_taken":0,"max_hp_gain":0,"max_hp_loss":0,"event_name":"Back to Basics","floor":21,"gold_loss":0}],"is_beta":false,"boss_relics":[{"not_picked":["Runic Pyramid","Pandora\u0027s Box"],"picked":"Inserter"},{"not_picked":[]}],"items_purged_floors":[3,12],"is_endless":false,"potions_floor_spawned":[16,20],"killed_by":"3 Cultists","ascension_level":0}}