{"host":"2pluridizrp50jef","time":1612614391,"event":{"mods":["ATMod(°¢èªMod)","AchievementEnabler","Act Like it!","BaseMod","Bestiary","Better Altar","Better Match","Better Note","Better Sensory Stone","Better Skull","Better Third Choice","BetterRewards","Colored Powertips","Conspire","Curses Come First","Custom Start","Downfall","Energized Spire","Gensokyo","Hallownest","Hubris","Infinite Spire","Lobotomy","LobotomyExtend","Minty Spire (QoL Compilation)","Rare Cards Sparkle","Relic Stats","Replay The Spire","StSLib","noobMod","¡¾ÒÅÎï¿¨ÅÆ¡¿REMEMod"],"gold_per_floor":[99,119,135,150,150,161,211,211,211,237,253,294,303,346,361,466,466,266,280,299,326,335,359,406,415,457,485,485,497,168,183,196,309,309,309,309],"floor_reached":34,"language":"ZHS","playtime":2467,"items_purged":["Regret","champ:Strike"],"score":497,"play_id":"5baac3cf-8c2d-4322-bc45-42a92a187c0c","local_time":"20210206042631","is_ascension_mode":false,"campfire_choices":[{"data":"Master of Strategy","floor":1,"key":"SMITH"},{"floor":18,"key":"RECALL"}],"circlet_count":0,"master_deck":["champ:Strike","champ:Strike","champ:Strike","champ:Defend","champ:Defend","champ:Defend","champ:Defend","champ:Execute","champ:Taunt","Master of Strategy+1","champ:EnragedBash","champ:FaceSlap","champ:FanOfKnives","champ:EnragedBash","champ:DancingMaster","champ:FanOfKnives","champ:AdrenalArmor","champ:VampiricStrike","champ:StanceDance","champ:Shatter","hubris:InfiniteBlow+3","champ:StanceDance","champ:Endure+1","champ:GutPunch","champ:IronFortress","champ:SteelEdge"],"relics":["champ:ChampionCrown","AT_ATBox","REME_ComplimentaryCards","ice","LetterFromLob","hubris:Reverence","CeramicFish","Art of War","conspire:InfiniteJournal","Black Star","downfall:HeartBlessingGreen","downfall:HeartBlessingBlue","Happy Flower","WarpedTongs","Pantograph","ReplayTheSpireMod:TigerMarble","Spirit Poop","Replay:Bottled Eggs","conspire:SlowCooker"],"acts_visited":["Exordium","TheCity"],"potions_floor_usage":[16,30],"damage_taken":[{"damage":26,"enemies":"Jaw Worm","floor":2,"turns":3},{"damage":20,"enemies":"Cultist","floor":3,"turns":3},{"damage":25,"enemies":"Small Slimes","floor":4,"turns":2},{"damage":32,"enemies":"2 Fungi Beasts","floor":6,"turns":3},{"damage":30,"enemies":"Gremlin Nob","floor":10,"turns":4},{"damage":37,"enemies":"Blue Slaver","floor":11,"turns":3},{"damage":66,"enemies":"Lagavulin","floor":12,"turns":4},{"damage":52,"enemies":"Gremlin Nob","floor":14,"turns":4},{"damage":11,"enemies":"Exordium Wildlife","floor":15,"turns":3},{"damage":54,"enemies":"SI_SHIV_ARCHETYPE","floor":16,"turns":5},{"damage":16,"enemies":"Chosen","floor":19,"turns":3},{"damage":20,"enemies":"Shell Parasite","floor":20,"turns":3},{"damage":15,"enemies":"Snake Plant","floor":21,"turns":3},{"damage":20,"enemies":"Centurion and Healer","floor":23,"turns":3},{"damage":111,"enemies":"Nightmare","floor":26,"turns":5},{"damage":25,"enemies":"3 Cultists","floor":27,"turns":3},{"damage":15,"enemies":"Cultist and Chosen","floor":29,"turns":2},{"damage":43,"enemies":"downfall:FleeingMerchant","floor":30,"turns":4},{"damage":15,"enemies":"Centurion and Healer","floor":31,"turns":2},{"damage":0,"enemies":"Sentry and Sphere","floor":32,"turns":1},{"damage":45,"enemies":"WA_ARCHETYPE_CALM","floor":33,"turns":4}],"seed_played":"7745608200253054779","potions_obtained":[{"floor":10,"key":"bronze:BurnAndBuffPotion"},{"floor":15,"key":"Adrenaline Potion"},{"floor":29,"key":"SmokeBomb"},{"floor":33,"key":"Strength Potion"}],"is_trial":false,"path_per_floor":["R","M","M","M","?","M","T","?","?","E","M","E","?","E","M","B",null,"R","M","M","M","AVR","M","T","?","NM","M","?","M","$","M","M","B",null],"character_chosen":"THE_CHAMP","items_purchased":["Replay:Bottled Eggs"],"campfire_rested":0,"item_purchase_floors":[30],"current_hp_per_floor":[99,83,83,73,38,21,21,21,21,99,87,56,56,39,38,111,111,121,120,120,120,120,120,120,120,34,34,34,34,34,34,34,59,59,59,59],"gold":309,"neow_bonus":"TEN_PERCENT_HP_BONUS","is_daily":false,"chose_seed":false,"campfire_upgraded":1,"win_rate":0.0,"timestamp":1612614391,"path_taken":["R","M","M","M","?","?","T","?","?","E","M","E","?","E","M","BOSS","R","M","M","M","AVR","M","T","?","NM","M","?","M","$","M","M","BOSS"],"items_purchased_type":["Relic"],"build_version":"2020-12-22","purchased_purges":2,"victory":false,"max_hp_per_floor":[99,99,99,99,99,99,99,99,99,99,101,103,103,105,106,111,111,121,123,127,133,133,136,136,136,148,151,151,153,158,159,159,161,161,161,161],"relic_stats":{"Happy Flower":[7],"counters":[21,67],"CeramicFish":117,"Pantograph":25,"Art of War":[0],"Black Star":1,"obtain_stats":[{"AT_ATBox":0,"Happy Flower":24,"CeramicFish":12,"Spirit Poop":28,"champ:ChampionCrown":0,"downfall:HeartBlessingGreen":18,"conspire:SlowCooker":34,"ice":0,"conspire:InfiniteJournal":14,"WarpedTongs":25,"downfall:HeartBlessingBlue":18,"Pantograph":26,"LetterFromLob":2,"Art of War":13,"Black Star":17,"ReplayTheSpireMod:TigerMarble":26,"Replay:Bottled Eggs":30,"REME_ComplimentaryCards":0,"hubris:Reverence":10},{"AT_ATBox":0,"Happy Flower":14,"CeramicFish":7,"Spirit Poop":16,"champ:ChampionCrown":0,"downfall:HeartBlessingGreen":10,"conspire:SlowCooker":21,"ice":0,"conspire:InfiniteJournal":8,"WarpedTongs":14,"downfall:HeartBlessingBlue":10,"Pantograph":15,"LetterFromLob":1,"Art of War":7,"Black Star":10,"ReplayTheSpireMod:TigerMarble":15,"Replay:Bottled Eggs":18,"REME_ComplimentaryCards":0,"hubris:Reverence":5},{"AT_ATBox":0,"Happy Flower":46,"CeramicFish":22,"Spirit Poop":54,"champ:ChampionCrown":0,"downfall:HeartBlessingGreen":34,"conspire:SlowCooker":67,"ice":0,"conspire:InfiniteJournal":26,"WarpedTongs":46,"downfall:HeartBlessingBlue":34,"Pantograph":51,"LetterFromLob":3,"Art of War":22,"Black Star":34,"ReplayTheSpireMod:TigerMarble":51,"Replay:Bottled Eggs":60,"REME_ComplimentaryCards":0,"hubris:Reverence":15}],"WarpedTongs":[21]},"card_choices":[{"not_picked":["champ:Parry","champ:EndlessRage"],"picked":"champ:EnragedBash","floor":2},{"not_picked":["champ:FalseCounter","champ:FanOfKnives"],"picked":"champ:FaceSlap","floor":3},{"not_picked":["champ:FlashCut","champ:CrownThrow","champ:Haymaker"],"picked":"SKIP","floor":4},{"not_picked":["champ:Duel","champ:GladiatorStyle"],"picked":"champ:FanOfKnives","floor":6},{"not_picked":["champ:EnGarde","champ:Parry"],"picked":"champ:EnragedBash","floor":10},{"not_picked":["champ:FalseCounter","champ:HeartStrike"],"picked":"champ:DancingMaster","floor":11},{"not_picked":["champ:Encircle","champ:SkillfulDodge"],"picked":"champ:FanOfKnives","floor":12},{"not_picked":["champ:ShieldWall","champ:PreemptiveStrike"],"picked":"champ:AdrenalArmor","floor":14},{"not_picked":["champ:SkillfulDodge","champ:PerfectedStrike","champ:DeathBlow"],"picked":"SKIP","floor":15},{"not_picked":["champ:Improvising","champ:DancingMaster"],"picked":"champ:VampiricStrike","floor":16},{"not_picked":["champ:PreemptiveStrike+1","champ:EndlessRage","champ:ShieldSlam"],"picked":"SKIP","floor":19},{"not_picked":["champ:PreemptiveStrike+1","champ:EndlessRage","champ:ShieldSlam"],"picked":"SKIP","floor":19},{"not_picked":["champ:TornadoPunch","champ:DefensiveShout+1"],"picked":"champ:StanceDance","floor":20},{"not_picked":["champ:Encircle","champ:PreciseThrust"],"picked":"champ:Shatter","floor":21},{"not_picked":["champ:PreciseThrust","champ:DeathBlow"],"picked":"champ:StanceDance","floor":23},{"not_picked":["champ:HeartStrike","champ:EndlessRage"],"picked":"champ:Endure+1","floor":26},{"not_picked":["champ:Haymaker","champ:Circumvent"],"picked":"champ:GutPunch","floor":27},{"not_picked":["champ:BladeFlurry","champ:FlashCut","champ:GladiatorStyle"],"picked":"SKIP","floor":29},{"not_picked":["champ:AdrenalArmor","champ:FaceSlap"],"picked":"champ:IronFortress","floor":30},{"not_picked":["champ:FocusedDefense+1","champ:Haymaker","champ:PerfectedStrike"],"picked":"SKIP","floor":31},{"not_picked":["champ:FaceSlap","champ:Haymaker","champ:GutPunch+1"],"picked":"SKIP","floor":32},{"not_picked":["champ:TripleStrike","champ:MurderStrike"],"picked":"champ:SteelEdge","floor":33}],"player_experience":126539,"relics_obtained":[{"floor":2,"key":"LetterFromLob"},{"floor":10,"key":"hubris:Reverence"},{"floor":12,"key":"CeramicFish"},{"floor":14,"key":"conspire:InfiniteJournal"},{"floor":24,"key":"Happy Flower"},{"floor":26,"key":"Pantograph"},{"floor":26,"key":"ReplayTheSpireMod:TigerMarble"}],"event_choices":[{"damage_healed":0,"gold_gain":0,"player_choice":"Box","damage_taken":0,"relics_obtained":["Art of War"],"max_hp_gain":0,"max_hp_loss":0,"event_name":"Big Fish","floor":13,"gold_loss":0,"cards_obtained":["Regret"]},{"damage_healed":0,"gold_gain":0,"player_choice":"Rummage","damage_taken":0,"relics_obtained":["WarpedTongs"],"max_hp_gain":0,"max_hp_loss":0,"event_name":"Accursed Blacksmith","floor":25,"gold_loss":0,"cards_obtained":["Pain"]},{"cards_removed":["Pain"],"damage_healed":0,"gold_gain":0,"player_choice":"Offered Curse","damage_taken":0,"relics_obtained":["Spirit Poop"],"max_hp_gain":0,"max_hp_loss":0,"event_name":"Bonfire Elementals","floor":28,"gold_loss":0}],"is_beta":false,"boss_relics":[{"not_picked":["Velvet Choker","ChewingGum"],"picked":"Black Star"},{"not_picked":["SacredBark","Runic Pyramid"],"picked":"conspire:SlowCooker"}],"items_purged_floors":[22,30],"is_endless":true,"potions_floor_spawned":[4,10,11,15,19,27,29,31,32,33],"ascension_level":0}}