{"host":"50per11302020","time":1612583627,"event":{"mods":["AchievementEnabler","BaseMod","Colored Map","Minty Spire (QoL Compilation)","Relic Stats","StSLib"],"gold_per_floor":[115,125,50,65,85,85,120,139,187,187,198,198,98,98,98,196,196,214,234,247,267,267,267,267,267,291,291,309,343,360,87,87,87,87],"floor_reached":33,"language":"ENG","playtime":2521,"items_purged":["Strike_B","Strike_B","Defend_B"],"score":313,"play_id":"6205fa3f-b8b8-49de-83c1-a5148cbd6cf0","local_time":"20210205195347","is_ascension_mode":true,"campfire_choices":[{"floor":6.0,"key":"REST"},{"data":"Creative AI","floor":12.0,"key":"SMITH"},{"data":"Gash","floor":15.0,"key":"SMITH"},{"floor":23.0,"key":"REST"},{"data":"Amplify","floor":25.0,"key":"SMITH"},{"floor":27.0,"key":"REST"},{"floor":32.0,"key":"REST"}],"circlet_count":0,"master_deck":["Strike_B+1","Defend_B+1","Zap","Dualcast","Steam","Gash+1","Glacier+1","Creative AI+1","Amplify+1"],"relics":["Cracked Core","Tiny Chest","Omamori","Empty Cage","Happy Flower","Whetstone","Red Mask"],"acts_visited":["Exordium","TheCity"],"potions_floor_usage":[33],"damage_taken":[{"damage":0.0,"enemies":"Cultist","floor":1.0,"turns":3.0},{"damage":1.0,"enemies":"Small Slimes","floor":2.0,"turns":3.0},{"damage":0.0,"enemies":"2 Louse","floor":4.0,"turns":2.0},{"damage":0.0,"enemies":"2 Fungi Beasts","floor":5.0,"turns":3.0},{"damage":0.0,"enemies":"3 Sentries","floor":7.0,"turns":5.0},{"damage":5.0,"enemies":"3 Louse","floor":8.0,"turns":3.0},{"damage":0.0,"enemies":"Exordium Thugs","floor":11.0,"turns":8.0},{"damage":44.0,"enemies":"Hexaghost","floor":16.0,"turns":7.0},{"damage":2.0,"enemies":"Chosen","floor":18.0,"turns":8.0},{"damage":7.0,"enemies":"Spheric Guardian","floor":19.0,"turns":8.0},{"damage":24.0,"enemies":"Cultist and Chosen","floor":20.0,"turns":8.0},{"damage":21.0,"enemies":"Snecko","floor":21.0,"turns":9.0},{"damage":6.0,"enemies":"3 Cultists","floor":28.0,"turns":6.0},{"damage":51.0,"enemies":"Masked Bandits","floor":29.0,"turns":4.0},{"damage":12.0,"enemies":"Sentry and Sphere","floor":30.0,"turns":14.0},{"damage":54,"enemies":"Collector","floor":33,"turns":5}],"seed_played":"-2319122987603357772","potions_obtained":[{"floor":4.0,"key":"PowerPotion"},{"floor":5.0,"key":"Fire Potion"},{"floor":11.0,"key":"Fire Potion"},{"floor":19.0,"key":"ColorlessPotion"},{"floor":20.0,"key":"GamblersBrew"},{"floor":28.0,"key":"Fruit Juice"}],"is_trial":false,"path_per_floor":["M","M","$","M","M","R","E","M","T","?","M","R","$","?","R","B",null,"M","M","M","M","?","R","T","R","T","R","M","?","M","$","R","B"],"character_chosen":"DEFECT","items_purchased":["Fruit Juice","Strength Potion"],"campfire_rested":4,"item_purchase_floors":[31,31],"current_hp_per_floor":[54,53,53,53,53,75,75,70,70,55,55,55,55,60,60,16,80,78,71,47,26,26,50,50,50,50,74,68,22,10,15,42,0,0],"gold":87,"neow_bonus":"TRANSFORM_TWO_CARDS","is_daily":false,"chose_seed":false,"campfire_upgraded":3,"win_rate":0.0,"timestamp":1612583627,"path_taken":["M","?","$","?","M","R","E","M","T","?","M","R","$","?","R","BOSS","M","M","M","M","?","R","?","R","T","R","M","?","?","$","R","BOSS"],"items_purchased_type":["Potion","Potion"],"build_version":"2020-12-18","purchased_purges":3,"victory":false,"max_hp_per_floor":[75,75,75,75,75,75,75,75,75,75,75,75,75,80,80,80,80,80,80,80,80,80,80,80,80,80,80,80,85,85,90,90,90,90],"relic_stats":{"Happy Flower":[9],"counters":[16,96],"Tiny Chest":1,"Whetstone":["Strike_B"],"obtain_stats":[{"Happy Flower":24,"Tiny Chest":7,"Omamori":9,"Red Mask":29,"Whetstone":26,"Cracked Core":0,"Empty Cage":17},{"Happy Flower":12,"Tiny Chest":5,"Omamori":6,"Red Mask":14,"Whetstone":12,"Cracked Core":0,"Empty Cage":8},{"Happy Flower":67,"Tiny Chest":16,"Omamori":19,"Red Mask":77,"Whetstone":67,"Cracked Core":0,"Empty Cage":34}]},"card_choices":[{"not_picked":["Conserve Battery","Sweeping Beam"],"picked":"Gash","floor":1.0},{"not_picked":["Go for the Eyes","White Noise","Chill"],"picked":"SKIP","floor":2.0},{"not_picked":["Hologram","Steam","Coolheaded"],"picked":"SKIP","floor":4.0},{"not_picked":["Chill","Auto Shields"],"picked":"Glacier","floor":5.0},{"not_picked":["Cold Snap","Reinforced Body"],"picked":"Creative AI","floor":7.0},{"not_picked":["Steam Power","Hologram","Gash"],"picked":"SKIP","floor":8.0},{"not_picked":["Self Repair","Hologram","BootSequence"],"picked":"SKIP","floor":11.0},{"not_picked":["All For One","Electrodynamics"],"picked":"Amplify","floor":16.0},{"not_picked":["Go for the Eyes","Aggregate+1","Gash"],"picked":"SKIP","floor":18.0},{"not_picked":["Coolheaded","Steam+1","Storm"],"picked":"SKIP","floor":19.0},{"not_picked":["Streamline+1","Go for the Eyes+1","Redo+1"],"picked":"SKIP","floor":20.0},{"not_picked":["Turbo","Go for the Eyes+1","Coolheaded+1"],"picked":"SKIP","floor":21.0},{"not_picked":["Redo","Melter","Ball Lightning"],"picked":"SKIP","floor":28.0},{"not_picked":["FTL+1","Steam Power","Hello World+1"],"picked":"SKIP","floor":30.0}],"player_experience":424289,"relics_obtained":[{"floor":7.0,"key":"Tiny Chest"},{"floor":9.0,"key":"Omamori"},{"floor":24.0,"key":"Happy Flower"},{"floor":26.0,"key":"Whetstone"},{"floor":29.0,"key":"Red Mask"}],"event_choices":[{"damage_healed":0.0,"max_hp_gain":0.0,"max_hp_loss":0.0,"gold_gain":0.0,"event_name":"Shining Light","player_choice":"Entered Light","floor":10.0,"gold_loss":0.0,"damage_taken":15.0,"cards_upgraded":["Defend_B","Glacier"]},{"damage_healed":0.0,"max_hp_gain":5.0,"max_hp_loss":0.0,"gold_gain":0.0,"event_name":"Big Fish","player_choice":"Donut","floor":14.0,"gold_loss":0.0,"damage_taken":0.0},{"damage_healed":0.0,"max_hp_gain":0.0,"max_hp_loss":0.0,"gold_gain":0.0,"event_name":"The Mausoleum","player_choice":"Ignored","floor":22.0,"gold_loss":0.0,"damage_taken":0.0},{"damage_healed":0.0,"max_hp_gain":0.0,"max_hp_loss":0.0,"gold_gain":0.0,"event_name":"Masked Bandits","player_choice":"Fought Bandits","floor":29.0,"gold_loss":0.0,"damage_taken":0.0}],"is_beta":true,"boss_relics":[{"not_picked":["Cursed Key","Philosopher\u0027s Stone"],"picked":"Empty Cage"}],"items_purged_floors":[3,13,31],"is_endless":false,"potions_floor_spawned":[4,5,11,19,20,28],"killed_by":"Collector","ascension_level":1}}