{"host":"vt6dr1xq3iy14a3e","time":1612645300,"event":{"mods":["AchievementEnabler","BaseMod","Colored Map","DeckTracker","Minty Spire (QoL Compilation)","StSLib","SuperFastMode"],"gold_per_floor":[115,126,143,143,153,153,153,169,243,243,255,271,271,297,297,297,297],"floor_reached":16,"language":"KOR","playtime":773,"items_purged":[],"score":156,"play_id":"2e0b857b-4e0e-40dc-a548-f2c8607734bb","local_time":"20210207060140","is_ascension_mode":true,"campfire_choices":[{"data":"Calculated Gamble","floor":6,"key":"SMITH"},{"floor":10,"key":"REST"},{"data":"Envenom","floor":13,"key":"SMITH"},{"floor":15,"key":"REST"}],"circlet_count":0,"master_deck":["AscendersBane","Strike_G","Strike_G","Strike_G","Strike_G","Defend_G","Defend_G","Defend_G","Defend_G","Defend_G","Survivor","Neutralize","Skewer","Calculated Gamble+1","Envenom+1","Eviscerate","Cloak And Dagger"],"relics":["Ring of the Snake","Ice Cream","Dead Branch","HornCleat","Dream Catcher"],"acts_visited":["Exordium"],"potions_floor_usage":[12,14],"damage_taken":[{"damage":0.0,"enemies":"Small Slimes","floor":1.0,"turns":4.0},{"damage":0.0,"enemies":"Jaw Worm","floor":2.0,"turns":6.0},{"damage":1,"enemies":"2 Louse","floor":3,"turns":4},{"damage":24,"enemies":"Exordium Wildlife","floor":5,"turns":9},{"damage":14,"enemies":"Lots of Slimes","floor":8,"turns":7},{"damage":2,"enemies":"2 Fungi Beasts","floor":11,"turns":6},{"damage":0,"enemies":"Looter","floor":12,"turns":3},{"damage":26,"enemies":"Gremlin Nob","floor":14,"turns":6},{"damage":23,"enemies":"Slime Boss","floor":16,"turns":3}],"seed_played":"4119629060138187714","potions_obtained":[{"floor":2.0,"key":"FearPotion"},{"floor":8,"key":"SkillPotion"},{"floor":11,"key":"SteroidPotion"}],"is_trial":false,"path_per_floor":["M","M","M","?","M","R","?","M","T","R","M","M","R","E","R","B"],"character_chosen":"THE_SILENT","items_purchased":[],"campfire_rested":2,"item_purchase_floors":[],"current_hp_per_floor":[63,63,62,59,35,35,28,14,14,32,30,30,30,4,22,0,0],"gold":297,"neow_bonus":"ONE_RARE_RELIC","is_daily":false,"chose_seed":false,"campfire_upgraded":2,"win_rate":0.0,"timestamp":1612645300,"path_taken":["M","M","M","?","M","R","?","M","T","R","M","M","R","E","R","BOSS"],"items_purchased_type":[],"build_version":"2020-12-22","purchased_purges":0,"victory":false,"max_hp_per_floor":[63,63,63,63,63,63,63,63,63,63,63,63,63,63,63,63,63],"card_choices":[{"not_picked":["Deflect","Underhanded Strike"],"picked":"Skewer","floor":1.0},{"not_picked":["Poisoned Stab","Underhanded Strike"],"picked":"Calculated Gamble","floor":2.0},{"not_picked":["Prepared","Quick Slash","Deadly Poison"],"picked":"SKIP","floor":3},{"not_picked":["Poisoned Stab","Deadly Poison","Dash"],"picked":"SKIP","floor":5},{"not_picked":["Slice","Dash"],"picked":"Envenom","floor":8},{"not_picked":["Expertise","Accuracy","Crippling Poison"],"picked":"SKIP","floor":11},{"not_picked":["Bane","Quick Slash"],"picked":"Eviscerate","floor":12},{"not_picked":["Bane","Dodge and Roll","Quick Slash"],"picked":"SKIP","floor":14},{"not_picked":["Skewer","Distraction"],"picked":"Cloak And Dagger","floor":15}],"player_experience":1053557,"relics_obtained":[{"floor":9,"key":"HornCleat"},{"floor":14,"key":"Dream Catcher"}],"event_choices":[{"damage_healed":0,"gold_gain":0,"player_choice":"Success","damage_taken":3,"relics_obtained":["Dead Branch"],"max_hp_gain":0,"max_hp_loss":0,"event_name":"Scrap Ooze","floor":4,"gold_loss":0},{"cards_removed":["Strike_G"],"damage_healed":0,"gold_gain":0,"player_choice":"Card Removal","damage_taken":7,"max_hp_gain":0,"max_hp_loss":0,"event_name":"Golden Wing","floor":7,"gold_loss":0}],"is_beta":false,"boss_relics":[],"items_purged_floors":[],"is_endless":false,"potions_floor_spawned":[2,8,11],"killed_by":"Slime Boss","ascension_level":10}}