{"host":"xp5rvh2jwe2ejyfm","time":1612654936,"event":{"mods":["2.2 Compatiblity","Aspiration","BaseMod","Better Altar","Better Match","Better Note","Better Sensory Stone","Better Skull","BetterRewards","Colored Powertips","Conspire","Downfall","GifTheSpireLib","Gremlin Mod","GungeonMod","Hermit","Hubris","Jorbs\u0027s Wanderer Trilogy","Minty Spire (QoL Compilation)","Potionbrewer","Quick Restart","Replay The Spire","Robot Space Explorer","Shade Mod","Somnambulant","StSLib","The Bug Knight","The Clintock","The Construct","The Cursed","The Disciple","The Forsaken","The Hierophant","The Necromancer","The Runesmith","The Servant 0.9.4","The Valiant","The Witch","TheFirefly","thorton"],"gold_per_floor":[111,111,111,40,40,40,53,66,146,164,178,178,200,237,237,354,354,386,43,83,128,128,168,15,15,15],"floor_reached":25,"language":"ENG","playtime":2081,"items_purged":[],"score":330,"play_id":"23ba44f9-63e2-4d37-8fc8-ecbd075d753b","local_time":"20210206184216","is_ascension_mode":false,"campfire_choices":[{"data":"Schadenfreude","floor":6,"key":"SMITH"},{"floor":12,"key":"REST"},{"floor":15,"key":"REST"}],"circlet_count":0,"master_deck":["Strike_Witch","Strike_Witch","Strike_Witch","Strike_Witch","Defend_Witch","Defend_Witch","Defend_Witch","Hexguard","ZombieSpit+1","MercuryWand","Schadenfreude+1","TwistedMind","BleedOut","PlagueSpreader","Thundercloud","hubris:Greed","LivingBomb","hubris:Greed","Broomstick","hubris:Greed","DoomBlade","hubris:Greed","SummonRatFamiliar","MementoMori+1","BlackShield+1","hubris:Greed","hubris:Greed","BleedOut","Demonfyre","Pain","PlagueSpreader"],"relics":["BlackCat","aspiration:SeaSaltIceCream","Oddly Smooth Stone","HollowMod:StagPassRelic","Mercury Hourglass","construct:ClawGrip","aspiration:StickyExplosives_weak","WarpedTongs","DemoMod:GlassGuonStoneRelic","DemoMod:ClearGuonStone"],"acts_visited":["Exordium","TheCity"],"potions_floor_usage":[14,14,18,23,23],"damage_taken":[{"damage":11,"enemies":"Jaw Worm","floor":1,"turns":6},{"damage":6,"enemies":"2 Louse","floor":7,"turns":3},{"damage":3,"enemies":"Cultist","floor":8,"turns":5},{"damage":9,"enemies":"Exordium Wildlife","floor":10,"turns":6},{"damage":7,"enemies":"Blue Slaver","floor":11,"turns":4},{"damage":11,"enemies":"Exordium Thugs","floor":13,"turns":5},{"damage":8,"enemies":"Gremlin Nob","floor":14,"turns":5},{"damage":37,"enemies":"Slime Boss","floor":16,"turns":10},{"damage":34,"enemies":"3 Byrds","floor":18,"turns":4},{"damage":10,"enemies":"2 Thieves","floor":20,"turns":4},{"damage":9,"enemies":"Chosen and Byrds","floor":21,"turns":6},{"damage":2,"enemies":"Centurion and Healer","floor":23,"turns":4},{"damage":13,"enemies":"Snake Plant","floor":25,"turns":1}],"seed_played":"-3966553318334473137","potions_obtained":[{"floor":1,"key":"sneckomod:MuddlingPotion"},{"floor":8,"key":"AttackPotion"},{"floor":10,"key":"LiquidMemories"},{"floor":20,"key":"Explosive Potion"},{"floor":21,"key":"Adrenaline Potion"}],"is_trial":false,"path_per_floor":["M","?","?","$","?","R","M","M","T","M","M","R","M","E","R","B",null,"M","$","M","M","?","M","$","M"],"character_chosen":"WITCH","items_purchased":["Schadenfreude","aspiration:StickyExplosives_weak","MementoMori","BlackShield","DemoMod:ClearGuonStone"],"campfire_rested":2,"item_purchase_floors":[4,19,19,19,24],"current_hp_per_floor":[56,53,53,53,53,53,47,44,44,35,28,48,37,29,49,12,67,33,33,23,14,14,12,12,0,0],"gold":15,"neow_bonus":"RANDOM_EVENT","is_daily":false,"chose_seed":false,"campfire_upgraded":1,"win_rate":0.0,"timestamp":1612654936,"path_taken":["M","?","?","$","?","R","?","M","T","M","M","R","M","E","R","BOSS","M","$","M","M","?","M","$","M"],"items_purchased_type":["Card","Relic","Card","Card","Relic"],"build_version":"2020-12-22","purchased_purges":0,"victory":false,"max_hp_per_floor":[67,67,67,67,67,67,67,67,67,67,67,67,67,67,67,67,67,67,67,67,67,67,67,67,67,67],"card_choices":[{"not_picked":["Shrooms","SkullFlask"],"picked":"MercuryWand","floor":1},{"not_picked":["IllOmen","Bewitch"],"picked":"TwistedMind","floor":7},{"not_picked":["Demonfyre","SkullFlask"],"picked":"BleedOut","floor":8},{"not_picked":["MementoMori","IllOmen"],"picked":"PlagueSpreader","floor":10},{"not_picked":["SoulBarrier","SummonRavenFamiliar"],"picked":"Thundercloud","floor":11},{"not_picked":["BlackBolt","Broomstick"],"picked":"LivingBomb","floor":13},{"not_picked":["SoulBarrier","SummonBatFamiliar"],"picked":"Broomstick","floor":14},{"not_picked":["RiteOfSpring","Graveburst"],"picked":"DoomBlade","floor":16},{"not_picked":["BlackShield","Puncture+1"],"picked":"SummonRatFamiliar","floor":18},{"not_picked":["Foresight","Decrepify"],"picked":"BleedOut","floor":20},{"not_picked":["WickedThoughts","SummonToadFamiliar"],"picked":"Demonfyre","floor":21},{"not_picked":["Demonfyre","Broomstick"],"picked":"PlagueSpreader","floor":23}],"player_experience":453372,"relics_obtained":[{"floor":9,"key":"HollowMod:StagPassRelic"},{"floor":14,"key":"Mercury Hourglass"}],"event_choices":[{"damage_healed":0,"gold_gain":0,"player_choice":"Success","damage_taken":3,"relics_obtained":["aspiration:SeaSaltIceCream"],"max_hp_gain":0,"max_hp_loss":0,"event_name":"Scrap Ooze","floor":2,"gold_loss":0},{"cards_removed":["Defend_Witch"],"damage_healed":0,"gold_gain":0,"player_choice":"Offered Basic","damage_taken":0,"max_hp_gain":0,"max_hp_loss":0,"event_name":"Bonfire Elementals","floor":5,"gold_loss":0},{"damage_healed":0,"gold_gain":0,"player_choice":"Rummage","damage_taken":0,"relics_obtained":["WarpedTongs"],"max_hp_gain":0,"max_hp_loss":0,"event_name":"Accursed Blacksmith","floor":22,"gold_loss":0,"cards_obtained":["Pain"]}],"is_beta":false,"boss_relics":[{"not_picked":["Astrolabe","Cursed Key"],"picked":"construct:ClawGrip"}],"items_purged_floors":[],"is_endless":false,"potions_floor_spawned":[1,8,10,11,13,20,21],"killed_by":"Snake Plant","ascension_level":0}}