{"host":"Lucas","time":1612648392,"event":{"mods":["BaseMod","Downfall","Minty Spire (QoL Compilation)","READ ME - Guardian Mod","StSLib","The Cursed","The Disciple","The Necromancer","The Servant 0.9.4"],"gold_per_floor":[99,99,47,47,47,65,65,65,78,78,78,92,102,87,107,209,209,209,225,236,251,251,251,275,89,101,101,101,112,131,149,160,160,160,160],"floor_reached":33,"language":"ENG","playtime":2246,"items_purged":["Pride"],"score":291,"play_id":"4b6e7622-e9db-4966-a3d0-a8f613cc49d7","local_time":"20210206215312","is_ascension_mode":false,"campfire_choices":[{"data":"bronze:Replicate","floor":1,"key":"SMITH"},{"floor":8,"key":"REST"},{"data":"bronze:Terminator","floor":11,"key":"SMITH"},{"data":"bronze:SpaghettiCode","floor":18,"key":"SMITH"},{"floor":23,"key":"REST"},{"floor":27,"key":"REST"}],"circlet_count":0,"master_deck":["bronze:Strike","bronze:Strike","bronze:Strike","bronze:Strike","bronze:Defend","bronze:Defend","bronze:Defend","bronze:Defend","bronze:Replicate+1","bronze:Goto","bronze:FineTuning","bronze:Frontload","bronze:WhirlingStrike","bronze:FollowUp","bronze:Terminator+1","bronze:Separator","bronze:GetLatest","bronze:InfiniteBeams","bronze:InfiniteBeams","bronze:DelayedGuard","bronze:SpaghettiCode+1","bronze:ClassDefault","bronze:ChosenStrike+1","bronze:Repair","bronze:DelayedSlice","Mind Blast","bronze:CloningBeam","bronze:FineTuning+1","bronze:HardenedForm","bronze:Branch+1","bronze:ClassDefault+1"],"relics":["bronze:BronzeCore","downfall:HeartsMalice","downfall:ShatteredFragment","Bottled Flame","White Beast Statue","Tiny Chest","Strawberry","Enchiridion"],"acts_visited":["Exordium","TheCity"],"potions_floor_usage":[15,16,19,19,26,31],"damage_taken":[{"damage":0,"enemies":"Jaw Worm","floor":2,"turns":1},{"damage":0,"enemies":"downfall:FleeingMerchant","floor":3,"turns":1},{"damage":0,"enemies":"Cultist","floor":4,"turns":1},{"damage":0,"enemies":"Small Slimes","floor":6,"turns":3},{"damage":0,"enemies":"Blue Slaver","floor":9,"turns":3},{"damage":0,"enemies":"Gremlin Gang","floor":12,"turns":3},{"damage":0,"enemies":"3 Louse","floor":13,"turns":2},{"damage":0,"enemies":"downfall:FleeingMerchant","floor":14,"turns":4},{"damage":0,"enemies":"Lots of Slimes","floor":15,"turns":1},{"damage":0,"enemies":"WA_ARCHETYPE_RETAIN","floor":16,"turns":7},{"damage":11,"enemies":"3 Byrds","floor":19,"turns":4},{"damage":8,"enemies":"Shell Parasite","floor":20,"turns":4},{"damage":24,"enemies":"3 Cultists","floor":21,"turns":5},{"damage":0,"enemies":"downfall:FleeingMerchant","floor":25,"turns":4},{"damage":18,"enemies":"Snake Plant","floor":26,"turns":2},{"damage":0,"enemies":"Cultist and Chosen","floor":29,"turns":5},{"damage":6,"enemies":"Centurion and Healer","floor":30,"turns":5},{"damage":21,"enemies":"Snake Plant","floor":31,"turns":3},{"damage":2,"enemies":"3 Cultists","floor":32,"turns":5},{"damage":29,"enemies":"SI_MIRROR_ARCHETYPE","floor":33,"turns":4}],"seed_played":"3337333971398031178","potions_obtained":[{"floor":9,"key":"SkillPotion"},{"floor":12,"key":"bronze:FreeFunctionsPotion"},{"floor":13,"key":"Slimebound:ThreeZeroPotion"},{"floor":15,"key":"Explosive Potion"},{"floor":16,"key":"SneckoOil"},{"floor":19,"key":"GamblersBrew"},{"floor":20,"key":"SkillPotion"},{"floor":21,"key":"SteroidPotion"},{"floor":26,"key":"LiquidMemories"},{"floor":30,"key":"Strength Potion"},{"floor":31,"key":"sneckomod:MuddlingPotion"}],"is_trial":false,"path_per_floor":["R","M","$","M","?","M","T","R","M","T","R","M","M","$","M","B",null,"R","M","M","M","?","R","T","$","M","R","?","M","M","M","M","B"],"character_chosen":"THE_AUTOMATON","items_purchased":["bronze:WhirlingStrike","Mind Blast"],"campfire_rested":3,"item_purchase_floors":[3,25],"current_hp_per_floor":[70,70,70,70,49,49,49,70,70,70,70,70,70,70,70,70,70,70,59,51,27,27,48,55,55,37,60,44,51,52,31,29,0,0,0],"gold":160,"neow_bonus":"THREE_ENEMY_KILL","is_daily":false,"chose_seed":false,"campfire_upgraded":3,"win_rate":0.0,"timestamp":1612648392,"path_taken":["R","M","$","M","?","M","T","R","M","?","R","?","M","$","M","BOSS","R","M","M","M","?","R","T","$","M","R","?","M","M","M","M","BOSS"],"items_purchased_type":["Card","Card"],"build_version":"2020-12-18","purchased_purges":1,"victory":false,"max_hp_per_floor":[70,70,70,70,70,70,70,70,70,70,70,70,70,70,70,70,70,70,70,70,70,70,70,77,77,77,77,77,77,77,77,77,77,77,77],"card_choices":[{"not_picked":["bronze:WildBeam","bronze:OilSpill"],"picked":"bronze:FineTuning","floor":2},{"not_picked":["bronze:Iterate","bronze:Shield"],"picked":"bronze:Frontload","floor":3},{"not_picked":["bronze:BitShift","bronze:BugBarrage"],"picked":"bronze:FollowUp","floor":4},{"not_picked":["bronze:ForceShield","bronze:WildBeam"],"picked":"bronze:Terminator","floor":6},{"not_picked":["bronze:Constructor","bronze:BugBarrage"],"picked":"bronze:Separator","floor":9},{"not_picked":["bronze:MaxOutput","bronze:Repulsor"],"picked":"bronze:GetLatest","floor":12},{"not_picked":["bronze:Allocate","bronze:CutThrough"],"picked":"bronze:InfiniteBeams","floor":13},{"not_picked":["bronze:Deprecate","bronze:OilSpill"],"picked":"bronze:InfiniteBeams","floor":14},{"not_picked":["bronze:FollowUp","bronze:BitShift"],"picked":"bronze:DelayedGuard","floor":15},{"not_picked":["bronze:FindAndReplace","bronze:Format"],"picked":"bronze:SpaghettiCode","floor":16},{"not_picked":["bronze:WhirlingStrike","bronze:FineTuning+1"],"picked":"bronze:ClassDefault","floor":19},{"not_picked":["bronze:DarkDash","bronze:Fortify"],"picked":"bronze:ChosenStrike+1","floor":20},{"not_picked":["bronze:ChosenStrike","bronze:Iterate+1"],"picked":"bronze:Repair","floor":21},{"not_picked":["bronze:FindAndReplace","bronze:Iterate"],"picked":"bronze:DelayedSlice","floor":25},{"not_picked":["bronze:WildBeam+1","bronze:CutThrough"],"picked":"bronze:CloningBeam","floor":26},{"not_picked":["bronze:OilSpill","bronze:Overload"],"picked":"bronze:FineTuning+1","floor":29},{"not_picked":["bronze:Shield+1","bronze:Overload"],"picked":"bronze:HardenedForm","floor":30},{"not_picked":["bronze:CutThrough+1","bronze:OilSpill"],"picked":"bronze:Branch+1","floor":31},{"not_picked":["bronze:BitShift+1","bronze:Optimize"],"picked":"bronze:ClassDefault+1","floor":32}],"player_experience":1282752,"relics_obtained":[{"floor":7,"key":"Bottled Flame"},{"floor":10,"key":"White Beast Statue"},{"floor":24,"key":"Strawberry"},{"floor":28,"key":"Enchiridion"}],"event_choices":[{"damage_healed":0,"gold_gain":0,"player_choice":"Stole Relic","damage_taken":0,"relics_obtained":["Tiny Chest"],"max_hp_gain":0,"max_hp_loss":0,"event_name":"Addict","floor":22,"gold_loss":0,"cards_obtained":["Pride"]}],"is_beta":true,"boss_relics":[{"not_picked":["Busted Crown","Empty Cage","Velvet Choker"]}],"items_purged_floors":[25],"is_endless":false,"potions_floor_spawned":[9,12,13,14,15,16,19,20,21,25,26,29,30,31,32],"killed_by":"SI_MIRROR_ARCHETYPE","ascension_level":0}}