{"host":"rtw1tnr74gozsrw1","time":1612638261,"event":{"mods":["BaseMod","Colored Map","Colored Powertips","Highlight Path","Infinite Spire","Minty Spire (QoL Compilation)","StSLib","The Jungle"],"gold_per_floor":[113,128,141,66,84,84,111,111,136,148,158,158,174,191,191,291,291,305,305],"floor_reached":18,"language":"ENG","playtime":501,"items_purged":["Strike_G"],"score":176,"play_id":"06bb14a2-0c1e-4082-b989-c0c3144798f9","local_time":"20210206200421","is_ascension_mode":true,"campfire_choices":[{"data":"Bouncing Flask","floor":6,"key":"SMITH"},{"floor":8,"key":"REST"},{"data":"Noxious Fumes","floor":12,"key":"SMITH"},{"floor":15,"key":"REST"}],"circlet_count":0,"master_deck":["Strike_G","Strike_G","Strike_G","Strike_G","Defend_G","Defend_G","Defend_G","Defend_G","Defend_G","Survivor","Neutralize","Bane","Noxious Fumes+1","Bouncing Flask+1","Poisoned Stab","Deflect","Deadly Poison","Malaise"],"relics":["Ring of the Snake","NeowsBlessing","Toy Ornithopter","Lantern","Cursed Key"],"acts_visited":["Exordium","TheCity"],"potions_floor_usage":[],"damage_taken":[{"damage":0,"enemies":"2 Louse","floor":1,"turns":1},{"damage":0,"enemies":"Jaw Worm","floor":2,"turns":1},{"damage":0,"enemies":"Cultist","floor":3,"turns":1},{"damage":17,"enemies":"3 Louse","floor":5,"turns":4},{"damage":23,"enemies":"Lagavulin","floor":7,"turns":6},{"damage":7,"enemies":"Exordium Wildlife","floor":10,"turns":3},{"damage":1,"enemies":"Blue Slaver","floor":11,"turns":3},{"damage":0,"enemies":"Looter","floor":13,"turns":2},{"damage":6,"enemies":"Large Slime","floor":14,"turns":5},{"damage":22,"enemies":"Hexaghost","floor":16,"turns":7},{"damage":21,"enemies":"2 Thieves","floor":18,"turns":4}],"seed_played":"5850602838679007990","potions_obtained":[{"floor":5,"key":"Block Potion"},{"floor":7,"key":"Dexterity Potion"},{"floor":11,"key":"FearPotion"}],"is_trial":false,"path_per_floor":["M","M","M","$","M","R","E","R","T","M","M","R","M","M","R","B",null,"M"],"character_chosen":"THE_SILENT","items_purchased":[],"campfire_rested":2,"item_purchase_floors":[],"current_hp_per_floor":[70,70,70,70,53,53,30,51,51,44,43,43,43,37,58,36,70,49,49],"gold":305,"neow_bonus":"THREE_ENEMY_KILL","is_daily":false,"chose_seed":false,"campfire_upgraded":2,"win_rate":0.0,"timestamp":1612638261,"path_taken":["M","M","M","$","M","R","E","R","T","M","M","R","M","M","R","BOSS","M"],"items_purchased_type":[],"build_version":"2020-12-22","purchased_purges":1,"victory":false,"max_hp_per_floor":[70,70,70,70,70,70,70,70,70,70,70,70,70,70,70,70,70,70,70],"card_choices":[{"not_picked":["Dagger Throw","PiercingWail","Sucker Punch"],"picked":"SKIP","floor":1},{"not_picked":["Backflip","Acrobatics"],"picked":"Bane","floor":2},{"not_picked":["Dash","Dagger Throw"],"picked":"Noxious Fumes","floor":3},{"not_picked":["Blade Dance","Terror"],"picked":"Bouncing Flask","floor":5},{"not_picked":["Unload","Masterful Stab"],"picked":"Poisoned Stab","floor":7},{"not_picked":["Predator","Cloak And Dagger"],"picked":"Deflect","floor":10},{"not_picked":["Riddle With Holes","Dagger Spray","Dagger Throw"],"picked":"SKIP","floor":11},{"not_picked":["Outmaneuver","Calculated Gamble"],"picked":"Deadly Poison","floor":13},{"not_picked":["Flying Knee","Sucker Punch","Dagger Throw"],"picked":"SKIP","floor":14},{"not_picked":["After Image","Venomology"],"picked":"Malaise","floor":16}],"player_experience":120750,"relics_obtained":[{"floor":7,"key":"Toy Ornithopter"},{"floor":9,"key":"Lantern"}],"event_choices":[],"is_beta":false,"boss_relics":[{"not_picked":["Ring of the Serpent","Busted Crown"],"picked":"Cursed Key"}],"items_purged_floors":[4],"is_endless":false,"potions_floor_spawned":[5,7,11],"killed_by":"2 Thieves","ascension_level":1}}