{"host":"jcg2u0j7gsi1hjjn","time":1612650721,"event":{"mods":["AchievementEnabler","BaseMod","Colored Map","Minty Spire (QoL Compilation)","StSLib"],"gold_per_floor":[118,133,143,154,174,207,207,232,244,273,304,316,345,376,388,503,515,542,554,253,270,285,384,384,384,384],"floor_reached":25,"language":"ENG","playtime":1966,"items_purged":[],"score":252,"play_id":"dfa2b6f3-5f12-41f4-938e-9f21ad85894c","local_time":"20210206233201","is_ascension_mode":true,"campfire_choices":[{"data":"Zap","floor":7,"key":"SMITH"},{"floor":12,"key":"REST"},{"data":"Capacitor","floor":15,"key":"SMITH"},{"floor":24,"key":"REST"}],"circlet_count":0,"master_deck":["Strike_B","Strike_B","Strike_B","Strike_B","Defend_B","Defend_B","Defend_B","Defend_B","Zap+1","Dualcast","Compile Driver","Sweeping Beam","Glacier","Gash","Conserve Battery","Rebound","FTL","Rebound","Static Discharge","Gash","Capacitor+1","Machine Learning","Force Field","Doom and Gloom","Defragment","Conserve Battery+1"],"relics":["Cracked Core","Orichalcum","Bottled Lightning","MawBank","Boot","Inserter","Mercury Hourglass","Membership Card","Toxic Egg 2"],"acts_visited":["Exordium","TheCity"],"potions_floor_usage":[6,6,10,16,16,21],"damage_taken":[{"damage":0.0,"enemies":"Cultist","floor":1.0,"turns":3.0},{"damage":4.0,"enemies":"2 Louse","floor":2.0,"turns":2.0},{"damage":3.0,"enemies":"Jaw Worm","floor":3.0,"turns":3.0},{"damage":1.0,"enemies":"Exordium Thugs","floor":4.0,"turns":7.0},{"damage":0.0,"enemies":"Red Slaver","floor":5.0,"turns":3.0},{"damage":7,"enemies":"Gremlin Nob","floor":6,"turns":3},{"damage":13,"enemies":"Lagavulin","floor":8,"turns":6},{"damage":0,"enemies":"Looter","floor":10,"turns":2},{"damage":8,"enemies":"3 Louse","floor":11,"turns":2},{"damage":2,"enemies":"Lots of Slimes","floor":13,"turns":4},{"damage":3,"enemies":"Red Slaver","floor":14,"turns":3},{"damage":36,"enemies":"The Guardian","floor":16,"turns":7},{"damage":23,"enemies":"Shell Parasite","floor":18,"turns":6},{"damage":24,"enemies":"2 Thieves","floor":21,"turns":4},{"damage":11,"enemies":"Centurion and Healer","floor":22,"turns":6},{"damage":39,"enemies":"Book of Stabbing","floor":25,"turns":4}],"seed_played":"707377288273781399","potions_obtained":[{"floor":4.0,"key":"FearPotion"},{"floor":5.0,"key":"Fire Potion"},{"floor":8,"key":"EssenceOfSteel"},{"floor":10,"key":"AttackPotion"},{"floor":11,"key":"SpeedPotion"},{"floor":14,"key":"BlessingOfTheForge"},{"floor":22,"key":"GamblersBrew"}],"is_trial":false,"path_per_floor":["M","M","M","M","M","E","R","E","T","M","M","R","M","M","R","B",null,"M","T","$","M","M","?","R","E"],"character_chosen":"DEFECT","items_purchased":["Membership Card","Toxic Egg 2","Doom and Gloom"],"campfire_rested":2,"item_purchase_floors":[20,20,20],"current_hp_per_floor":[75,71,68,67,67,60,60,47,47,47,39,61,59,56,56,20,75,52,52,52,28,17,17,39,0,0],"gold":384,"neow_bonus":"RANDOM_COMMON_RELIC","is_daily":false,"chose_seed":false,"campfire_upgraded":2,"win_rate":0.0,"timestamp":1612650721,"path_taken":["M","M","M","M","M","E","R","E","T","M","M","R","M","?","R","BOSS","M","?","$","M","M","?","R","E"],"items_purchased_type":["Relic","Relic","Card"],"build_version":"2020-12-22","purchased_purges":0,"victory":false,"max_hp_per_floor":[75,75,75,75,75,75,75,75,75,75,75,75,75,75,75,75,75,75,75,75,75,75,75,75,75,75],"card_choices":[{"not_picked":["Turbo","Reprogram"],"picked":"Compile Driver","floor":1.0},{"not_picked":["Compile Driver","Turbo"],"picked":"Sweeping Beam","floor":2.0},{"not_picked":["Force Field","Rip and Tear"],"picked":"Glacier","floor":3.0},{"not_picked":["Go for the Eyes","Leap"],"picked":"Gash","floor":4.0},{"not_picked":["BootSequence","Stack"],"picked":"Conserve Battery","floor":5.0},{"not_picked":["Rebound","Hyperbeam","Tempest"],"picked":"SKIP","floor":6},{"not_picked":["Hyperbeam","Tempest"],"picked":"Rebound","floor":6},{"not_picked":["Chill","Scrape"],"picked":"FTL","floor":8},{"not_picked":["Tempest","Steam Power"],"picked":"Rebound","floor":10},{"not_picked":["Cold Snap","Conserve Battery"],"picked":"Static Discharge","floor":11},{"not_picked":["Storm","Rip and Tear"],"picked":"Gash","floor":13},{"not_picked":["Hyperbeam","Conserve Battery"],"picked":"Capacitor","floor":14},{"not_picked":["Reboot","Meteor Strike"],"picked":"Machine Learning","floor":16},{"not_picked":["Turbo","Leap"],"picked":"Force Field","floor":18},{"not_picked":["Hologram+1","Rebound"],"picked":"Defragment","floor":21},{"not_picked":["Turbo+1","Cold Snap"],"picked":"Conserve Battery+1","floor":22}],"player_experience":375901,"relics_obtained":[{"floor":6,"key":"Bottled Lightning"},{"floor":8,"key":"MawBank"},{"floor":9,"key":"Boot"},{"floor":19,"key":"Mercury Hourglass"}],"event_choices":[{"damage_healed":0,"gold_gain":99,"player_choice":"Stole From Cult","damage_taken":0,"max_hp_gain":0,"max_hp_loss":0,"event_name":"Nest","floor":23,"gold_loss":0}],"is_beta":false,"boss_relics":[{"not_picked":["Sozu","Astrolabe"],"picked":"Inserter"}],"items_purged_floors":[],"is_endless":false,"potions_floor_spawned":[4,5,8,10,11,14,22],"killed_by":"Book of Stabbing","ascension_level":3}}