{"host":"laht7omblfcukqgz","time":1612608454,"event":{"mods":["Act Like it!","Astrologer","BaseMod","Beaked The Cultist","Card Forge","Colored Map","Colored Powertips","Gensokyo","GifTheSpireLib","HololiveMod","KinomotoSakuraMod(ñÿîVñ{?)","MarisaÅiñ∂âJÅ@ñÇóùçπÅj","Minty Spire (QoL Compilation)","Prisma Mod","RemiliaÅiÂQïƒ‰ª?Åj","StSLib","The Cursed"],"gold_per_floor":[118,118,118,118,135,135,163,163,163,174,254,202,221,237,237,334,334,344,363,313,333,333,333,343,343,343,268,288,288,300,300,300,404,404,423,423,423,131,145,164,164,164,164,194,206,237,264,276,288,300,300],"floor_reached":50,"language":"JPN","playtime":7271,"items_purged":["Strike_MRS"],"score":494,"play_id":"b69956c0-016f-43d1-97a2-aeada4bece43","local_time":"20210206194734","is_ascension_mode":false,"campfire_choices":[{"data":"MysteriousBeam","floor":6.0,"key":"SMITH"},{"data":"UnstableBomb","floor":8.0,"key":"SMITH"},{"data":"Occultation","floor":15.0,"key":"SMITH"},{"data":"Singularity","floor":23.0,"key":"SMITH"},{"floor":29.0,"key":"REST"},{"floor":32.0,"key":"REST"},{"data":"BinaryStars","floor":41,"key":"SMITH"},{"floor":45,"key":"REST"},{"data":"UpSweep","floor":49,"key":"SMITH"}],"circlet_count":0,"master_deck":["Strike_MRS","Strike_MRS","Defend_MRS","Defend_MRS","MasterSpark","UpSweep+1","MysteriousBeam+1","DarkMatter","UnstableBomb+1","Singularity+1","PowerUp","Occultation+1","GrandCross","BinaryStars+1","RefractionSpark+1","BigCrunch+1","OrrerysSun+1","IllusionStar","MilkyWay","PowerUp","Carnage","PropBag","MagicAbsorber","StarDustReverie","DoubleSpark+1","BlazeAway","Gensokyo:Taser","PowerUp+1","AsteroidBelt+1"],"relics":["MiniHakkero","Hammer of Thor","Seething Fire","Anvil of the Gods","Gensokyo:YoukaiFlower","Calipers","Mango","Astrolabe","HornCleat","OrangePellets","Oddly Smooth Stone","MawBank","Vajra","Letter Opener"],"acts_visited":["Gensokyo:Gensokyo","Gensokyo:Gensokyoer","Gensokyo:Gensokyoest"],"potions_floor_usage":[35,50,50,50],"damage_taken":[{"damage":0.0,"enemies":"Gensokyo:2_Kodama","floor":1.0,"turns":3.0},{"damage":0.0,"enemies":"Gensokyo:Gryphon","floor":5.0,"turns":3.0},{"damage":8.0,"enemies":"Gensokyo:Mamizou","floor":7.0,"turns":7.0},{"damage":0.0,"enemies":"Gensokyo:3_Fairies","floor":10.0,"turns":3.0},{"damage":5.0,"enemies":"Gensokyo:2_Rabbits","floor":13.0,"turns":3.0},{"damage":9.0,"enemies":"Gensokyo:Gryphon_and_Rabbit","floor":14.0,"turns":4.0},{"damage":20.0,"enemies":"Gensokyo:Reimu","floor":16.0,"turns":13.0},{"damage":5.0,"enemies":"Gensokyo:CosmicMonolith","floor":18.0,"turns":4.0},{"damage":0.0,"enemies":"Gensokyo:2_Gloops","floor":19.0,"turns":3.0},{"damage":17.0,"enemies":"Gensokyo:Slime_Group","floor":21.0,"turns":3.0},{"damage":37.0,"enemies":"Gensokyo:Chomper_and_Gloop","floor":24.0,"turns":6.0},{"damage":1.0,"enemies":"Gensokyo:3_Gloops","floor":28.0,"turns":4.0},{"damage":20.0,"enemies":"Gensokyo:Swordslinger","floor":30.0,"turns":3.0},{"damage":53.0,"enemies":"Gensokyo:Eiki","floor":33.0,"turns":8.0},{"damage":2,"enemies":"Gensokyo:3_Bats","floor":35,"turns":5},{"damage":0,"enemies":"Gensokyo:AncientGuardian","floor":39,"turns":2},{"damage":25,"enemies":"Gensokyo:4_Bats","floor":40,"turns":3},{"damage":16,"enemies":"Gensokyo:SeedOfUnknown","floor":44,"turns":6},{"damage":16,"enemies":"Gensokyo:Dusk_and_Dawn","floor":46,"turns":5},{"damage":0,"enemies":"Gensokyo:AtlasGolem","floor":47,"turns":4},{"damage":112,"enemies":"Gensokyo:Scarlet_Devils","floor":50,"turns":9}],"seed_played":"-3265049463679966464","potions_obtained":[{"floor":5.0,"key":"BottledSpark"},{"floor":14.0,"key":"ShroomBrew"},{"floor":18.0,"key":"PowerPotion"},{"floor":24.0,"key":"ColorlessPotion"},{"floor":35,"key":"Energy Potion"}],"is_trial":false,"path_per_floor":["M","?","?","?","M","R","E","R","T","M","?","$","M","M","R","B",null,"M","M","?","M","?","R","M","?","T","$","M","R","M","?","R","B",null,"M","?","?","$","M","M","R","?","T","M","R","M","M","?","R","B"],"character_chosen":"MARISA","items_purchased":["PowerUp","OrangePellets","Oddly Smooth Stone"],"campfire_rested":3,"item_purchase_floors":[12,38,38],"current_hp_per_floor":[82,82,82,82,82,82,74,74,88,88,88,88,83,74,74,54,96,91,91,98,81,81,81,44,44,44,44,43,73,53,53,83,30,103,101,101,101,101,101,76,76,76,76,60,90,74,74,74,74,0,0],"gold":300,"neow_bonus":"TEN_PERCENT_HP_BONUS","is_daily":false,"chose_seed":false,"campfire_upgraded":6,"win_rate":0.0,"timestamp":1612608454,"path_taken":["M","?","?","?","M","R","E","R","T","M","?","?","M","M","R","BOSS","M","M","?","M","?","R","M","?","T","$","M","R","?","?","R","BOSS","M","?","?","$","M","M","R","?","T","?","R","M","M","?","R","BOSS"],"items_purchased_type":["Card","Relic","Relic"],"build_version":"2020-12-22","purchased_purges":1,"victory":false,"max_hp_per_floor":[82,82,82,82,82,82,82,82,96,96,96,96,96,96,96,96,96,96,96,103,103,103,103,103,103,103,103,103,103,103,103,103,103,103,103,103,103,103,103,103,103,103,103,103,103,103,103,103,103,103,103],"card_choices":[{"not_picked":["SporeBomb","ShootingEcho"],"picked":"MysteriousBeam","floor":1.0},{"not_picked":["DeepEcoloBomb","WitchOfGreed"],"picked":"DarkMatter","floor":5.0},{"not_picked":["AsteroidBelt","IllusionStar"],"picked":"UnstableBomb","floor":7.0},{"not_picked":["BinaryStars","NonDirectionalLaser"],"picked":"Singularity","floor":10.0},{"not_picked":["DoubleSpark","DarkSpark"],"picked":"Occultation","floor":13.0},{"not_picked":["SporeBomb","6A"],"picked":"GrandCross","floor":14.0},{"not_picked":["CollectingQuirk","JA"],"picked":"BinaryStars","floor":16.0},{"not_picked":["NonDirectionalLaser","AlicesGift"],"picked":"IllusionStar","floor":18.0},{"not_picked":["WitchOfGreed","PropBag+1"],"picked":"MilkyWay","floor":19.0},{"not_picked":["MysteriousBeam","MagicAbsorber"],"picked":"PowerUp","floor":21.0},{"not_picked":["DragonMeteor","ManaConvection","MagicChant"],"picked":"SKIP","floor":24.0},{"not_picked":["DoubleSpark","GasGiant"],"picked":"PropBag","floor":28.0},{"not_picked":["MilkyWay","ManaConvection"],"picked":"MagicAbsorber","floor":30.0},{"not_picked":["SatelliteIllusion","AbsoluteMagnitude"],"picked":"StarDustReverie","floor":33.0},{"not_picked":["WitchLeyline","Singularity"],"picked":"DoubleSpark+1","floor":35},{"not_picked":["SporeBomb","ShootingEcho+1"],"picked":"BlazeAway","floor":39},{"not_picked":["SporeBomb","IllusionStar+1","LuminesStrike"],"picked":"SKIP","floor":40},{"not_picked":["Occultation+1","NonDirectionalLaser"],"picked":"PowerUp+1","floor":44},{"not_picked":["GrandCross","EventHorizon","ManaConvection+1"],"picked":"SKIP","floor":46},{"not_picked":["WitchOfGreed","WitchLeyline+1"],"picked":"AsteroidBelt+1","floor":47}],"player_experience":136502,"relics_obtained":[{"floor":7.0,"key":"Calipers"},{"floor":9.0,"key":"Mango"},{"floor":26.0,"key":"HornCleat"},{"floor":43,"key":"MawBank"}],"event_choices":[],"is_beta":false,"boss_relics":[{"not_picked":["Fusion Hammer","Empty Cage"],"picked":"Astrolabe"},{"not_picked":["Hololive_TopUpMoneyS","Sozu","Calling Bell"]}],"items_purged_floors":[27],"is_endless":false,"potions_floor_spawned":[5,14,18,19,21,24,33,35,44],"killed_by":"Gensokyo:Scarlet_Devils","ascension_level":0}}