{"host":"dyzdf8svqmiivg97","time":1612635395,"event":{"mods":["AchievementEnabler","BaseMod","Colored Map","DeckTracker","Minty Spire (QoL Compilation)","Permanent Neow","Quick Restart","Rare Cards Sparkle","SuperFastMode"],"gold_per_floor":[117,67,86,99,99,125,135,135,161,176,176,201,218,235,235,335,335,353,353,353,369,379,379,223,223,249,276,288,333,364,401,413,530,542,574,332,332,678,690,690,703,735,787,787,798,569,598,615,615,615],"floor_reached":51,"language":"KOR","playtime":1824,"items_purged":["Strike_B","Decay","Parasite"],"score":1063,"play_id":"6dbfaed0-d557-438e-860e-f87c1efeb483","local_time":"20210207031635","is_ascension_mode":true,"campfire_choices":[{"data":"Streamline","floor":8.0,"key":"SMITH"},{"data":"Coolheaded","floor":11.0,"key":"SMITH"},{"data":"Ball Lightning","floor":15.0,"key":"SMITH"},{"data":"Darkness","floor":23.0,"key":"SMITH"},{"data":"Defragment","floor":25.0,"key":"SMITH"},{"data":"Dualcast","floor":28.0,"key":"SMITH"},{"floor":32.0,"key":"REST"},{"data":"Creative AI","floor":40.0,"key":"SMITH"},{"data":"Coolheaded","floor":44.0,"key":"SMITH"},{"data":"Double Energy","floor":49,"key":"SMITH"}],"circlet_count":0,"master_deck":["Zap","Dualcast+1","Streamline+1","Genetic Algorithm","Ball Lightning+1","Reinforced Body","Coolheaded+1","Hologram","Glacier","Electrodynamics","Darkness+1","Turbo","Defragment+1","Double Energy+1","Creative AI+1","Streamline","Chill","Echo Form","Core Surge","Coolheaded+1","Skim","Parasite"],"relics":["Cracked Core","FossilizedHelix","MealTicket","Regal Pillow","DataDisk","Cursed Key","MawBank","Orichalcum","Incense Burner","Pandora\u0027s Box","Runic Capacitor","Old Coin","Toy Ornithopter","Bronze Scales"],"acts_visited":["Exordium","TheCity","TheBeyond"],"potions_floor_usage":[50,50,50,50,50],"damage_taken":[{"damage":0.0,"enemies":"Jaw Worm","floor":1.0,"turns":3.0},{"damage":0.0,"enemies":"Small Slimes","floor":3.0,"turns":3.0},{"damage":0.0,"enemies":"2 Louse","floor":4.0,"turns":2.0},{"damage":0.0,"enemies":"Gremlin Nob","floor":6.0,"turns":3.0},{"damage":3.0,"enemies":"Blue Slaver","floor":7.0,"turns":3.0},{"damage":0.0,"enemies":"Large Slime","floor":10.0,"turns":4.0},{"damage":16.0,"enemies":"Lagavulin","floor":12.0,"turns":5.0},{"damage":0.0,"enemies":"Exordium Wildlife","floor":13.0,"turns":2.0},{"damage":0.0,"enemies":"Looter","floor":14.0,"turns":2.0},{"damage":9.0,"enemies":"The Guardian","floor":16.0,"turns":12.0},{"damage":0.0,"enemies":"Spheric Guardian","floor":18.0,"turns":4.0},{"damage":17.0,"enemies":"Shell Parasite","floor":21.0,"turns":6.0},{"damage":0.0,"enemies":"3 Cultists","floor":22.0,"turns":4.0},{"damage":0.0,"enemies":"Sentry and Sphere","floor":27.0,"turns":3.0},{"damage":10.0,"enemies":"Gremlin Leader","floor":29.0,"turns":8.0},{"damage":15.0,"enemies":"Shelled Parasite and Fungi","floor":30.0,"turns":4.0},{"damage":6.0,"enemies":"Slavers","floor":31.0,"turns":4.0},{"damage":0.0,"enemies":"Automaton","floor":33.0,"turns":10.0},{"damage":0.0,"enemies":"3 Darklings","floor":35.0,"turns":4.0},{"damage":0.0,"enemies":"2 Orb Walkers","floor":38.0,"turns":4.0},{"damage":0.0,"enemies":"Orb Walker","floor":39.0,"turns":4.0},{"damage":9.0,"enemies":"3 Darklings","floor":41.0,"turns":5.0},{"damage":0.0,"enemies":"Nemesis","floor":42.0,"turns":7.0},{"damage":0.0,"enemies":"Jaw Worm Horde","floor":45.0,"turns":3.0},{"damage":13.0,"enemies":"Giant Head","floor":47.0,"turns":7.0},{"damage":0,"enemies":"Writhing Mass","floor":48,"turns":7},{"damage":0,"enemies":"Donu and Deca","floor":50,"turns":7}],"seed_played":"-1985551637495312896","potions_obtained":[{"floor":4.0,"key":"FearPotion"},{"floor":6.0,"key":"Dexterity Potion"},{"floor":10.0,"key":"Fire Potion"},{"floor":13.0,"key":"SpeedPotion"},{"floor":16.0,"key":"EssenceOfDarkness"},{"floor":27.0,"key":"AttackPotion"},{"floor":31.0,"key":"SkillPotion"},{"floor":38.0,"key":"FearPotion"},{"floor":45.0,"key":"DistilledChaos"},{"floor":48,"key":"FocusPotion"}],"is_trial":false,"path_per_floor":["M","?","M","M","?","E","M","R","T","M","R","E","M","M","R","B",null,"M","?","?","M","M","R","$","R","T","M","R","E","M","E","R","B",null,"M","$","?","?","M","R","M","E","T","R","M","$","E","M","R","B",null],"character_chosen":"DEFECT","items_purchased":["Defragment","Runic Capacitor","EntropicBrew"],"campfire_rested":1,"item_purchase_floors":[24,36,46],"current_hp_per_floor":[68,68,68,68,61,61,58,58,58,58,58,42,42,42,42,33,68,68,68,68,51,51,51,66,66,66,66,66,56,41,35,68,68,68,68,68,65,65,65,65,56,56,56,56,56,62,49,49,49,62],"gold":615,"neow_bonus":"ONE_RARE_RELIC","is_daily":false,"chose_seed":false,"campfire_upgraded":9,"win_rate":0.0,"timestamp":1612635395,"path_taken":["M","?","M","M","?","E","M","R","T","?","R","E","M","M","R","BOSS","M","?","?","M","?","R","$","R","T","M","R","E","M","E","R","BOSS","M","$","?","?","M","R","M","E","T","R","M","$","E","M","R","BOSS"],"items_purchased_type":["Card","Relic","Potion"],"build_version":"2020-12-22","purchased_purges":3,"victory":true,"max_hp_per_floor":[68,68,68,68,68,68,68,68,68,68,68,68,68,68,68,68,68,68,68,68,68,68,68,68,68,68,68,68,68,68,68,68,68,68,68,68,65,65,65,65,65,65,65,65,65,62,62,62,62,62],"card_choices":[{"not_picked":["Gash","Leap"],"picked":"Streamline","floor":1.0},{"not_picked":["Melter","Conserve Battery"],"picked":"Genetic Algorithm","floor":3.0},{"not_picked":["Steam","Gash","Doom and Gloom"],"picked":"SKIP","floor":4.0},{"not_picked":["Thunder Strike","Fusion"],"picked":"Ball Lightning","floor":6.0},{"not_picked":["Steam","Ball Lightning"],"picked":"Reinforced Body","floor":7.0},{"not_picked":["Auto Shields","Beam Cell"],"picked":"Coolheaded","floor":10.0},{"not_picked":["Tempest","Go for the Eyes","Compile Driver"],"picked":"SKIP","floor":12.0},{"not_picked":["Streamline","Go for the Eyes"],"picked":"Hologram","floor":13.0},{"not_picked":["Self Repair","Barrage"],"picked":"Glacier","floor":14.0},{"not_picked":["Rainbow","Multi-Cast"],"picked":"Electrodynamics","floor":16.0},{"not_picked":["Static Discharge+1","Compile Driver","Loop"],"picked":"SKIP","floor":18.0},{"not_picked":["Scrape","Chaos","Heatsinks"],"picked":"SKIP","floor":21.0},{"not_picked":["Glacier+1","Leap+1"],"picked":"Turbo","floor":22.0},{"not_picked":["Auto Shields","Sweeping Beam","Barrage+1"],"picked":"SKIP","floor":27.0},{"not_picked":["Melter","Streamline","Beam Cell"],"picked":"SKIP","floor":29.0},{"not_picked":["Hello World","Stack+1","Compile Driver"],"picked":"SKIP","floor":30.0},{"not_picked":["Rip and Tear","Electrodynamics"],"picked":"Double Energy","floor":31.0},{"not_picked":["Reboot","All For One"],"picked":"Creative AI","floor":33.0},{"not_picked":["Compile Driver+1","Leap+1"],"picked":"Skim","floor":35.0},{"not_picked":["Rip and Tear","Beam Cell","Barrage+1"],"picked":"SKIP","floor":39.0},{"not_picked":["Ball Lightning+1","Compile Driver+1","Tempest"],"picked":"SKIP","floor":41.0},{"not_picked":["Genetic Algorithm+1","BootSequence+1","Streamline+1"],"picked":"SKIP","floor":42.0},{"not_picked":["Glacier","All For One","Turbo+1"],"picked":"SKIP","floor":45.0},{"not_picked":["White Noise+1","Steam Power","Cold Snap+1"],"picked":"SKIP","floor":47.0},{"not_picked":["Barrage","Coolheaded","Streamline+1"],"picked":"SKIP","floor":48}],"player_experience":562835,"relics_obtained":[{"floor":6.0,"key":"MealTicket"},{"floor":9.0,"key":"Regal Pillow"},{"floor":12.0,"key":"DataDisk"},{"floor":26.0,"key":"MawBank"},{"floor":29.0,"key":"Orichalcum"},{"floor":31.0,"key":"Incense Burner"},{"floor":38.0,"key":"Old Coin"},{"floor":42.0,"key":"Toy Ornithopter"},{"floor":47.0,"key":"Bronze Scales"}],"event_choices":[{"cards_removed":["Strike_B"],"damage_healed":0.0,"max_hp_gain":0.0,"max_hp_loss":0.0,"gold_gain":0.0,"event_name":"The Cleric","player_choice":"Card Removal","floor":2.0,"gold_loss":50.0,"damage_taken":0.0},{"cards_removed":["Defend_B"],"damage_healed":0.0,"max_hp_gain":0.0,"max_hp_loss":0.0,"gold_gain":0.0,"event_name":"Golden Wing","player_choice":"Card Removal","floor":5.0,"gold_loss":0.0,"damage_taken":7.0},{"damage_healed":0.0,"max_hp_gain":0.0,"max_hp_loss":0.0,"gold_gain":0.0,"event_name":"The Library","player_choice":"Read","floor":19.0,"gold_loss":0.0,"damage_taken":0.0,"cards_obtained":["Darkness"]},{"damage_healed":0.0,"max_hp_gain":0.0,"max_hp_loss":0.0,"gold_gain":0.0,"event_name":"Vampires","player_choice":"Ignored","floor":20.0,"gold_loss":0.0,"damage_taken":0.0},{"damage_healed":0.0,"max_hp_gain":0.0,"max_hp_loss":3.0,"gold_gain":0.0,"event_name":"Winding Halls","player_choice":"Max HP","floor":37.0,"gold_loss":0.0,"damage_taken":0.0},{"damage_healed":0.0,"max_hp_gain":0.0,"max_hp_loss":0.0,"gold_gain":0.0,"event_name":"Mysterious Sphere","player_choice":"Fight","floor":38.0,"gold_loss":0.0,"damage_taken":0.0}],"is_beta":false,"boss_relics":[{"not_picked":["Coffee Dripper","Black Star"],"picked":"Cursed Key"},{"not_picked":["Runic Dome","Empty Cage"],"picked":"Pandora\u0027s Box"}],"items_purged_floors":[24,36,46],"is_endless":false,"potions_floor_spawned":[4,6,10,13,16,22,27,29,31,38,45,47,48],"ascension_level":3}}