{"host":"r53pw7z744tg3fxg","time":1612641961,"event":{"mods":["AchievementEnabler","BaseMod","Colored Map","Colored Powertips","Highlight Path","Minty Spire (QoL Compilation)","Quick Restart","Transform Curses"],"gold_per_floor":[3117,2103,2178,2192,1405,1405,1428,1461,1507,1519,843,843,870,888,888,965,965,976,989,1009,1059,1059,1091,1107,1107,1133,1168,1168,1183,1198,1231,1231,1306,1306,1319,1332,1357,1357,1368,1368,1396,1072,1072,1100,1100,1112,1112,1145,1145,1145,1145,1145,943,972,972],"floor_reached":56,"language":"ENG","playtime":3014,"items_purged":["Madness+1"],"score":3109,"play_id":"64d40248-ebb3-4823-8b1f-f9927d19e342","local_time":"20210206130601","is_ascension_mode":true,"campfire_choices":[{"data":"1","floor":6.0,"key":"LIFT"},{"data":"2","floor":15.0,"key":"LIFT"},{"data":"3","floor":25.0,"key":"LIFT"},{"data":"Magnetism","floor":28.0,"key":"SMITH"},{"data":"Vigilance","floor":32,"key":"SMITH"},{"data":"Strike_P","floor":40,"key":"SMITH"},{"floor":45,"key":"RECALL"},{"floor":49,"key":"REST"},{"data":"Defend_P","floor":52,"key":"SMITH"}],"circlet_count":1,"master_deck":["AscendersBane","Strike_P+1","Strike_P","Strike_P+1","Strike_P+1","Defend_P+1","Defend_P+1","Defend_P","Defend_P","Eruption+1","Vigilance+1","Magnetism+1","FlurryOfBlows+1","Weave+1","Wireheading+1","PathToVictory+1","DeceiveReality+1","MasterReality+1","Crescendo+1","ReachHeaven+1","ThirdEye+1","BattleHymn+1","Panache+1","Consecrate+1","Brilliance+1","Panacea+1","Nirvana+1","DevaForm+1","Judgement+1","Conclude+1","BowlingBash+1","ClearTheMind+1","Wallop+1","Alpha+1","ForeignInfluence+1","Prostrate+1","FlurryOfBlows+1","LessonLearned+1","MentalFortress+1","Madness+1","Apotheosis+1","Bandage Up+1","Fasting2+1","WindmillStrike+1"],"relics":["PureWater","Akabeko","Anchor","Ancient Tea Set","Bag of Marbles","Bag of Preparation","Blood Vial","Bronze Scales","Happy Flower","Juzu Bracelet","Lantern","Nunchaku","Oddly Smooth Stone","Pen Nib","Potion Belt","PreservedInsect","Regal Pillow","Vajra","Damaru","Frozen Egg 2","Molten Egg 2","Toxic Egg 2","Kunai","Letter Opener","TeardropLocket","StrikeDummy","Circlet","Girya","Ginger","Turnip","Lizard Tail","Incense Burner","FossilizedHelix","Ice Cream","Du-Vu Doll","Prayer Wheel","CaptainsWheel","Sling","Toolbox","Question Card","Odd Mushroom","Vajra","MawBank","Membership Card","Meat on the Bone","Strawberry","Ginger","VioletLotus","Nuclear Battery","Black Star","SlaversCollar","Mummified Hand","PreservedInsect","Pocketwatch","Bag of Preparation","Bottled Tornado","TungstenRod","Anchor","Oddly Smooth Stone","SacredBark","Torii","Smiling Mask","Bag of Marbles","Centennial Puzzle","TheAbacus","Boot","Thread and Needle","Dead Branch","Kunai","Sundial","TeardropLocket","HornCleat"],"acts_visited":["Exordium","TheCity","TheBeyond","TheEnding"],"potions_floor_usage":[39,55,55],"damage_taken":[{"damage":0.0,"enemies":"Jaw Worm","floor":1.0,"turns":1.0},{"damage":0.0,"enemies":"Small Slimes","floor":4.0,"turns":1.0},{"damage":0.0,"enemies":"The Mushroom Lair","floor":7.0,"turns":1.0},{"damage":0.0,"enemies":"Lagavulin","floor":8.0,"turns":1.0},{"damage":0.0,"enemies":"3 Sentries","floor":13.0,"turns":2.0},{"damage":0.0,"enemies":"2 Louse","floor":14.0,"turns":1.0},{"damage":0.0,"enemies":"The Guardian","floor":16.0,"turns":4.0},{"damage":0.0,"enemies":"Spheric Guardian","floor":18.0,"turns":1.0},{"damage":0.0,"enemies":"Chosen","floor":19.0,"turns":2.0},{"damage":0.0,"enemies":"Snecko","floor":20.0,"turns":1.0},{"damage":0.0,"enemies":"Gremlin Leader","floor":23.0,"turns":1.0},{"damage":0.0,"enemies":"Snake Plant","floor":24.0,"turns":2.0},{"damage":0.0,"enemies":"Slavers","floor":27.0,"turns":2.0},{"damage":0.0,"enemies":"Shelled Parasite and Fungi","floor":29.0,"turns":1.0},{"damage":0,"enemies":"Centurion and Healer","floor":30,"turns":1},{"damage":0,"enemies":"Book of Stabbing","floor":31,"turns":2},{"damage":0,"enemies":"Collector","floor":33,"turns":4},{"damage":0,"enemies":"3 Shapes","floor":35,"turns":2},{"damage":0,"enemies":"3 Darklings","floor":36,"turns":2},{"damage":0,"enemies":"Mind Bloom Boss Battle","floor":37,"turns":3},{"damage":0,"enemies":"Spire Growth","floor":39,"turns":2},{"damage":0,"enemies":"Giant Head","floor":41,"turns":3},{"damage":0,"enemies":"Reptomancer","floor":44,"turns":4},{"damage":0,"enemies":"Sphere and 2 Shapes","floor":46,"turns":2},{"damage":0,"enemies":"Nemesis","floor":48,"turns":1},{"damage":11,"enemies":"Time Eater","floor":50,"turns":7},{"damage":0,"enemies":"Shield and Spear","floor":54,"turns":3},{"damage":7,"enemies":"The Heart","floor":55,"turns":6}],"seed_played":"-1510167167485411497","potions_obtained":[{"floor":8.0,"key":"Block Potion"},{"floor":16.0,"key":"SpeedPotion"},{"floor":18.0,"key":"AttackPotion"},{"floor":20.0,"key":"EssenceOfSteel"},{"floor":24.0,"key":"SteroidPotion"},{"floor":29,"key":"DuplicationPotion"},{"floor":31,"key":"BottledMiracle"},{"floor":37,"key":"Weak Potion"},{"floor":41,"key":"Fire Potion"}],"is_trial":false,"path_per_floor":["M","$","?","M","$","R","?","E","T","?","$","?","E","M","R","B",null,"M","M","M","?","?","E","M","R","T","E","R","M","M","E","R","B",null,"M","M","?","?","M","R","E","$","T","E","R","M","?","E","R","B",null,"R","$","E","B",null],"character_chosen":"WATCHER","items_purchased":["Prayer Wheel","CaptainsWheel","Sling","Weave+1","Wireheading+1","PathToVictory+1","Toolbox","Question Card","MasterReality+1","Crescendo+1","ReachHeaven+1","ThirdEye+1","Membership Card","Meat on the Bone","Strawberry","BattleHymn+1","Panache+1","Consecrate+1","Brilliance+1","Panacea+1","Apotheosis+1","Centennial Puzzle","TheAbacus","Bandage Up+1","Sundial","WindmillStrike+1"],"campfire_rested":1,"item_purchase_floors":[2,2,2,2,2,2,5,5,5,5,5,5,11,11,11,11,11,11,11,11,42,42,42,42,53,53],"current_hp_per_floor":[277,277,266,268,268,268,270,272,272,272,279,279,281,283,283,285,302,304,306,307,307,307,307,307,307,307,307,307,307,307,307,307,307,307,307,307,307,253,255,255,257,257,257,259,259,261,261,263,307,296,304,304,304,306,306],"gold":972,"neow_bonus":"RANDOM_COLORLESS_2","is_daily":false,"chose_seed":false,"campfire_upgraded":4,"win_rate":0.0,"timestamp":1612641961,"path_taken":["M","$","?","M","$","R","?","E","T","?","$","?","E","M","R","BOSS","M","M","M","?","?","E","M","R","T","E","R","M","M","E","R","BOSS","M","M","?","?","M","R","E","?","T","E","R","M","?","E","R","BOSS","R","$","E","BOSS"],"items_purchased_type":["Relic","Relic","Relic","Card","Card","Card","Relic","Relic","Card","Card","Card","Card","Relic","Relic","Relic","Card","Card","Card","Card","Card","Card","Relic","Relic","Card","Relic","Card"],"build_version":"2020-12-22","purchased_purges":1,"victory":true,"max_hp_per_floor":[300,300,300,300,300,300,300,300,300,300,307,307,307,307,307,307,307,307,307,307,307,307,307,307,307,307,307,307,307,307,307,307,307,307,307,307,307,307,307,307,307,307,307,307,307,307,307,307,307,307,307,307,307,307,307],"card_choices":[{"not_picked":["Master of Strategy","Secret Weapon"],"picked":"Magnetism","floor":0.0},{"not_picked":["Meditate+1","Wireheading+1"],"picked":"FlurryOfBlows+1","floor":1.0},{"not_picked":["PathToVictory+1","CutThroughFate+1"],"picked":"DeceiveReality+1","floor":4.0},{"not_picked":["Tantrum+1","SashWhip+1","ForeignInfluence+1"],"picked":"SKIP","floor":4.0},{"not_picked":["EmptyBody+1","Halt+1","FlyingSleeves+1"],"picked":"WheelKick+1","floor":8.0},{"not_picked":["CutThroughFate+1","CarveReality+1","EmptyFist+1","WaveOfTheHand+1"],"picked":"SKIP","floor":13.0},{"not_picked":["EmptyFist+1","Perseverance+1","DeceiveReality+1"],"picked":"Nirvana+1","floor":14.0},{"not_picked":["ThirdEye+1","CrushJoints+1","FollowUp+1"],"picked":"DevaForm+1","floor":14.0},{"not_picked":["Devotion+1","LessonLearned+1","MasterReality+1"],"picked":"Judgement+1","floor":16.0},{"not_picked":["InnerPeace+1","EmptyBody+1","FlyingSleeves+1"],"picked":"Conclude+1","floor":18.0},{"not_picked":["ReachHeaven+1","PathToVictory+1","Halt+1","Sanctity+1"],"picked":"SKIP","floor":18.0},{"not_picked":["Study+1","FollowUp+1","SashWhip+1"],"picked":"BowlingBash+1","floor":19.0},{"not_picked":["BowlingBash+1","Consecrate+1","InnerPeace+1","Collect+1"],"picked":"SKIP","floor":19.0},{"not_picked":["Wireheading+1","Prostrate+1","FollowUp+1"],"picked":"ClearTheMind+1","floor":20.0},{"not_picked":["Crescendo+1","Vault+1","Halt+1","FollowUp+1"],"picked":"SKIP","floor":20.0},{"not_picked":["Prostrate+1","Worship+1","FlurryOfBlows+1"],"picked":"Alpha+1","floor":23.0},{"not_picked":["Perseverance+1","FlurryOfBlows+1","WheelKick+1","Halt+1"],"picked":"SKIP","floor":24.0},{"not_picked":["Study+1","Evaluate+1","Weave+1","Indignation+1"],"picked":"SKIP","floor":24.0},{"not_picked":["FlurryOfBlows+1","Halt+1","EmptyFist+1"],"picked":"ForeignInfluence+1","floor":27.0},{"not_picked":["Weave+1","Pray+1","DeceiveReality+1"],"picked":"Prostrate+1","floor":29},{"not_picked":["Nirvana+1","WheelKick+1","PathToVictory+1"],"picked":"FlurryOfBlows+1","floor":29},{"not_picked":["Omniscience+1","EmptyBody+1","BowlingBash+1","Consecrate+1"],"picked":"SKIP","floor":30},{"not_picked":["ThirdEye+1","PathToVictory+1","Evaluate+1","SignatureMove+1"],"picked":"SKIP","floor":30},{"not_picked":["Scrawl+1","Pray+1","InnerPeace+1","ClearTheMind+1"],"picked":"SKIP","floor":31},{"not_picked":["DeusExMachina+1","SpiritShield+1","Blasphemy+1"],"picked":"LessonLearned+1","floor":33},{"not_picked":["Halt+1","CutThroughFate+1","EmptyFist+1","Evaluate+1"],"picked":"SKIP","floor":35},{"not_picked":["EmptyBody+1","ClearTheMind+1","Prostrate+1","Meditate+1"],"picked":"SKIP","floor":35},{"not_picked":["WreathOfFlame+1","Protect+1","Crescendo+1","Consecrate+1"],"picked":"SKIP","floor":36},{"not_picked":["FlyingSleeves+1","EmptyFist+1","Halt+1","JustLucky+1"],"picked":"SKIP","floor":36},{"not_picked":["BowlingBash+1","FearNoEvil+1","Ragnarok+1"],"picked":"MentalFortress+1","floor":37},{"not_picked":["Prostrate+1","EmptyFist+1","Evaluate+1","Consecrate+1"],"picked":"SKIP","floor":39},{"not_picked":["Tantrum+1","WaveOfTheHand+1","Crescendo+1","ClearTheMind+1"],"picked":"SKIP","floor":39},{"not_picked":["FlurryOfBlows+1","EmptyMind+1","ThirdEye+1","Sanctity+1"],"picked":"SKIP","floor":41},{"not_picked":["ReachHeaven+1","Ragnarok+1","SignatureMove+1","FollowUp+1"],"picked":"SKIP","floor":44},{"not_picked":["Evaluate+1","WheelKick+1","SashWhip+1"],"picked":"Fasting2+1","floor":46},{"not_picked":["FlyingSleeves+1","Consecrate+1","EmptyFist+1","CrushJoints+1"],"picked":"SKIP","floor":46},{"not_picked":["FlurryOfBlows+1","TalkToTheHand+1","EmptyBody+1","WaveOfTheHand+1"],"picked":"SKIP","floor":48},{"not_picked":["Weave+1","Protect+1","Indignation+1","FlurryOfBlows+1"],"picked":"SKIP","floor":54}],"player_experience":1446065,"relics_obtained":[{"floor":7.0,"key":"Odd Mushroom"},{"floor":8.0,"key":"Vajra"},{"floor":9.0,"key":"MawBank"},{"floor":13.0,"key":"Ginger"},{"floor":23.0,"key":"PreservedInsect"},{"floor":23.0,"key":"Pocketwatch"},{"floor":26.0,"key":"Bag of Preparation"},{"floor":27.0,"key":"Bottled Tornado"},{"floor":27.0,"key":"TungstenRod"},{"floor":31,"key":"Anchor"},{"floor":31,"key":"Oddly Smooth Stone"},{"floor":37,"key":"Torii"},{"floor":41,"key":"Smiling Mask"},{"floor":41,"key":"Bag of Marbles"},{"floor":44,"key":"Boot"},{"floor":44,"key":"Thread and Needle"},{"floor":48,"key":"Dead Branch"},{"floor":48,"key":"Kunai"},{"floor":54,"key":"TeardropLocket"},{"floor":54,"key":"HornCleat"}],"event_choices":[{"damage_healed":0.0,"max_hp_gain":0.0,"max_hp_loss":0.0,"gold_gain":75.0,"event_name":"World of Goop","player_choice":"Gather Gold","floor":3.0,"gold_loss":0.0,"damage_taken":11.0},{"damage_healed":0.0,"max_hp_gain":0.0,"max_hp_loss":0.0,"gold_gain":0.0,"event_name":"Mushrooms","player_choice":"Fought Mushrooms","floor":7.0,"gold_loss":0.0,"damage_taken":0.0},{"damage_healed":0.0,"max_hp_gain":0.0,"max_hp_loss":0.0,"gold_gain":0.0,"event_name":"Living Wall","player_choice":"Grow","floor":10.0,"gold_loss":0.0,"damage_taken":0.0,"cards_upgraded":["Eruption"]},{"damage_healed":0.0,"max_hp_gain":0.0,"max_hp_loss":0.0,"gold_gain":0.0,"event_name":"Liars Game","player_choice":"Ignored","floor":12.0,"gold_loss":0.0,"damage_taken":0.0},{"damage_healed":0.0,"max_hp_gain":0.0,"max_hp_loss":0.0,"gold_gain":50.0,"event_name":"Golden Shrine","player_choice":"Pray","floor":21.0,"gold_loss":0.0,"damage_taken":0.0},{"damage_healed":0.0,"max_hp_gain":0.0,"max_hp_loss":0.0,"gold_gain":0.0,"event_name":"The Library","player_choice":"Read","floor":22.0,"gold_loss":0.0,"damage_taken":0.0,"cards_obtained":["Wallop"]},{"damage_healed":0,"gold_gain":0,"player_choice":"Fight","damage_taken":0,"max_hp_gain":0,"max_hp_loss":0,"event_name":"MindBloom","floor":37,"gold_loss":0},{"damage_healed":0,"gold_gain":0,"player_choice":"Embrace Madness","damage_taken":55,"max_hp_gain":0,"max_hp_loss":0,"event_name":"Winding Halls","floor":38,"gold_loss":0,"cards_obtained":["Madness","Madness"]},{"cards_removed":["WheelKick"],"damage_healed":0,"gold_gain":0,"player_choice":"Removed Attack","damage_taken":0,"max_hp_gain":0,"max_hp_loss":0,"event_name":"Falling","floor":47,"gold_loss":0}],"is_beta":false,"boss_relics":[{"not_picked":["Fusion Hammer","Velvet Choker"],"picked":"VioletLotus"},{"not_picked":["Runic Pyramid","Philosopher\u0027s Stone"],"picked":"SacredBark"}],"items_purged_floors":[53],"is_endless":false,"potions_floor_spawned":[8,16,18,20,23,24,29,31,37,41,48],"ascension_level":19}}