{"host":"osk2oboccoevp2u5","time":1612650831,"event":{"mods":["AchievementEnabler","Alarm Clock","BaseMod","Colored Powertips","Disable Question Mark Monsters","Displayed Cursed Tome","Key Reminder","Minty Spire (QoL Compilation)","Potion Indicator Mod","Quick Restart","Rare Cards Sparkle","Reorder Act Four","StSLib","The Cursed","Useless Jewels Mod"],"gold_per_floor":[216,21,38,113,127,127,156,166,166,10,27,43,43,57,57,158,158,171,171,11,22,35,64,64,83,83,100,114,20,20,38,38,38,38],"floor_reached":33,"language":"ENG","playtime":4124,"items_purged":["TheCursedMod:Strike_TheCursed","TheCursedMod:Strike_TheCursed","TheCursedMod:Strike_TheCursed"],"score":396,"play_id":"a1854507-299c-40c6-92ec-fab226cc5cfa","local_time":"20210206183351","is_ascension_mode":true,"campfire_choices":[{"floor":6,"key":"REST"},{"floor":15,"key":"REST"},{"floor":24,"key":"REST"},{"floor":32,"key":"REST"}],"circlet_count":0,"master_deck":["TheCursedMod:Defend_TheCursed","TheCursedMod:Defend_TheCursed","TheCursedMod:Defend_TheCursed","TheCursedMod:CursedWand","TheCursedMod:CleanUpWorkshop","TheCursedMod:Dregs","TheCursedMod:Torture","TheCursedMod:Stigma","TheCursedMod:Wield+1","TheCursedMod:SmokeScreen+1","TheCursedMod:StingEye","TheCursedMod:VitalStrike","TheCursedMod:Mangle","TheCursedMod:WearCloak","TheCursedMod:VoidForm","TheCursedMod:SpitefulStrike","TheCursedMod:CursedMace","TheCursedMod:WearCloak","TheCursedMod:VitalStrike","Madness","TheCursedMod:CursedBlade","TheCursedMod:StunningStrike","TheCursedMod:StingEye"],"relics":["TheCursedMod:BlackMagic101","The Courier","keyreminder:keyreminder","Matryoshka","TheCursedMod:OminousMark","Eternal Feather","Blood Vial","Bottled Lightning"],"acts_visited":["Exordium","TheCity"],"potions_floor_usage":[7,11,16,16,21,23,27,33,33],"damage_taken":[{"damage":4,"enemies":"2 Louse","floor":1,"turns":3},{"damage":14,"enemies":"Jaw Worm","floor":3,"turns":4},{"damage":1,"enemies":"Cultist","floor":5,"turns":5},{"damage":38,"enemies":"Lagavulin","floor":7,"turns":9},{"damage":8,"enemies":"Blue Slaver","floor":8,"turns":3},{"damage":17,"enemies":"Gremlin Gang","floor":11,"turns":5},{"damage":1,"enemies":"Large Slime","floor":12,"turns":6},{"damage":4,"enemies":"3 Louse","floor":14,"turns":4},{"damage":14,"enemies":"The Guardian","floor":16,"turns":7},{"damage":13,"enemies":"Spheric Guardian","floor":18,"turns":4},{"damage":15,"enemies":"3 Byrds","floor":21,"turns":5},{"damage":16,"enemies":"Snake Plant","floor":22,"turns":4},{"damage":60,"enemies":"Slavers","floor":23,"turns":7},{"damage":6,"enemies":"Snecko","floor":25,"turns":4},{"damage":59,"enemies":"Centurion and Healer","floor":27,"turns":7},{"damage":20,"enemies":"Cultist and Chosen","floor":28,"turns":6},{"damage":45,"enemies":"Sentry and Sphere","floor":31,"turns":7},{"damage":79,"enemies":"Collector","floor":33,"turns":7}],"seed_played":"5749859862472274254","potions_obtained":[{"floor":5,"key":"LiquidMemories"},{"floor":7,"key":"LiquidBronze"},{"floor":8,"key":"AttackPotion"},{"floor":16,"key":"Explosive Potion"},{"floor":22,"key":"Fire Potion"},{"floor":23,"key":"Explosive Potion"},{"floor":25,"key":"SmokeBomb"},{"floor":28,"key":"Explosive Potion"},{"floor":31,"key":"Dexterity Potion"}],"is_trial":false,"path_per_floor":["M","$","M","?","M","R","E","M","T","$","M","M","?","M","R","B",null,"M","?","$","M","M","E","R","M","T","M","M","$","?","M","R","B"],"character_chosen":"THE_CURSED","items_purchased":["TheCursedMod:Stigma","TheCursedMod:Wield","TheCursedMod:SmokeScreen","CultistPotion","TheCursedMod:SpitefulStrike","TheCursedMod:CursedMace","Madness","TheCursedMod:CursedBlade"],"campfire_rested":4,"item_purchase_floors":[2,2,2,10,20,20,29,29],"current_hp_per_floor":[64,64,50,39,38,60,22,14,14,14,68,67,52,48,70,56,70,57,57,57,42,26,35,66,60,60,3,58,58,58,15,49,41,41],"gold":38,"neow_bonus":"HUNDRED_GOLD","is_daily":false,"chose_seed":false,"campfire_upgraded":0,"win_rate":0.0,"timestamp":1612650831,"path_taken":["M","$","M","?","M","R","E","M","T","?","M","M","?","M","R","BOSS","M","?","$","M","M","E","R","M","T","M","?","$","?","M","R","BOSS"],"items_purchased_type":["Card","Card","Card","Potion","Card","Card","Card","Card"],"build_version":"2020-12-22","purchased_purges":3,"victory":false,"max_hp_per_floor":[75,75,75,75,75,75,75,75,75,75,75,75,75,75,75,75,75,75,75,75,75,75,75,75,75,75,75,75,75,75,75,75,75,75],"card_choices":[{"not_picked":["TheCursedMod:Obscuration","TheCursedMod:VitalStrike"],"picked":"TheCursedMod:Torture","floor":1},{"not_picked":["TheCursedMod:CircleOfAmplification","TheCursedMod:Mangle","TheCursedMod:Stretching"],"picked":"SKIP","floor":3},{"not_picked":["TheCursedMod:VitalStrike","TheCursedMod:SoulCrush"],"picked":"TheCursedMod:StingEye","floor":5},{"not_picked":["TheCursedMod:CursedStaff","TheCursedMod:BloodBarrier"],"picked":"TheCursedMod:VitalStrike","floor":7},{"not_picked":["TheCursedMod:TacticalStrike","TheCursedMod:SpitefulPlan"],"picked":"TheCursedMod:Mangle","floor":8},{"not_picked":["TheCursedMod:CircleOfWindfury","TheCursedMod:Stretching","TheCursedMod:FleshFromBone"],"picked":"SKIP","floor":11},{"not_picked":["TheCursedMod:ShockAndAwe","TheCursedMod:SpitefulPray"],"picked":"TheCursedMod:WearCloak","floor":12},{"not_picked":["TheCursedMod:CursedBlade","TheCursedMod:AshesToAshes","TheCursedMod:CircleOfFlame"],"picked":"SKIP","floor":14},{"not_picked":["TheCursedMod:ForbiddenAlchemy","TheCursedMod:StunningStrike"],"picked":"TheCursedMod:VoidForm","floor":16},{"not_picked":["TheCursedMod:CursedBlade+1","TheCursedMod:FleshFromBone","TheCursedMod:PrepareRite"],"picked":"SKIP","floor":18},{"not_picked":["TheCursedMod:WearCloak","TheCursedMod:DoubleShield+1","TheCursedMod:PrepareRite+1"],"picked":"SKIP","floor":21},{"not_picked":["TheCursedMod:Evocation+1","TheCursedMod:CircleOfAmplification","TheCursedMod:HellsGateOpen"],"picked":"SKIP","floor":22},{"not_picked":["TheCursedMod:CursedAmulet","TheCursedMod:CursedMace"],"picked":"TheCursedMod:WearCloak","floor":23},{"not_picked":["TheCursedMod:CircleOfCorruption","TheCursedMod:Stretching"],"picked":"TheCursedMod:VitalStrike","floor":25},{"not_picked":["TheCursedMod:Wield","TheCursedMod:CursedBoomerang+1","TheCursedMod:AbyssShockwave"],"picked":"SKIP","floor":27},{"not_picked":["TheCursedMod:CursedShiv+1","TheCursedMod:FleshFromBone","TheCursedMod:LuckyCharm"],"picked":"SKIP","floor":28},{"not_picked":["TheCursedMod:TacticalStrike","TheCursedMod:RapidMovement"],"picked":"TheCursedMod:StingEye","floor":31}],"player_experience":970513,"relics_obtained":[{"floor":7,"key":"The Courier"},{"floor":9,"key":"Matryoshka"},{"floor":23,"key":"Eternal Feather"},{"floor":26,"key":"Blood Vial"},{"floor":26,"key":"Bottled Lightning"}],"event_choices":[{"damage_healed":0,"gold_gain":75,"player_choice":"Gather Gold","damage_taken":11,"max_hp_gain":0,"max_hp_loss":0,"event_name":"World of Goop","floor":4,"gold_loss":0},{"damage_healed":0,"gold_gain":0,"player_choice":"Entered Light","damage_taken":15,"max_hp_gain":0,"max_hp_loss":0,"event_name":"Shining Light","floor":13,"gold_loss":0,"cards_upgraded":["TheCursedMod:SmokeScreen","TheCursedMod:Wield"]},{"cards_removed":["TheCursedMod:Strike_TheCursed"],"damage_healed":0,"gold_gain":0,"player_choice":"Purged","damage_taken":0,"max_hp_gain":0,"max_hp_loss":0,"event_name":"Purifier","floor":19,"gold_loss":0},{"damage_healed":0,"gold_gain":0,"cards_transformed":["TheCursedMod:Defend_TheCursed"],"player_choice":"Transformed","damage_taken":0,"max_hp_gain":0,"max_hp_loss":0,"event_name":"Transmorgrifier","floor":30,"gold_loss":0,"cards_obtained":["TheCursedMod:StunningStrike"]}],"is_beta":false,"boss_relics":[{"not_picked":["Calling Bell","Pandora\u0027s Box"],"picked":"TheCursedMod:OminousMark"}],"items_purged_floors":[2,10,20],"is_endless":false,"potions_floor_spawned":[5,7,8,16,22,23,25,28,31],"killed_by":"Collector","ascension_level":9}}