{"host":"bnpj5ln693dhfj4y","time":1612646279,"event":{"mods":["AchievementEnabler","BaseMod","Colored Map","Colored Powertips","DeckTracker","Minty Spire (QoL Compilation)","Weighted Paths"],"gold_per_floor":[15,31,49,63,33,61,61,86,86,86,102,162,162,182,182,282,282,271,283,298,213,138,138,138,138],"floor_reached":24,"language":"ENG","playtime":3237,"items_purged":[],"score":285,"play_id":"2dae2c08-4523-469c-9123-af5c278a3af2","local_time":"20210206221759","is_ascension_mode":true,"campfire_choices":[{"data":"Whirlwind","floor":7,"key":"SMITH"},{"floor":10,"key":"REST"},{"data":"Metallicize","floor":15,"key":"SMITH"},{"data":"Double Tap","floor":23,"key":"SMITH"}],"circlet_count":0,"master_deck":["Strike_R","Strike_R","Strike_R","Strike_R","Defend_R","Defend_R","Defend_R","Defend_R","Bash","Impervious","Iron Wave","Whirlwind+1","Shrug It Off","Metallicize+1","Twin Strike","Battle Trance","Heavy Blade","Barricade+1","Ghostly Armor","Impervious","CurseOfTheBell","Infernal Blade","Double Tap+1"],"relics":["Burning Blood","Bag of Marbles","Self Forming Clay","Calling Bell","Boot","Pear","Bird Faced Urn","Mango"],"acts_visited":["Exordium","TheCity"],"potions_floor_usage":[8,14,16,20,24,24,24],"damage_taken":[{"damage":1,"enemies":"Cultist","floor":1,"turns":4},{"damage":17,"enemies":"Small Slimes","floor":2,"turns":4},{"damage":0,"enemies":"2 Louse","floor":3,"turns":3},{"damage":11,"enemies":"Large Slime","floor":4,"turns":8},{"damage":7,"enemies":"Looter","floor":5,"turns":4},{"damage":52,"enemies":"Lagavulin","floor":6,"turns":10},{"damage":9,"enemies":"3 Sentries","floor":8,"turns":8},{"damage":0,"enemies":"2 Fungi Beasts","floor":11,"turns":3},{"damage":6,"enemies":"Exordium Thugs","floor":14,"turns":7},{"damage":14,"enemies":"The Guardian","floor":16,"turns":20},{"damage":17,"enemies":"2 Thieves","floor":18,"turns":4},{"damage":0,"enemies":"3 Byrds","floor":19,"turns":5},{"damage":31,"enemies":"Sentry and Sphere","floor":20,"turns":15},{"damage":121,"enemies":"Slavers","floor":24,"turns":10}],"seed_played":"3480928148965343308","potions_obtained":[{"floor":3,"key":"BloodPotion"},{"floor":6,"key":"SkillPotion"},{"floor":8,"key":"Energy Potion"},{"floor":11,"key":"Block Potion"},{"floor":16,"key":"PowerPotion"},{"floor":18,"key":"PowerPotion"},{"floor":20,"key":"Fruit Juice"}],"is_trial":false,"path_per_floor":["M","M","M","M","M","E","R","E","T","R","M","?","?","M","R","B",null,"M","M","M","?","?","R","E"],"character_chosen":"IRONCLAD","items_purchased":[],"campfire_rested":1,"item_purchase_floors":[],"current_hp_per_floor":[80,69,75,70,69,23,23,20,20,44,50,50,50,50,50,42,81,70,80,61,75,75,75,0,0],"gold":138,"neow_bonus":"THREE_RARE_CARDS","is_daily":false,"chose_seed":false,"campfire_upgraded":3,"win_rate":0.0,"timestamp":1612646279,"path_taken":["M","M","M","?","M","E","R","E","T","R","M","?","?","M","R","BOSS","M","M","M","?","?","R","E"],"items_purchased_type":[],"build_version":"2020-12-22","purchased_purges":0,"victory":false,"max_hp_per_floor":[80,80,80,80,80,80,80,80,80,80,80,80,80,80,80,80,90,90,90,90,104,104,104,109,109],"card_choices":[{"not_picked":["Double Tap","Fiend Fire"],"picked":"Impervious","floor":0},{"not_picked":["Dual Wield","Headbutt"],"picked":"Iron Wave","floor":1},{"not_picked":["Searing Blow","Power Through"],"picked":"Whirlwind","floor":2},{"not_picked":["Perfected Strike","Dark Embrace"],"picked":"Shrug It Off","floor":3},{"not_picked":["Feel No Pain","Cleave"],"picked":"Metallicize","floor":4},{"not_picked":["Sentinel","Clash"],"picked":"Twin Strike","floor":5},{"not_picked":["Armaments","Fiend Fire"],"picked":"Battle Trance","floor":6},{"not_picked":["Havoc","Cleave"],"picked":"Heavy Blade","floor":8},{"not_picked":["Clothesline","Sever Soul"],"picked":"Barricade","floor":11},{"not_picked":["Pummel","Blood for Blood"],"picked":"Ghostly Armor","floor":14},{"not_picked":["Offering","Reaper"],"picked":"Impervious","floor":16},{"not_picked":["Dual Wield","Iron Wave"],"picked":"Infernal Blade","floor":18},{"not_picked":["Flex+1","Rupture","Second Wind+1"],"picked":"SKIP","floor":19},{"not_picked":["Headbutt+1","Clothesline"],"picked":"Double Tap","floor":20}],"player_experience":353025,"relics_obtained":[{"floor":6,"key":"Bag of Marbles"},{"floor":8,"key":"Self Forming Clay"},{"floor":17,"key":"Boot"},{"floor":17,"key":"Pear"},{"floor":17,"key":"Bird Faced Urn"}],"event_choices":[{"damage_healed":0,"gold_gain":60,"player_choice":"Gained Gold","damage_taken":0,"max_hp_gain":0,"max_hp_loss":0,"event_name":"Golden Wing","floor":12,"gold_loss":0},{"damage_healed":0,"gold_gain":0,"player_choice":"Grow","damage_taken":0,"max_hp_gain":0,"max_hp_loss":0,"event_name":"Living Wall","floor":13,"gold_loss":0,"cards_upgraded":["Barricade"]},{"damage_healed":0,"gold_gain":0,"player_choice":"Obtained Relic","damage_taken":0,"relics_obtained":["Mango"],"max_hp_gain":0,"max_hp_loss":0,"event_name":"Addict","floor":21,"gold_loss":85},{"cards_removed":["Strike_R"],"damage_healed":0,"gold_gain":0,"player_choice":"Gave Gold","damage_taken":0,"max_hp_gain":0,"max_hp_loss":0,"event_name":"Beggar","floor":22,"gold_loss":75}],"is_beta":false,"boss_relics":[{"not_picked":["Runic Cube","Runic Dome"],"picked":"Calling Bell"}],"items_purged_floors":[],"is_endless":false,"potions_floor_spawned":[3,6,8,11,16,18,20],"killed_by":"Slavers","ascension_level":5}}