{"host":"ktg5lwritr12xyhv","time":1612578586,"event":{"mods":["ATMod(阿瑾Mod)","Act Like it!","Aspiration","BaseMod","Challenge The Spire","Conspire","Downfall","Gensokyo","Hermit","Koishi","KomeijiMod","Minty Spire (QoL Compilation)","Quick Restart","Relic Stats","Robot Space Explorer","RumiaBox-露米娅的神秘盒子","SIMod","Spicy Shops","StSLib","The Alterego","The Dragon Tamer","篝火指南"],"gold_per_floor":[99,115,0,12,0,12,12,32,59,44,44,61,61,88,108,209,209,209,227,227,247,258,58,58,68,68,95,95,108,133,218,228,330,330,230,246,246,246,262,280,280,296,309,109,109,122,122,137,153,153,153,184,111,111,111,111],"floor_reached":57,"language":"ZHS","playtime":4650,"items_purged":["champ:Strike","champ:Strike"],"score":1350,"play_id":"a83648b2-d7db-49c0-8407-7e7afa959c21","local_time":"20210206102946","is_ascension_mode":false,"campfire_choices":[{"data":"AT_DarkMatter","floor":1.0,"key":"SMITH"},{"data":"champ:BerserkersShout","floor":11.0,"key":"SMITH"},{"data":"champ:StanceDance","floor":13.0,"key":"SMITH"},{"data":"champ:Taunt","floor":18.0,"key":"SMITH"},{"data":"champ:EndlessRage","floor":28.0,"key":"SMITH"},{"floor":35.0,"key":"RECALL"},{"data":"champ:GladiatorForm","floor":44.0,"key":"SMITH"},{"data":"champ:CalledShot","floor":47.0,"key":"SMITH"},{"data":"champ:DancingMaster","floor":54.0,"key":"SMITH"}],"circlet_count":0,"master_deck":["champ:Strike","champ:Strike","champ:Defend","champ:Defend","champ:Execute","champ:Taunt+1","AT_DarkMatter+1","champ:BringItOn","champ:CalledShot+1","champ:StanceDance+1","champ:BerserkersShout+1","champ:FanOfKnives","champ:ShieldWall","champ:FancyFootwork","champ:FancyFootwork","champ:ShieldThrow","champ:FlashCut","champ:ShieldSlam","champ:EndlessRage+1","champ:Backstep+1","champ:Endure","champ:SkillfulDodge","champ:VampiricStrike","champ:GladiatorForm+1","champ:Shatter","champ:IronFortress+1","champ:DancingMaster+1"],"relics":["AT_ATBox","AT_TrinityForce","AT_TimeSand","Matryoshka","Juzu Bracelet","Philosopher\u0027s Stone","Bag of Preparation","aspiration:Lifesprig","champ:BerserkersGuideToSlaughter","Strawberry","AT_RedNoBalance","White Beast Statue","Shuriken","SoulBox","downfall:HeartBlessingGreen","AT_ForceNature","downfall:HeartBlessingRed","downfall:HeartBlessingBlue","ShirouKen"],"acts_visited":["Exordium","TheCity","TheBeyond","TheEnding"],"potions_floor_usage":[56,56,56],"damage_taken":[{"damage":10.0,"enemies":"2 Louse","floor":2.0,"turns":1.0},{"damage":24.0,"enemies":"downfall:FleeingMerchant","floor":3.0,"turns":4.0},{"damage":0.0,"enemies":"conspire:RoseBush","floor":4.0,"turns":2.0},{"damage":29.0,"enemies":"downfall:FleeingMerchant","floor":5.0,"turns":4.0},{"damage":15.0,"enemies":"Cultist","floor":6.0,"turns":2.0},{"damage":14.0,"enemies":"Blue Slaver","floor":8.0,"turns":2.0},{"damage":20.0,"enemies":"conspire:MimicChest","floor":9.0,"turns":4.0},{"damage":38.0,"enemies":"downfall:FleeingMerchant","floor":10.0,"turns":4.0},{"damage":9.0,"enemies":"Exordium Thugs","floor":12.0,"turns":2.0},{"damage":25.0,"enemies":"Lagavulin","floor":14.0,"turns":6.0},{"damage":5.0,"enemies":"Lots of Slimes","floor":15.0,"turns":1.0},{"damage":10.0,"enemies":"WA_ARCHETYPE_RETAIN","floor":16.0,"turns":5.0},{"damage":20.0,"enemies":"Shell Parasite","floor":19.0,"turns":3.0},{"damage":10.0,"enemies":"Centurion and Healer","floor":21.0,"turns":2.0},{"damage":5.0,"enemies":"Snecko","floor":22.0,"turns":3.0},{"damage":15.0,"enemies":"downfall:FleeingMerchant","floor":23.0,"turns":3.0},{"damage":15.0,"enemies":"conspire:HollyBat","floor":25.0,"turns":5.0},{"damage":19.0,"enemies":"Slavers","floor":27.0,"turns":3.0},{"damage":5.0,"enemies":"Shelled Parasite and Fungi","floor":29.0,"turns":2.0},{"damage":5.0,"enemies":"Book of Stabbing","floor":30.0,"turns":3.0},{"damage":0.0,"enemies":"Centurion and Healer","floor":32.0,"turns":2.0},{"damage":46.0,"enemies":"SI_MIRROR_ARCHETYPE","floor":33.0,"turns":7.0},{"damage":0.0,"enemies":"Orb Walker","floor":36.0,"turns":1.0},{"damage":5.0,"enemies":"3 Shapes","floor":39.0,"turns":5.0},{"damage":0.0,"enemies":"Sphere and 2 Shapes","floor":40.0,"turns":3.0},{"damage":12.0,"enemies":"Transient","floor":42.0,"turns":5.0},{"damage":0.0,"enemies":"Spire Growth","floor":43.0,"turns":3.0},{"damage":0.0,"enemies":"4 Shapes","floor":46.0,"turns":1.0},{"damage":16.0,"enemies":"Transient","floor":48.0,"turns":5.0},{"damage":0.0,"enemies":"Sphere and 2 Shapes","floor":49.0,"turns":3.0},{"damage":8.0,"enemies":"DF_ARCHETYPE_ORBS","floor":50.0,"turns":7.0},{"damage":6.0,"enemies":"downfall:CharBossMerchant","floor":52.0,"turns":7.0},{"damage":11.0,"enemies":"downfall:NeowBoss","floor":55.0,"turns":5.0},{"damage":65,"enemies":"downfall:NeowBossFinal","floor":56,"turns":5}],"seed_played":"-3492136018322878694","potions_obtained":[{"floor":4.0,"key":"CalmPotion"},{"floor":6.0,"key":"Fire Potion"},{"floor":9.0,"key":"Ancient Potion"},{"floor":15.0,"key":"champ:TechniquePotion"},{"floor":30.0,"key":"PowerPotion"},{"floor":36.0,"key":"DistilledChaos"},{"floor":52.0,"key":"PowerPotion"}],"is_trial":false,"path_per_floor":["R","M","$","M","$","M","T","M","?","$","R","M","R","E","M","B",null,"R","M","?","M","M","$","T","M","?","E","R","M","E","?","M","B",null,"R","M","?","?","M","M","T","M","M","R","$","M","R","M","M","B",null,"E","$","R","B","B",null],"character_chosen":"THE_CHAMP","items_purchased":["champ:StanceDance","Bag of Preparation","aspiration:Lifesprig","champ:BerserkersGuideToSlaughter","champ:DancingMaster"],"campfire_rested":0,"item_purchase_floors":[3,23,23,23,53],"current_hp_per_floor":[90,90,86,86,82,82,82,78,78,70,70,66,66,66,66,66,90,90,90,90,90,90,90,97,58,58,49,49,59,69,51,56,45,97,97,97,97,97,97,97,97,97,97,107,107,107,107,107,107,107,107,107,107,107,107,62],"gold":111,"neow_bonus":"BOSS_RELIC","is_daily":false,"chose_seed":false,"campfire_upgraded":8,"win_rate":0.0,"timestamp":1612578586,"path_taken":["R","M","$","M","$","M","T","M","?","$","R","M","R","E","M","BOSS","R","M","?","M","M","$","T","M","?","E","R","M","E","?","M","BOSS","R","M","?","?","M","M","T","M","M","R","$","M","R","M","M","BOSS","E","$","R","BOSS","BOSS"],"items_purchased_type":["Card","Relic","Relic","Relic","Card"],"build_version":"2020-12-22","purchased_purges":2,"victory":true,"max_hp_per_floor":[90,90,90,90,90,90,90,90,90,90,90,90,90,90,90,90,90,90,90,90,90,90,90,97,97,97,97,97,97,97,97,97,97,97,97,97,97,97,97,97,97,97,97,107,107,107,107,107,107,107,107,107,107,107,107,107],"relic_stats":{"counters":[34,120],"Shuriken":[28],"Juzu Bracelet":1,"Bag of Preparation":[38],"obtain_stats":[{"AT_ForceNature":41,"aspiration:Lifesprig":23,"AT_ATBox":0,"ShirouKen":52,"downfall:HeartBlessingRed":44,"champ:ChampionCrown":0,"downfall:HeartBlessingGreen":35,"AT_SilverBalance":24,"SoulBox":34,"AT_TimeSand":7,"Juzu Bracelet":14,"Bag of Preparation":23,"White Beast Statue":27,"Matryoshka":9,"Shuriken":30,"downfall:HeartBlessingBlue":44,"Strawberry":24,"AT_TrinityForce":0,"Philosopher\u0027s Stone":17,"champ:BerserkersGuideToSlaughter":23,"AT_RedNoBalance":27},{"AT_ForceNature":25,"aspiration:Lifesprig":16,"AT_ATBox":0,"ShirouKen":32,"downfall:HeartBlessingRed":27,"champ:ChampionCrown":0,"downfall:HeartBlessingGreen":22,"AT_SilverBalance":16,"SoulBox":22,"AT_TimeSand":5,"Juzu Bracelet":10,"Bag of Preparation":16,"White Beast Statue":18,"Matryoshka":7,"Shuriken":20,"downfall:HeartBlessingBlue":27,"Strawberry":16,"AT_TrinityForce":0,"Philosopher\u0027s Stone":12,"champ:BerserkersGuideToSlaughter":16,"AT_RedNoBalance":18},{"AT_ForceNature":79,"aspiration:Lifesprig":48,"AT_ATBox":0,"ShirouKen":110,"downfall:HeartBlessingRed":87,"champ:ChampionCrown":0,"downfall:HeartBlessingGreen":70,"AT_SilverBalance":48,"SoulBox":70,"AT_TimeSand":13,"Juzu Bracelet":31,"Bag of Preparation":48,"White Beast Statue":56,"Matryoshka":19,"Shuriken":61,"downfall:HeartBlessingBlue":87,"Strawberry":48,"AT_TrinityForce":0,"Philosopher\u0027s Stone":37,"champ:BerserkersGuideToSlaughter":48,"AT_RedNoBalance":53}]},"card_choices":[{"not_picked":["champ:AdrenalArmor","champ:Shatter"],"picked":"champ:BringItOn","floor":2.0},{"not_picked":["champ:EndlessRage","champ:BringItOn"],"picked":"champ:CalledShot","floor":3.0},{"not_picked":["champ:Parry","champ:FalseCounter"],"picked":"champ:BerserkersShout","floor":4.0},{"not_picked":["champ:AdrenalArmor","champ:PreemptiveStrike"],"picked":"champ:FanOfKnives","floor":5.0},{"not_picked":["champ:FocusedBerserking","champ:Haymaker"],"picked":"champ:ShieldWall","floor":6.0},{"not_picked":["champ:Circumvent","champ:FlashCut"],"picked":"champ:FancyFootwork","floor":8.0},{"not_picked":["champ:Parry","champ:BringItOn"],"picked":"champ:FancyFootwork","floor":9.0},{"not_picked":["champ:ShieldThrow","champ:ShieldWall","champ:BladeFlurry"],"picked":"SKIP","floor":10.0},{"not_picked":["champ:BerserkersShout","champ:FocusedDefense","champ:CalledShot"],"picked":"SKIP","floor":12.0},{"not_picked":["champ:Haymaker","champ:FlashCut","champ:FocusedDefense"],"picked":"SKIP","floor":14.0},{"not_picked":["champ:EnGarde","champ:BladeFlurry","champ:GladiatorStyle"],"picked":"SKIP","floor":15.0},{"not_picked":["champ:SwordThrow","champ:HeavySlash"],"picked":"champ:ShieldThrow","floor":16.0},{"not_picked":["champ:StanceDance","champ:BringItOn"],"picked":"champ:FlashCut","floor":19.0},{"not_picked":["champ:Haymaker","champ:FlashCut"],"picked":"champ:ShieldSlam","floor":21.0},{"not_picked":["champ:StanceDance","champ:ShieldSlam","champ:FanOfKnives"],"picked":"SKIP","floor":22.0},{"not_picked":["champ:SteelEdge","champ:FaceSlap"],"picked":"champ:EndlessRage","floor":23.0},{"not_picked":["champ:Shatter","champ:Encircle+1"],"picked":"champ:Backstep+1","floor":25.0},{"not_picked":["champ:PreciseThrust","champ:Devastate"],"picked":"champ:Endure","floor":27.0},{"not_picked":["champ:EnGarde","champ:GutPunch"],"picked":"champ:SkillfulDodge","floor":29.0},{"not_picked":["champ:Backstep","champ:SkillfulDodge+1"],"picked":"champ:VampiricStrike","floor":30.0},{"not_picked":["champ:DeathBlow+1","champ:Circumvent","champ:FlashCut"],"picked":"SKIP","floor":32.0},{"not_picked":["champ:StrikeOfGenius","champ:ShieldThrow"],"picked":"champ:GladiatorForm","floor":33.0},{"not_picked":["champ:PreciseThrust","champ:EnragedBash","champ:Encircle+1"],"picked":"SKIP","floor":36.0},{"not_picked":["champ:FanOfKnives+1","champ:GladiatorStyle+1","champ:BladeFlurry"],"picked":"SKIP","floor":39.0},{"not_picked":["champ:GladiatorStyle+1","champ:AdrenalArmor+1","champ:EndlessRage+1"],"picked":"SKIP","floor":40.0},{"not_picked":["champ:Backstep","champ:CrownThrow+1","champ:Shatter"],"picked":"SKIP","floor":42.0},{"not_picked":["champ:Backstep","champ:CrownThrow+1"],"picked":"champ:Shatter","floor":42.0},{"not_picked":["champ:ArenaPreparation+1","champ:Shatter+1"],"picked":"champ:IronFortress+1","floor":43.0},{"not_picked":["champ:TornadoPunch+1","champ:DefensiveShout","champ:Lariat"],"picked":"SKIP","floor":46.0},{"not_picked":["champ:TornadoPunch+1","champ:DefensiveShout","champ:Lariat"],"picked":"SKIP","floor":46.0},{"not_picked":["champ:PreciseThrust+1","champ:AdrenalArmor","champ:BerserkersShout"],"picked":"SKIP","floor":48.0},{"not_picked":["champ:PerfectedStrike+1","champ:FocusedBerserking","champ:HeartStrike+1"],"picked":"SKIP","floor":49.0},{"not_picked":["champ:RapidStrikes+1","champ:RisingSlash","champ:EndlessRage"],"picked":"SKIP","floor":52.0}],"player_experience":417623,"relics_obtained":[{"floor":7.0,"key":"AT_TimeSand"},{"floor":9.0,"key":"Matryoshka"},{"floor":14.0,"key":"Juzu Bracelet"},{"floor":24.0,"key":"Strawberry"},{"floor":24.0,"key":"AT_SilverBalance"},{"floor":27.0,"key":"White Beast Statue"},{"floor":30.0,"key":"Shuriken"},{"floor":41.0,"key":"AT_ForceNature"},{"floor":52.0,"key":"ShirouKen"}],"event_choices":[{"cards_removed":["champ:Defend"],"damage_healed":0.0,"max_hp_gain":0.0,"max_hp_loss":0.0,"gold_gain":0.0,"event_name":"Bonfire Elementals","player_choice":"Offered Basic","floor":26.0,"gold_loss":0.0,"damage_taken":0.0}],"is_beta":false,"boss_relics":[{"not_picked":["conspire:SlowCooker","aspiration:IroncladSkillbook"],"picked":"Philosopher\u0027s Stone"},{"not_picked":["SlaversCollar","Tiny House"],"picked":"SoulBox"}],"items_purged_floors":[3,23],"is_endless":false,"potions_floor_spawned":[4,6,9,12,14,15,19,27,29,30,32,33,36,39,40,42,43,46,48,49,52],"ascension_level":0}}