{"host":"q79dm2j0pr18ov08","time":1612618633,"event":{"mods":["Act Like it!","BaseMod","CapriCore","Colored Powertips","Gensokyo","Googly Eyes","HumanHunterMod(π÷ŒÔ…±»Àmod)","Koishi","Marisa£®ÏF”Í°°ƒß¿Ì…≥£©","Minty Spire (QoL Compilation)","MostiFishMod","Pale of the Ancients","Reimu£®≤©¿ˆ¡È√Œ£©","Replay The Spire","RumiaBox-¬∂√◊Ê´µƒ…Ò√ÿ∫–◊”","StSLib","TestMod","The Administrix","The Construct","The Immortal","The IronCluck","The Jungle","The Servant 0.9.4","UnlockEverythingMod","Waifu the Spire","[IsaacMod]“‘»ˆº‚À˛","°æ“≈ŒÔø®≈∆°øREMEMod"],"gold_per_floor":[109,171,27,44,9,9,35,77,77,77,179,216,216,265,265,301,301],"floor_reached":16,"language":"ZHS","playtime":547,"items_purged":[],"score":160,"play_id":"2ace48c2-536a-4e82-9c82-0dcd7c0d986a","local_time":"20210206213713","is_ascension_mode":true,"campfire_choices":[{"data":"Robbery","floor":10,"key":"SMITH"},{"floor":13,"key":"RECALL"},{"floor":15,"key":"REST"}],"circlet_count":0,"master_deck":["Strike_MRS","Strike_MRS","Strike_MRS","Strike_MRS","Defend_MRS","Defend_MRS","Defend_MRS","Defend_MRS","MasterSpark","UpSweep","Eruption","Robbery+1","MillisecondPulsars","MagicAbsorber"],"relics":["MiniHakkero","HushsDoor","testmod-TestBox","DaveBox","REME_ComplimentaryCards","Jackal-EndForJourney","testmod-Maize","SteamSale","NeowsBlessing","SynthV:TestCard","Turnip","Prayer Wheel","Akabeko","Regal Pillow","testmod-Fortitude"],"acts_visited":["Exordium"],"potions_floor_usage":[11],"damage_taken":[{"damage":0,"enemies":"Jaw Worm","floor":1,"turns":1},{"damage":0,"enemies":"Cultist","floor":4,"turns":2},{"damage":0,"enemies":"Gremlin Nob","floor":7,"turns":1},{"damage":2,"enemies":"2 Louse","floor":8,"turns":2},{"damage":0,"enemies":"Gremlin Nob","floor":11,"turns":2},{"damage":0,"enemies":"Gremlin Gang","floor":12,"turns":4},{"damage":50,"enemies":"Lagavulin","floor":14,"turns":7},{"damage":45,"enemies":"Hexaghost","floor":16,"turns":7}],"seed_played":"-6489946505363422885","potions_obtained":[{"floor":8,"key":"Fire Potion"},{"floor":11,"key":"Strength Potion"}],"is_trial":false,"path_per_floor":["M","?","$","M","?","?","E","M","T","R","?","M","R","E","R","B"],"character_chosen":"MARISA","items_purchased":["Turnip"],"campfire_rested":1,"item_purchase_floors":[3],"current_hp_per_floor":[75,60,60,60,75,60,60,58,58,58,58,58,58,8,45,0,0],"gold":301,"neow_bonus":"THREE_ENEMY_KILL","is_daily":false,"chose_seed":false,"campfire_upgraded":1,"win_rate":0.0,"timestamp":1612618633,"path_taken":["M","?","$","M","?","?","E","M","T","R","?","M","R","E","R","BOSS"],"items_purchased_type":["Relic"],"build_version":"2020-12-22","purchased_purges":0,"victory":false,"max_hp_per_floor":[75,75,75,75,75,75,75,75,75,75,75,75,75,75,75,75,75],"card_choices":[{"not_picked":["ShootingEcho","FairyDestructionRay","DC"],"picked":"SKIP","floor":1},{"not_picked":["SuperPerseids","PulseMagic","GasGiant","BlazeAway"],"picked":"Robbery","floor":4},{"not_picked":["GravityBeat","DoubleSpark","ChargeUpSpray","WitchLeyline","ShootingEcho"],"picked":"SKIP","floor":4},{"not_picked":["SporeBomb","DC","OrrerysSun","EnergyRecoil"],"picked":"MillisecondPulsars","floor":7},{"not_picked":["ShootingEcho","GravityBeat","ChargeUpSpray","GalacticHalo"],"picked":"MagicAbsorber","floor":8},{"not_picked":["PowerUp","GalacticHalo","DeepEcoloBomb","GravityBeat","MysteriousBeam"],"picked":"SKIP","floor":8},{"not_picked":["IllusionStar","UnstableBomb","DeepEcoloBomb","MagicChant"],"picked":"Bomb","floor":12},{"not_picked":["PowerUp","ShootingEcho","DarkMatter","MagicChant","WitchLeyline"],"picked":"SKIP","floor":12},{"not_picked":["EventHorizon","MilkyWay","NonDirectionalLaser","StarDustReverie"],"picked":"Bomb","floor":14}],"player_experience":309541,"relics_obtained":[{"floor":1,"key":"SynthV:TestCard"},{"floor":7,"key":"Akabeko"},{"floor":14,"key":"testmod-Fortitude"}],"event_choices":[{"damage_healed":18,"gold_gain":0,"player_choice":"Healed","damage_taken":0,"max_hp_gain":0,"max_hp_loss":0,"event_name":"The Cleric","floor":5,"gold_loss":35},{"damage_healed":0,"gold_gain":30,"player_choice":"Searched \u00273\u0027 times","damage_taken":0,"relics_obtained":["Regal Pillow"],"max_hp_gain":0,"max_hp_loss":0,"event_name":"Dead Adventurer","floor":11,"gold_loss":0}],"is_beta":false,"boss_relics":[],"items_purged_floors":[],"is_endless":false,"potions_floor_spawned":[8,11],"killed_by":"Hexaghost","ascension_level":4}}