{"host":"rn4c402gwd40h2z6","time":1612623347,"event":{"mods":["Act Like it!","Ascension Unlocker","BaseMod","CapriCore","Card Forge","Challenge The Spire","DNKmod","Data Control","Downfall","Easy Mod","FoggyMod","Friendly Minions","Infinite Spire","Library of Ruina","Library of Ruina Extra","Lobotomy","LobotomyExtend","Mimic Mod","Minty Spire (QoL Compilation)","Permanent Neow","Quick Restart","Random Character Button","Remilia（蕾米莉亚）","RumiaBox-露米娅的神秘盒子","Spicy Shops","StSLib","The IronCluck","[LAZYMAN]RSMod","noobMod","slay the spire mod where everything is the same but ironclad has a cowboy hat","【功能Mod】混沌之环修复补丁","【功能Mod】精心准备","【功能Mod】聪明的最终Boss","【遗物Mod】死灵法师NEW","【遗物卡牌】REMEMod"],"gold_per_floor":[119,119,119,131,28,62,62,62,62,62,27,51,51,51,51,147,147,166,166,166,191,191,191,232,232,282,303,41,80,80,61,61,157,157,178,128,156,156,156,156,15,36,60,60,91,91,91,91,91,91,91,91,91,91,91,130,130],"floor_reached":58,"language":"ZHS","playtime":6268,"items_purged":["Normality","Injury","LightAttack","Writhe"],"score":2780,"play_id":"c8fa64a1-a4fb-42da-940f-f432bc1964fa","local_time":"20210206225547","is_ascension_mode":true,"campfire_choices":[{"floor":15.0,"key":"RECALL"},{"floor":23.0,"key":"REST"},{"data":"EasyMod:card_1","floor":25.0,"key":"SMITH"},{"data":"EasyMod:card_1","floor":32.0,"key":"SMITH"},{"data":"LightAttack","floor":40,"key":"SMITH"},{"floor":49,"key":"REST"},{"data":"EasyMod:card_1","floor":54,"key":"SMITH"}],"circlet_count":0,"master_deck":["EasyMod:card_1","LightDefense","LightAttack+1","LightDefense+1","LightDefense","LightDefense+1","ChargeAndCover","FocusedStrikes+1","ShockingBlow","TieShanKao","ICanCookAnything","AsThePrescriptOrders","RagingStormLove","HighKick","IngredientHunt","ExtremeEdge","CrackOfDawn","dwlrmod:Swindle","Creak+1","infinitespire:TheBestDefense","Rewind","ChargeAndCover","PinpointShot","dwlrmod:TheLastStand","Observe","PinpointShot","BoundaryOfDeath","SharpNails","Wallop_lor+1","GreatSerpentsImpact","REME_HeartOfCthun","REME_HeartOfCthun+1","BattleCommand+1","TheArtOfRapidSteps","GreatSerpentsImpact","HardRehearsal","infinitespire:DeathsTouch","GatherIntel"],"relics":["PageOfLibrarian","REME_ComplimentaryCards","ice","LetterFromLob","Baka2","dwlrmod:ProjectRecorder","PageOfSnowWhitesApple","Golden Idol","sneckomod:SneckoTalon","expansioncontent:StudyCardRelic","MutagenicStrength","Red Mask","PageOfNothingThere","EasyMod:Hard_0","PageOfWayBackHome","Nilry\u0027s Codex","SoulBox","EasyMod:Easy_4","UndeadPower","TungstenRod","Pen Nib"],"acts_visited":["Exordium","TheCity","TheBeyond","TheEnding"],"potions_floor_usage":[],"damage_taken":[{"damage":7.0,"enemies":"Jaw Worm","floor":1.0,"turns":2.0},{"damage":5.0,"enemies":"Small Slimes","floor":4.0,"turns":2.0},{"damage":22.0,"enemies":"Lagavulin","floor":6.0,"turns":4.0},{"damage":0.0,"enemies":"Cultist","floor":12.0,"turns":1.0},{"damage":0.0,"enemies":"3 Louse","floor":13.0,"turns":2.0},{"damage":33.0,"enemies":"Hexaghost","floor":16.0,"turns":6.0},{"damage":15.0,"enemies":"Chosen","floor":18.0,"turns":5.0},{"damage":0.0,"enemies":"Shell Parasite","floor":21.0,"turns":1.0},{"damage":0.0,"enemies":"Masked Bandits","floor":24.0,"turns":2.0},{"damage":10.0,"enemies":"Snake Plant","floor":26.0,"turns":8.0},{"damage":0.0,"enemies":"Snake Plant","floor":27.0,"turns":2.0},{"damage":0.0,"enemies":"Book of Stabbing","floor":29.0,"turns":3.0},{"damage":209.0,"enemies":"RedHoodMercenary","floor":33.0,"turns":13.0},{"damage":4.0,"enemies":"3 Darklings","floor":35.0,"turns":2.0},{"damage":0.0,"enemies":"Orb Walker","floor":37.0,"turns":2.0},{"damage":30.0,"enemies":"infinitespire:Three Voidlings","floor":38.0,"turns":3.0},{"damage":67.0,"enemies":"Nightmare_Alpha","floor":38.0,"turns":9.0},{"damage":66,"enemies":"3 Darklings","floor":42,"turns":4},{"damage":10,"enemies":"Mind Bloom Boss Battle","floor":45,"turns":3},{"damage":56,"enemies":"Awakened One","floor":50,"turns":41},{"damage":0,"enemies":"infinitespire:MassOfShapes","floor":51,"turns":2},{"damage":0,"enemies":"Shield and Spear","floor":56,"turns":2},{"damage":38,"enemies":"The Heart","floor":57,"turns":5}],"seed_played":"7837474650586450851","potions_obtained":[{"floor":1.0,"key":"Strength Potion"},{"floor":4.0,"key":"Swift Potion"}],"is_trial":false,"path_per_floor":["M","?","?","M","$","E","?","?","T","?","$","M","M","?","R","B",null,"M","AVR","?","M","?","R","?","R","MIM","M","$","E","?","$","R","B",null,"M","?","M","?","?","R","$","M","T","$","?","?","AVR","$","R","B","B",null,null,"R","$","E","B",null],"character_chosen":"Librarian","items_purchased":["AsThePrescriptOrders","HighKick","EasyMod:Hard_0","REME_HeartOfCthun","GreatSerpentsImpact","EasyMod:Easy_4"],"campfire_rested":2,"item_purchase_floors":[5,11,28,31,41,41],"current_hp_per_floor":[59,40,40,41,41,19,12,12,12,12,12,12,12,36,36,14,75,73,73,73,73,73,95,95,95,69,69,69,69,48,48,48,12,61,57,57,57,62,62,62,62,48,48,48,64,64,64,64,86,86,86,86,86,86,86,73,54],"gold":130,"neow_bonus":"THREE_RARE_CARDS","is_daily":false,"chose_seed":false,"campfire_upgraded":4,"win_rate":0.0,"timestamp":1612623347,"path_taken":["M","?","?","?","$","E","?","?","T","?","?","?","?","?","R","BOSS","M","AVR","?","?","?","R","?","R","MIM","?","?","E","?","?","R","BOSS","M","?","?","?","?","R","$","?","T","$","?","?","AVR","?","R","BOSS","BOSS","R","$","E","BOSS"],"items_purchased_type":["Card","Card","Relic","Card","Card","Relic"],"build_version":"2020-12-22","purchased_purges":4,"victory":true,"max_hp_per_floor":[62,62,62,69,69,84,84,84,84,84,84,89,74,74,89,95,95,73,73,73,84,84,95,207,207,69,91,91,69,69,69,69,77,77,98,98,77,131,131,131,66,82,82,82,64,64,64,64,86,86,86,86,86,86,86,73,54],"card_choices":[{"not_picked":["SavageMode","Eradication"],"picked":"TieShanKao","floor":0.0},{"not_picked":["Thirst","YoureAHindrance","MindPrepared","HandleRequest","FleetEdge","DefenseOrder","StrongStrike","Wallop_lor","StructuralAnalysis"],"picked":"SKIP","floor":1.0},{"not_picked":["MultiHit","BackAttack","WillBeTasty","SuppressingShot","DriedUp","ScatteringSlash","EnergyStrike","QuickSuppression"],"picked":"ICanCookAnything","floor":4.0},{"not_picked":["dwlrmod:CroneWhispess","dwlrmod:GaunterODimm"],"picked":"dwlrmod:ColdlightOracle","floor":6.0},{"not_picked":["Fence","SkitterAway","Execute_lor","ClassAndRespect","HighKick","Zzzzzap","EnergyBeam","IngredientHunt"],"picked":"RagingStormLove","floor":6.0},{"not_picked":["Ripple","UpbeatPerformance","SpearedSweep","BizarreAttack","Eject","SturdyDefense","BackAttack","Outburst"],"picked":"IngredientHunt","floor":12.0},{"not_picked":["Rewind","Faith","SmokingPipe","FormingStorm","AsThePrescriptOrders","Gamble","GrazeTheGrass","UnavoidableGaze"],"picked":"ExtremeEdge","floor":13.0},{"not_picked":["FormingStorm","EnergyBeam"],"picked":"CrackOfDawn","floor":16.0},{"not_picked":["dwlrmod:ChillingDream","dwlrmod:GralTheShark"],"picked":"dwlrmod:Swindle","floor":18.0},{"not_picked":["BindingChains","SunsetBlade","SharpSwipe","HandleRequest","HiddenBlade","FrontalAssault","JiaoTu","GuardingStance"],"picked":"Creak+1","floor":18.0},{"not_picked":["Standoff","IllEndYou","StartinOutLightly","HiddenBlade+1","StructuralAnalysis","FlashingStrike","SerpentSwordTechnique","UpbeatPerformance"],"picked":"PinpointShot","floor":21.0},{"not_picked":["dwlrmod:EvilShackles","dwlrmod:EnhancingPotionDurian"],"picked":"dwlrmod:TheLastStand","floor":24.0},{"not_picked":["YoureAHindrance","Parry","FleetEdge","DirtyBlow","Preparation","TraceOfFumes","Bvapour","SharpSwipe"],"picked":"Observe","floor":24.0},{"not_picked":["HandleRequest","GuardingStance","MindWhip+1","StructuralAnalysis","SharpSwipe","AbsorbImpact","SnakesPrey","HighKick"],"picked":"PinpointShot","floor":26.0},{"not_picked":["FleetEdge","BlowItUp","StrikeDown","QuickSuppression","Quickness","FlashOfSunup","Diversion","AutonomousRush"],"picked":"BoundaryOfDeath","floor":26.0},{"not_picked":["HiddenBlade","GuidanceOfTheGears","AsThePrescriptOrders","TendonChords","SerpentSwordTechnique","ForcefulGesture","FeatherShield","Crush"],"picked":"SharpNails","floor":26.0},{"not_picked":["Gigigig","Eject","BlazingStrike","AbsorbImpact","UnavoidableGaze","GuidanceOfTheGears","FeatherShield","SnakeSlit"],"picked":"Wallop_lor+1","floor":27.0},{"not_picked":["EmotionalTurbulence","DevastatingThrash","ViolentFlame+1","WrathOfTorment","Standoff","Riposte","Outburst","BiAn"],"picked":"GreatSerpentsImpact","floor":29.0},{"not_picked":["Cruelty","CleanUp"],"picked":"CrackOfDawn","floor":33.0},{"not_picked":["UpbeatPerformance","WillOfThePrescript+1","DarkCloud+1","KeepItFresh+1","FleetEdge","Crush","SharpSwipe+1","AlloutWar"],"picked":"BattleCommand+1","floor":35.0},{"not_picked":["Parry2","FleetFootsteps+1","TrimTheIngredients","CombatPreparation","Cruelty","UnavoidableGaze","Brawl","OpportunitySpotted+1","WillBeTasty"],"picked":"SKIP","floor":37.0},{"not_picked":["Thrust","JiaoTu","SmokingPipe+1","IllEndYou","PinpointShot","UpbeatPerformance","ForTheFamily","Parry2","Quickness"],"picked":"SKIP","floor":42},{"not_picked":["FleetEdge+1","CutIn","GaleKick","Laceration+1","Commandeering","StrongStrike","GuardingStance","Outburst"],"picked":"HardRehearsal","floor":45},{"not_picked":["FleetEdge+1","FeatherShield","BoundaryOfDeath","DriedUp","KeepItFresh+1","LoosenUp","AutonomousRush+1","SetFire+1"],"picked":"GatherIntel","floor":56}],"player_experience":151473,"relics_obtained":[{"floor":1.0,"key":"Baka"},{"floor":1.0,"key":"LetterFromLob"},{"floor":4.0,"key":"Baka2"},{"floor":4.0,"key":"dwlrmod:ProjectRecorder"},{"floor":6.0,"key":"PageOfSnowWhitesApple"},{"floor":24.0,"key":"Red Mask"},{"floor":26.0,"key":"PageOfNothingThere"},{"floor":29.0,"key":"PageOfWayBackHome"},{"floor":30.0,"key":"Nilry\u0027s Codex"},{"floor":43,"key":"UndeadPower"},{"floor":45,"key":"TungstenRod"},{"floor":56,"key":"Pen Nib"}],"event_choices":[{"damage_healed":0.0,"max_hp_gain":0.0,"max_hp_loss":0.0,"gold_gain":0.0,"event_name":"Shining Light","player_choice":"Entered Light","floor":2.0,"gold_loss":0.0,"damage_taken":19.0,"cards_upgraded":["LightDefense","LightDefense"]},{"damage_healed":0.0,"max_hp_gain":0.0,"max_hp_loss":0.0,"gold_gain":0.0,"event_name":"Accursed Blacksmith","player_choice":"Forge","floor":3.0,"gold_loss":0.0,"damage_taken":0.0,"cards_upgraded":["FocusedStrikes"]},{"cards_removed":["Dodge"],"damage_healed":0.0,"max_hp_gain":0.0,"max_hp_loss":0.0,"gold_gain":0.0,"event_name":"Golden Wing","player_choice":"Card Removal","floor":7.0,"gold_loss":0.0,"damage_taken":7.0},{"damage_healed":0.0,"max_hp_gain":0.0,"max_hp_loss":0.0,"gold_gain":0.0,"event_name":"Golden Idol","player_choice":"Take Wound","floor":10.0,"gold_loss":0.0,"damage_taken":0.0,"relics_obtained":["Golden Idol"],"cards_obtained":["Injury"]},{"damage_healed":24.0,"max_hp_gain":0.0,"max_hp_loss":0.0,"gold_gain":0.0,"event_name":"Big Fish","player_choice":"Banana","floor":14.0,"gold_loss":0.0,"damage_taken":0.0},{"damage_healed":0.0,"max_hp_gain":0.0,"max_hp_loss":0.0,"gold_gain":0.0,"event_name":"Match and Keep!","player_choice":"2 cards matched","floor":20.0,"gold_loss":0.0,"damage_taken":0.0,"cards_obtained":["Rewind","ChargeAndCover"]},{"damage_healed":0.0,"max_hp_gain":0.0,"max_hp_loss":0.0,"gold_gain":0.0,"event_name":"Drug Dealer","player_choice":"Inject Mutagens","floor":22.0,"gold_loss":0.0,"damage_taken":0.0,"relics_obtained":["MutagenicStrength"]},{"damage_healed":0.0,"max_hp_gain":0.0,"max_hp_loss":0.0,"gold_gain":0.0,"event_name":"Masked Bandits","player_choice":"Fought Bandits","floor":24.0,"gold_loss":0.0,"damage_taken":0.0},{"damage_healed":0.0,"max_hp_gain":0.0,"max_hp_loss":0.0,"gold_gain":0.0,"event_name":"Cursed Tome","player_choice":"Obtained Book","floor":30.0,"gold_loss":0.0,"damage_taken":21.0},{"damage_healed":0.0,"max_hp_gain":0.0,"max_hp_loss":0.0,"gold_gain":0.0,"event_name":"Designer","player_choice":"Upgrade","floor":36.0,"gold_loss":50.0,"damage_taken":0.0,"cards_upgraded":["EasyMod:card_1"]},{"damage_healed":26,"gold_gain":0,"player_choice":"Writhe","damage_taken":0,"max_hp_gain":0,"max_hp_loss":0,"event_name":"Winding Halls","floor":38,"gold_loss":0,"cards_obtained":["Writhe"]},{"damage_healed":0,"gold_gain":0,"cards_transformed":["LightAttack"],"player_choice":"Transformed","damage_taken":0,"max_hp_gain":0,"max_hp_loss":0,"event_name":"Transmorgrifier","floor":39,"gold_loss":0,"cards_obtained":["TheArtOfRapidSteps"]},{"damage_healed":0,"gold_gain":0,"player_choice":"Fight","damage_taken":0,"max_hp_gain":0,"max_hp_loss":0,"event_name":"MindBloom","floor":45,"gold_loss":0},{"cards_removed":["dwlrmod:ColdlightOracle"],"damage_healed":0,"gold_gain":0,"player_choice":"Removed Power","damage_taken":0,"max_hp_gain":0,"max_hp_loss":0,"event_name":"Falling","floor":46,"gold_loss":0}],"is_beta":false,"boss_relics":[{"not_picked":["infinitespire:Cupcake","Philosopher\u0027s Stone"],"picked":"sneckomod:SneckoTalon"},{"not_picked":["REME_DuelDisc","Tiny House"],"picked":"SoulBox"}],"items_purged_floors":[5,19,28,47],"is_endless":false,"potions_floor_spawned":[1,4,16,18,27,29,38,45,56],"ascension_level":20}}