{"host":"7z39xsm6v5apnklf","time":1612608863,"event":{"mods":["Act Like it!","BaseMod","Downfall","GifTheSpireLib","Minty Spire (QoL Compilation)","StSLib"],"gold_per_floor":[99,110,122,135,135,150,150,150,170,170,80,110,123,142,154,250,250,250,269,283,4,18,18,18,3,3,13,0,16,16,16,16],"floor_reached":30,"language":"ZHS","playtime":3834,"items_purged":["downfall:Malfunctioning","hexamod:Strike"],"score":273,"play_id":"db8fc4fe-058f-4dd6-99ca-8e17653dea6d","local_time":"20210206185423","is_ascension_mode":true,"campfire_choices":[{"data":"hexamod:Sear","floor":1,"key":"SMITH"},{"data":"hexamod:PhantomCloak","floor":8,"key":"SMITH"},{"data":"hexamod:NightmareStrike","floor":18,"key":"PURGE"},{"data":"hexamod:HexaLevel","floor":23,"key":"SMITH"}],"circlet_count":0,"master_deck":["hexamod:Strike+1","hexamod:Strike+1","hexamod:Defend","hexamod:Defend","hexamod:Defend+1","hexamod:Sear+1","hexamod:Float","hexamod:PhantomCloak+1","hexamod:FastForward+1","hexamod:NightmareStrike","hexamod:FirstSeal","hexamod:UnleashSpirits+1","hexamod:GhostLash","hexamod:FlamesFromBeyond","hexamod:FlamesFromBeyond","hexamod:ThirdSeal","hexamod:HexaLevel+1","hexamod:TimeOfNeed+1","hexamod:SpectersWail+1","hexamod:SixthSeal","hexamod:ForkedFlame","hexamod:EmpoweredFlame","Writhe","hexamod:EtherealExpedition","hexamod:HeatShield"],"relics":["hexamod:SpiritBrand","Bag of Marbles","Singing Bowl","Peace Pipe","Empty Cage","Pear","Blue Candle"],"acts_visited":["Exordium","TheCity"],"potions_floor_usage":[16],"damage_taken":[{"damage":1,"enemies":"Cultist","floor":2,"turns":3},{"damage":2,"enemies":"Jaw Worm","floor":3,"turns":4},{"damage":2,"enemies":"2 Louse","floor":4,"turns":2},{"damage":8,"enemies":"Lots of Slimes","floor":6,"turns":4},{"damage":2,"enemies":"Exordium Thugs","floor":9,"turns":5},{"damage":0,"enemies":"downfall:FleeingMerchant","floor":11,"turns":4},{"damage":6,"enemies":"3 Sentries","floor":12,"turns":6},{"damage":7,"enemies":"Blue Slaver","floor":13,"turns":3},{"damage":6,"enemies":"2 Fungi Beasts","floor":14,"turns":3},{"damage":3,"enemies":"Red Slaver","floor":15,"turns":3},{"damage":37,"enemies":"DF_ARCHETYPE_STREAMLINE","floor":16,"turns":6},{"damage":5,"enemies":"Chosen","floor":19,"turns":4},{"damage":28,"enemies":"3 Byrds","floor":20,"turns":4},{"damage":2,"enemies":"downfall:FleeingMerchant","floor":21,"turns":4},{"damage":7,"enemies":"3 Cultists","floor":22,"turns":5},{"damage":15,"enemies":"downfall:FleeingMerchant","floor":25,"turns":4},{"damage":19,"enemies":"Centurion and Healer","floor":27,"turns":7},{"damage":25,"enemies":"downfall:FleeingMerchant","floor":28,"turns":4},{"damage":7,"enemies":"Sentry and Sphere","floor":29,"turns":5},{"damage":37,"enemies":"Slavers","floor":30,"turns":1}],"seed_played":"-1870422471388479063","potions_obtained":[{"floor":2,"key":"Fire Potion"},{"floor":12,"key":"hexamod:EctoCoolerPotion"},{"floor":14,"key":"Slimebound:ThreeZeroPotion"},{"floor":16,"key":"SneckoOil"},{"floor":29,"key":"PowerPotion"}],"is_trial":false,"path_per_floor":["R","M","M","M","?","M","T","R","M","?","$","E","M","M","M","B",null,"R","M","M","$","M","R","T","$","?","M","$","M","E"],"character_chosen":"THE_SPIRIT","items_purchased":["hexamod:ForkedFlame"],"campfire_rested":0,"item_purchase_floors":[21],"current_hp_per_floor":[70,69,67,65,65,57,57,57,55,55,62,63,63,66,70,33,72,72,67,50,57,52,52,62,54,54,42,26,28,0,0,0],"gold":16,"neow_bonus":"RANDOM_COMMON_RELIC","is_daily":false,"chose_seed":false,"campfire_upgraded":3,"win_rate":0.0,"timestamp":1612608863,"path_taken":["R","M","M","?","?","M","T","R","M","?","$","E","M","?","M","BOSS","R","M","M","$","?","R","T","$","?","M","?","?","E"],"items_purchased_type":["Card"],"build_version":"2020-12-22","purchased_purges":2,"victory":false,"max_hp_per_floor":[70,70,70,70,70,70,70,70,70,70,70,70,70,72,72,72,72,72,72,76,78,80,80,90,90,90,90,92,94,94,94,94],"card_choices":[{"not_picked":["hexamod:ThermalTransfer","hexamod:HauntingEcho"],"picked":"hexamod:PhantomCloak","floor":2},{"not_picked":["hexamod:SpectersWail","hexamod:ThermalTransfer"],"picked":"hexamod:FastForward","floor":3},{"not_picked":["hexamod:Rewind","hexamod:InspiringFlames"],"picked":"hexamod:NightmareStrike","floor":4},{"not_picked":["hexamod:PhantomCloak","hexamod:PowerFromBeyond"],"picked":"hexamod:FirstSeal","floor":6},{"not_picked":["hexamod:FlamesFromBeyond","hexamod:ShieldOfDarkness"],"picked":"hexamod:UnleashSpirits","floor":9},{"not_picked":["hexamod:ThermalTransfer","hexamod:HauntingEcho"],"picked":"hexamod:GhostLash","floor":11},{"not_picked":["hexamod:ChargedBarrage","hexamod:HeatMetal"],"picked":"hexamod:FlamesFromBeyond","floor":12},{"not_picked":["hexamod:SwordOfDarkness","hexamod:InspiringFlames"],"picked":"hexamod:FlamesFromBeyond","floor":13},{"not_picked":["hexamod:ThermalTransfer","hexamod:FlamesFromBeyond","hexamod:SwordOfDarkness"],"picked":"Singing Bowl","floor":14},{"not_picked":["hexamod:SwordOfDarkness","hexamod:PhantomCloak"],"picked":"hexamod:ThirdSeal","floor":15},{"not_picked":["hexamod:WildfireWeapon","hexamod:UnlimitedPower"],"picked":"hexamod:HexaLevel","floor":16},{"not_picked":["hexamod:GhostflameInferno","hexamod:UnleashSpirits"],"picked":"hexamod:TimeOfNeed","floor":16},{"not_picked":["hexamod:RetreatToShadows","hexamod:Again+1"],"picked":"hexamod:SpectersWail","floor":19},{"not_picked":["hexamod:BurningTouch","hexamod:GhostflameBarrier","hexamod:StepThrough"],"picked":"Singing Bowl","floor":20},{"not_picked":["hexamod:SwordOfDarkness","hexamod:SpectersWail","hexamod:SkipABeat"],"picked":"Singing Bowl","floor":20},{"not_picked":["hexamod:SpectralAdrenaline+1","hexamod:Rewind+1","hexamod:RadiantFlame"],"picked":"Singing Bowl","floor":21},{"not_picked":["hexamod:SwordOfDarkness","hexamod:ThermalTransfer"],"picked":"hexamod:SixthSeal","floor":21},{"not_picked":["hexamod:HeatMetal","hexamod:NightmareGuise","hexamod:HauntingEcho"],"picked":"Singing Bowl","floor":22},{"not_picked":["hexamod:SpectersWail","hexamod:HauntingEcho"],"picked":"hexamod:EmpoweredFlame","floor":25},{"not_picked":["hexamod:AdvancingGuard","hexamod:ThermalTransfer"],"picked":"hexamod:EtherealExpedition","floor":27},{"not_picked":["hexamod:SoulSteal","hexamod:EtherealExpedition","hexamod:Firestarter"],"picked":"Singing Bowl","floor":28},{"not_picked":["hexamod:ExtraCrispy","hexamod:SpectersWail"],"picked":"hexamod:HeatShield","floor":29},{"not_picked":["hexamod:InspiringFlames","hexamod:GhostLash","hexamod:ExtraCrispy"],"picked":"Singing Bowl","floor":29}],"player_experience":274351,"relics_obtained":[{"floor":7,"key":"Singing Bowl"},{"floor":12,"key":"Peace Pipe"},{"floor":24,"key":"Pear"}],"event_choices":[],"is_beta":false,"boss_relics":[{"not_picked":["SlaversCollar","Busted Crown"],"picked":"Empty Cage"}],"items_purged_floors":[11,21],"is_endless":false,"potions_floor_spawned":[2,12,14,15,16,20,22,29],"killed_by":"Slavers","ascension_level":1}}