{"host":"1focbxb2e8qu7ccd","time":1612627590,"event":{"mods":["AchievementEnabler","BaseMod","Bestiary","Highlight Path","Minty Spire (QoL Compilation)","Relic Stats"],"gold_per_floor":[117,130,280,14,89,89,114,114,141,173,191,191,203,220,220,295,295,308,308,158,358,372,400,400,428,428,441,8,38,38,49,49,120,120,135,160,214,229,229,262,273,273,273,304,319,319,319,336,336,336,336,336,336,66,92,92],"floor_reached":57,"language":"ENG","playtime":4820,"items_purged":["Doubt","Finisher","Strike_G","Defend_G"],"score":3156,"play_id":"4ac3f180-80d1-425f-bd82-727dccbf7319","local_time":"20210206110630","is_ascension_mode":true,"campfire_choices":[{"data":"Dash","floor":6.0,"key":"SMITH"},{"data":"Catalyst","floor":8.0,"key":"SMITH"},{"data":"Footwork","floor":15.0,"key":"SMITH"},{"data":"After Image","floor":24,"key":"SMITH"},{"data":"Noxious Fumes","floor":30,"key":"SMITH"},{"data":"Neutralize","floor":32,"key":"SMITH"},{"floor":42,"key":"RECALL"},{"floor":49,"key":"REST"},{"floor":53,"key":"REST"}],"circlet_count":0,"master_deck":["AscendersBane","Defend_G","Defend_G","Defend_G","Defend_G","Survivor","Neutralize+1","Catalyst+1","Sucker Punch","Bouncing Flask+1","Acrobatics+1","Footwork+1","After Image+1","Dash","Leg Sweep+1","PiercingWail+1","Malaise+1","Prepared+1","Glass Knife","Noxious Fumes+1","PiercingWail+1","Deadly Poison+1","Outmaneuver+1","Deflect+1","Deflect+1","Concentrate+1","Outmaneuver+1","Burst+1","Catalyst+1","Crippling Poison+1","PiercingWail+1","Setup+1","Wraith Form v2+1","Prepared+1","Backflip+1","Wraith Form v2+1"],"relics":["Ring of the Snake","TwistedFunnel","Toxic Egg 2","Snake Skull","Smiling Mask","Runic Pyramid","Mummified Hand","Blood Vial","Molten Egg 2","Paper Crane","Juzu Bracelet","Fusion Hammer","TungstenRod","Turnip","Mercury Hourglass","DollysMirror","Pantograph"],"acts_visited":["TheCity","TheBeyond","TheEnding"],"potions_floor_usage":[44,56],"damage_taken":[{"damage":5.0,"enemies":"Small Slimes","floor":1.0,"turns":4.0},{"damage":0.0,"enemies":"Jaw Worm","floor":2.0,"turns":4.0},{"damage":8.0,"enemies":"Gremlin Nob","floor":7.0,"turns":3.0},{"damage":0.0,"enemies":"Lagavulin","floor":10.0,"turns":2.0},{"damage":0.0,"enemies":"Cultist","floor":11.0,"turns":3.0},{"damage":0.0,"enemies":"3 Louse","floor":13.0,"turns":2.0},{"damage":0.0,"enemies":"Gremlin Gang","floor":14.0,"turns":3.0},{"damage":2.0,"enemies":"Hexaghost","floor":16.0,"turns":9.0},{"damage":0.0,"enemies":"Chosen","floor":18.0,"turns":4.0},{"damage":0.0,"enemies":"Spheric Guardian","floor":22.0,"turns":3.0},{"damage":1,"enemies":"Gremlin Leader","floor":23,"turns":6},{"damage":0,"enemies":"Book of Stabbing","floor":25,"turns":5},{"damage":0,"enemies":"Chosen and Byrds","floor":27,"turns":4},{"damage":19,"enemies":"Slavers","floor":29,"turns":6},{"damage":0,"enemies":"3 Cultists","floor":31,"turns":4},{"damage":0,"enemies":"Collector","floor":33,"turns":7},{"damage":0,"enemies":"3 Shapes","floor":35,"turns":3},{"damage":0,"enemies":"Mind Bloom Boss Battle","floor":36,"turns":4},{"damage":0,"enemies":"2 Orb Walkers","floor":37,"turns":6},{"damage":0,"enemies":"Orb Walker","floor":38,"turns":3},{"damage":0,"enemies":"Nemesis","floor":40,"turns":3},{"damage":0,"enemies":"Sphere and 2 Shapes","floor":41,"turns":4},{"damage":10,"enemies":"Reptomancer","floor":44,"turns":6},{"damage":0,"enemies":"Writhing Mass","floor":45,"turns":5},{"damage":2,"enemies":"Jaw Worm Horde","floor":48,"turns":3},{"damage":20,"enemies":"Time Eater","floor":50,"turns":6},{"damage":0,"enemies":"Awakened One","floor":51,"turns":9},{"damage":0,"enemies":"Shield and Spear","floor":55,"turns":7},{"damage":1,"enemies":"The Heart","floor":56,"turns":7}],"seed_played":"2693586682104306049","potions_obtained":[{"floor":1.0,"key":"FearPotion"},{"floor":2.0,"key":"Fire Potion"},{"floor":7.0,"key":"Strength Potion"},{"floor":23,"key":"EssenceOfSteel"},{"floor":33,"key":"Dexterity Potion"},{"floor":38,"key":"Block Potion"},{"floor":40,"key":"GamblersBrew"},{"floor":44,"key":"PowerPotion"}],"is_trial":false,"path_per_floor":["M","M","?","$","?","R","E","R","T","E","M","?","M","M","R","B",null,"M","?","$","?","M","E","R","E","T","M","$","E","R","M","R","B",null,"M","?","?","M","?","E","M","R","T","E","M","?","?","M","R","B","B",null,"R","$","E","B",null],"character_chosen":"THE_SILENT","items_purchased":["TwistedFunnel","Sucker Punch","Noxious Fumes","PiercingWail+1","Paper Crane","Deflect+1","Concentrate+1","DollysMirror","Swift Potion"],"campfire_rested":2,"item_purchase_floors":[4,4,20,20,28,28,28,54,54],"current_hp_per_floor":[54,54,54,54,43,43,35,35,35,35,35,35,35,35,35,33,58,58,58,58,58,58,57,57,57,57,59,59,42,42,44,44,46,61,63,65,66,66,66,66,66,66,66,56,58,58,58,58,66,46,48,62,66,66,66,65],"gold":92,"neow_bonus":"TRANSFORM_CARD","is_daily":false,"chose_seed":false,"campfire_upgraded":6,"win_rate":0.0,"timestamp":1612627590,"path_taken":["M","M","?","$","?","R","E","R","T","E","M","?","?","M","R","BOSS","M","?","$","?","?","E","R","E","T","M","$","E","R","M","R","BOSS","M","?","?","M","?","E","M","R","T","E","M","?","?","M","R","BOSS","BOSS","R","$","E","BOSS"],"items_purchased_type":["Relic","Card","Card","Card","Relic","Card","Card","Relic","Potion"],"build_version":"2020-12-22","purchased_purges":4,"victory":true,"max_hp_per_floor":[66,66,66,66,66,66,66,66,66,66,66,66,66,66,66,66,66,66,66,66,66,66,66,66,66,66,66,66,66,66,66,66,66,66,66,66,66,66,66,66,66,66,66,66,66,66,66,66,66,66,66,66,66,66,66,66],"relic_stats":{"Blood Vial":19,"counters":[27,127],"Mummified Hand":[61],"Pantograph":0,"Snake Skull":[297],"Turnip":[9],"Juzu Bracelet":1,"Smiling Mask":225,"obtain_stats":[{"TwistedFunnel":4,"Snake Skull":9,"Juzu Bracelet":29,"Paper Crane":28,"Smiling Mask":10,"Mercury Hourglass":44,"Blood Vial":25,"Mummified Hand":23,"DollysMirror":54,"Pantograph":55,"Molten Egg 2":26,"Fusion Hammer":34,"Turnip":40,"Toxic Egg 2":7,"TungstenRod":36,"Ring of the Snake":0,"Runic Pyramid":17},{"TwistedFunnel":0,"Snake Skull":1,"Juzu Bracelet":12,"Paper Crane":11,"Smiling Mask":2,"Mercury Hourglass":21,"Blood Vial":10,"Mummified Hand":9,"DollysMirror":25,"Pantograph":26,"Molten Egg 2":10,"Fusion Hammer":14,"Turnip":19,"Toxic Egg 2":1,"TungstenRod":16,"Ring of the Snake":0,"Runic Pyramid":6},{"TwistedFunnel":0,"Snake Skull":3,"Juzu Bracelet":50,"Paper Crane":44,"Smiling Mask":5,"Mercury Hourglass":90,"Blood Vial":40,"Mummified Hand":35,"DollysMirror":113,"Pantograph":120,"Molten Egg 2":40,"Fusion Hammer":61,"Turnip":80,"Toxic Egg 2":3,"TungstenRod":68,"Ring of the Snake":0,"Runic Pyramid":22}],"TungstenRod":36,"Ring of the Snake":[54],"Mercury Hourglass":[104]},"card_choices":[{"not_picked":["Finisher","Backstab"],"picked":"Dash","floor":1.0},{"not_picked":["Tactician","Backflip","Dodge and Roll"],"picked":"SKIP","floor":2.0},{"not_picked":["Prepared+1","Blade Dance+1"],"picked":"Bouncing Flask+1","floor":7.0},{"not_picked":["Dagger Throw","Underhanded Strike"],"picked":"Acrobatics+1","floor":10.0},{"not_picked":["Poisoned Stab","Cloak And Dagger+1"],"picked":"Footwork","floor":11.0},{"not_picked":["Outmaneuver+1","Blur+1"],"picked":"Leg Sweep+1","floor":13.0},{"not_picked":["Quick Slash","Dodge and Roll+1"],"picked":"PiercingWail+1","floor":14.0},{"not_picked":["Die Die Die","After Image"],"picked":"Malaise+1","floor":16.0},{"not_picked":["Dagger Throw","Backstab"],"picked":"Prepared+1","floor":18.0},{"not_picked":["Poisoned Stab","Dagger Throw"],"picked":"Deadly Poison+1","floor":22.0},{"not_picked":["Quick Slash+1","Blur+1"],"picked":"Outmaneuver+1","floor":23},{"not_picked":["Sucker Punch","Slice"],"picked":"Deflect+1","floor":25},{"not_picked":["Reflex+1","Predator+1","Dagger Throw+1"],"picked":"SKIP","floor":27},{"not_picked":["Dagger Throw+1","Envenom","Dagger Spray+1"],"picked":"SKIP","floor":29},{"not_picked":["Backflip+1","PiercingWail+1"],"picked":"Outmaneuver+1","floor":31},{"not_picked":["Malaise+1","Unload+1"],"picked":"Burst+1","floor":33},{"not_picked":["Noxious Fumes","Flying Knee+1"],"picked":"Catalyst+1","floor":35},{"not_picked":["Underhanded Strike+1","Flying Knee+1"],"picked":"Crippling Poison+1","floor":36},{"not_picked":["Expertise+1","Predator+1"],"picked":"PiercingWail+1","floor":37},{"not_picked":["Heel Hook+1","Dagger Spray+1","Accuracy"],"picked":"SKIP","floor":38},{"not_picked":["Riddle With Holes+1","Cloak And Dagger+1","Dagger Throw+1"],"picked":"SKIP","floor":40},{"not_picked":["Catalyst+1","Cloak And Dagger+1","Terror+1"],"picked":"SKIP","floor":41},{"not_picked":["Terror+1","Flying Knee+1"],"picked":"Wraith Form v2","floor":44},{"not_picked":["Flying Knee+1","Dagger Throw+1"],"picked":"Prepared+1","floor":45},{"not_picked":["Skewer+1","Riddle With Holes+1"],"picked":"Backflip+1","floor":48},{"not_picked":["Endless Agony+1","Setup+1","Flying Knee+1"],"picked":"SKIP","floor":55},{"not_picked":["Endless Agony+1","Setup+1","Flying Knee+1"],"picked":"SKIP","floor":55}],"player_experience":885598,"relics_obtained":[{"floor":7.0,"key":"Toxic Egg 2"},{"floor":9.0,"key":"Snake Skull"},{"floor":10.0,"key":"Smiling Mask"},{"floor":23,"key":"Mummified Hand"},{"floor":25,"key":"Blood Vial"},{"floor":26,"key":"Molten Egg 2"},{"floor":29,"key":"Juzu Bracelet"},{"floor":36,"key":"TungstenRod"},{"floor":40,"key":"Turnip"},{"floor":44,"key":"Mercury Hourglass"},{"floor":55,"key":"Pantograph"}],"event_choices":[{"damage_healed":0.0,"max_hp_gain":0.0,"max_hp_loss":0.0,"gold_gain":150.0,"event_name":"Liars Game","player_choice":"AGREE","floor":3.0,"gold_loss":0.0,"damage_taken":0.0,"cards_obtained":["Doubt"]},{"damage_healed":0.0,"max_hp_gain":0.0,"max_hp_loss":0.0,"gold_gain":75.0,"event_name":"World of Goop","player_choice":"Gather Gold","floor":5.0,"gold_loss":0.0,"damage_taken":11.0},{"damage_healed":0.0,"max_hp_gain":0.0,"max_hp_loss":0.0,"gold_gain":0.0,"event_name":"Match and Keep!","player_choice":"2 cards matched","floor":12.0,"gold_loss":0.0,"damage_taken":0.0,"cards_obtained":["After Image","Dash"]},{"damage_healed":0.0,"max_hp_gain":0.0,"max_hp_loss":0.0,"gold_gain":0.0,"cards_transformed":["Strike_G","Strike_G"],"event_name":"Drug Dealer","player_choice":"Became Test Subject","floor":19.0,"gold_loss":0.0,"damage_taken":0.0,"cards_obtained":["Finisher","Glass Knife"]},{"damage_healed":0.0,"max_hp_gain":0.0,"max_hp_loss":0.0,"gold_gain":200.0,"event_name":"Wheel of Change","player_choice":"Gold","floor":21.0,"gold_loss":0.0,"damage_taken":0.0},{"damage_healed":0,"gold_gain":0,"player_choice":"Fight","damage_taken":0,"max_hp_gain":0,"max_hp_loss":0,"event_name":"MindBloom","floor":36,"gold_loss":0},{"damage_healed":0,"gold_gain":0,"player_choice":"Fight","damage_taken":0,"max_hp_gain":0,"max_hp_loss":0,"event_name":"Mysterious Sphere","floor":37,"gold_loss":0},{"damage_healed":0,"gold_gain":0,"cards_transformed":["Strike_G"],"player_choice":"Transformed","damage_taken":0,"max_hp_gain":0,"max_hp_loss":0,"event_name":"Transmorgrifier","floor":39,"gold_loss":0,"cards_obtained":["Setup"]},{"cards_removed":["Dash"],"damage_healed":0,"gold_gain":0,"player_choice":"Removed Attack","damage_taken":0,"max_hp_gain":0,"max_hp_loss":0,"event_name":"Falling","floor":46,"gold_loss":0},{"damage_healed":0,"gold_gain":0,"player_choice":"Forge","damage_taken":0,"max_hp_gain":0,"max_hp_loss":0,"event_name":"Accursed Blacksmith","floor":47,"gold_loss":0,"cards_upgraded":["Wraith Form v2"]}],"is_beta":false,"boss_relics":[{"not_picked":["Sozu","WristBlade"],"picked":"Runic Pyramid"},{"not_picked":["Astrolabe","Runic Dome"],"picked":"Fusion Hammer"}],"items_purged_floors":[4,20,28,54],"is_endless":false,"potions_floor_spawned":[1,2,7,16,23,25,29,33,36,38,40,41,44,48],"ascension_level":20}}