{"host":"0cm5wy4nhuju7tij","time":1612587304,"event":{"mods":["100% Spire Juice","2.2 Compatiblity","AchievementEnabler","Aspiration","BaseMod","Better Third Choice","BetterRewards","CCEM2","CapriCore","Colored Powertips","Curses Come First","Displayed Cursed Tome","Downfall","Energized Spire","Evolution","Filter the Spire","Highlight Path","Jess\u0027s Bottle","Minty Spire (QoL Compilation)","Permanent Neow","Poor People Problems","Relic Filter Mod","Relic Stats","Shop Mod","Spicy Shops","StSLib","The Cursed","TheSurvivalist","Weighted Paths"],"gold_per_floor":[119,138,157,14,14,14,31,65,65,65,65,103,103,140,140,244,244,267,287,315,338,360,402,424,424,424],"floor_reached":25,"language":"ENG","playtime":1927,"items_purged":[],"score":448,"play_id":"b9aec796-dafa-4a6d-9071-ee3a58d4074c","local_time":"20210205235504","is_ascension_mode":true,"campfire_choices":[{"data":"TheCursedMod:HellfireBreathing","floor":6.0,"key":"SMITH"},{"data":"TheCursedMod:HellfireBreathing","floor":10.0,"key":"SMITH"},{"data":"TheCursedMod:HellfireBreathing","floor":13.0,"key":"SMITH"},{"data":"TheCursedMod:ParallelWorld","floor":15.0,"key":"SMITH"}],"circlet_count":0,"master_deck":["TheCursedMod:CleanUpWorkshop","TheCursedMod:CursedAmulet","TheCursedMod:HellfireBreathing+1","TheCursedMod:HellfireBreathing+1","TheCursedMod:SpitefulPlan","TheCursedMod:LuckyCharm","TheCursedMod:CursedSpellbook","TheCursedMod:NeowsMight","TheCursedMod:ParallelWorld+1","TheCursedMod:CircleOfAmplification","TheCursedMod:Stigma","TheCursedMod:CursedBoomerang","TheCursedMod:VitalStrike","TheCursedMod:CircleOfBlood","TheCursedMod:TroublousMinions","TheCursedMod:HellfireBreathing+1","TheCursedMod:HellfireBreathing","TheCursedMod:CursedShiv","TheCursedMod:CircleOfCorruption","TheCursedMod:AntiAging","TheCursedMod:Stigma+1","TheCursedMod:SurpriseAttack","TheCursedMod:ReleasedStrength+1","TheCursedMod:Torture+1","TheCursedMod:CursedMace","TheCursedMod:FleshFromBone","TheCursedMod:CursedBoomerang"],"relics":["TheCursedMod:BlackMagicAdvanced","EVO:Axolotl","CCEMRelics:FryingPan","CeramicFish","Blood Vial","Anchor","CCEMRelics:DarkMatter","Strawberry"],"acts_visited":["Exordium","TheCity"],"potions_floor_usage":[],"damage_taken":[{"damage":4.0,"enemies":"Jaw Worm","floor":1.0,"turns":2.0},{"damage":0.0,"enemies":"Cultist","floor":2.0,"turns":2.0},{"damage":12.0,"enemies":"Small Slimes","floor":3.0,"turns":2.0},{"damage":0.0,"enemies":"Blue Slaver","floor":7.0,"turns":2.0},{"damage":16.0,"enemies":"3 Sentries","floor":8.0,"turns":5.0},{"damage":0.0,"enemies":"Gremlin Nob","floor":12.0,"turns":3.0},{"damage":0.0,"enemies":"Lagavulin","floor":14.0,"turns":5.0},{"damage":39.0,"enemies":"The Guardian","floor":16.0,"turns":6.0},{"damage":0.0,"enemies":"Spheric Guardian","floor":18.0,"turns":3.0},{"damage":24.0,"enemies":"2 Thieves","floor":19.0,"turns":4.0},{"damage":36.0,"enemies":"Shelled Parasite and Fungi","floor":20.0,"turns":4.0},{"damage":11.0,"enemies":"Snake Plant","floor":21.0,"turns":2.0},{"damage":11.0,"enemies":"Centurion and Healer","floor":22.0,"turns":3.0},{"damage":35.0,"enemies":"Book of Stabbing","floor":23.0,"turns":4.0},{"damage":8,"enemies":"Snecko","floor":24,"turns":4},{"damage":42,"enemies":"Gremlin Leader","floor":25,"turns":3}],"seed_played":"1192358505267672292","potions_obtained":[{"floor":2.0,"key":"Regen Potion"},{"floor":7.0,"key":"SpeedPotion"},{"floor":12.0,"key":"Dexterity Potion"},{"floor":20.0,"key":"Energy Potion"}],"is_trial":false,"path_per_floor":["M","M","M","$","?","R","M","E","T","R","T","E","R","E","R","B",null,"M","M","M","M","M","E","M","E"],"character_chosen":"THE_CURSED","items_purchased":["TheCursedMod:TroublousMinions","FairyPotion"],"campfire_rested":0,"item_purchase_floors":[4,4],"current_hp_per_floor":[64,64,52,52,60,60,60,44,44,44,44,44,44,48,48,27,63,69,51,33,26,21,33,31,0,0],"gold":424,"neow_bonus":"THREE_CARDS","is_daily":false,"chose_seed":false,"campfire_upgraded":4,"win_rate":0.0,"timestamp":1612587304,"path_taken":["M","M","M","$","?","R","?","E","T","R","?","E","R","E","R","BOSS","M","M","M","M","M","E","M","E"],"items_purchased_type":["Card","Potion"],"build_version":"2020-12-22","purchased_purges":0,"victory":false,"max_hp_per_floor":[75,75,75,75,75,75,75,75,75,75,75,75,75,75,75,75,75,77,79,83,85,87,96,98,98,98],"relic_stats":{"Blood Vial":20,"counters":[16,51],"CeramicFish":90,"obtain_stats":[{"Blood Vial":12,"Anchor":14,"CCEMRelics:DarkMatter":17,"TheCursedMod:BlackMagicAdvanced":0,"CeramicFish":11,"Strawberry":23,"CCEMRelics:FryingPan":8,"EVO:Axolotl":0},{"Blood Vial":6,"Anchor":7,"CCEMRelics:DarkMatter":8,"TheCursedMod:BlackMagicAdvanced":0,"CeramicFish":5,"Strawberry":14,"CCEMRelics:FryingPan":5,"EVO:Axolotl":0},{"Blood Vial":15,"Anchor":19,"CCEMRelics:DarkMatter":24,"TheCursedMod:BlackMagicAdvanced":0,"CeramicFish":12,"Strawberry":44,"CCEMRelics:FryingPan":12,"EVO:Axolotl":0}]},"card_choices":[{"not_picked":["TheCursedMod:SmokeScreen","TheCursedMod:EmpowerCircles"],"picked":"TheCursedMod:Stigma","floor":0.0},{"not_picked":["TheCursedMod:RapidMovement","TheCursedMod:SmokeScreen"],"picked":"TheCursedMod:CursedBoomerang","floor":1.0},{"not_picked":["TheCursedMod:CircleOfFocus","TheCursedMod:Torture"],"picked":"TheCursedMod:VitalStrike","floor":2.0},{"not_picked":["TheCursedMod:CursedAmulet","TheCursedMod:SurpriseAttack"],"picked":"TheCursedMod:CircleOfBlood","floor":3.0},{"not_picked":["TheCursedMod:Stigma","TheCursedMod:Stretching"],"picked":"TheCursedMod:HellfireBreathing","floor":7.0},{"not_picked":["TheCursedMod:CircleOfFlame","TheCursedMod:Stigma"],"picked":"TheCursedMod:HellfireBreathing","floor":8.0},{"not_picked":["TheCursedMod:SpitefulPlan","TheCursedMod:UltimatePain"],"picked":"TheCursedMod:CursedShiv","floor":12.0},{"not_picked":["TheCursedMod:TacticalStrike","TheCursedMod:CursedAmulet"],"picked":"TheCursedMod:CircleOfCorruption","floor":14.0},{"not_picked":["TheCursedMod:ShockAndAwe","TheCursedMod:CursedRelics"],"picked":"TheCursedMod:AntiAging","floor":16.0},{"not_picked":["TheCursedMod:TacticalStrike","TheCursedMod:Wield"],"picked":"TheCursedMod:Stigma+1","floor":18.0},{"not_picked":["TheCursedMod:PrepareRite+1","TheCursedMod:ManaBullet"],"picked":"TheCursedMod:SurpriseAttack","floor":19.0},{"not_picked":["TheCursedMod:CircleOfBlood","TheCursedMod:HellfireBreathing"],"picked":"TheCursedMod:ReleasedStrength+1","floor":20.0},{"not_picked":["TheCursedMod:CursedBoomerang+1","TheCursedMod:CircleOfWindfury"],"picked":"TheCursedMod:Torture+1","floor":21.0},{"not_picked":["TheCursedMod:CursedShiv","TheCursedMod:CircleOfWindfury"],"picked":"TheCursedMod:CursedMace","floor":22.0},{"not_picked":["TheCursedMod:CursedMace","TheCursedMod:TacticalStrike"],"picked":"TheCursedMod:FleshFromBone","floor":23},{"not_picked":["TheCursedMod:CursedBlade","TheCursedMod:CursedAmulet"],"picked":"TheCursedMod:CursedBoomerang","floor":24}],"player_experience":262768,"relics_obtained":[{"floor":8.0,"key":"CCEMRelics:FryingPan"},{"floor":11.0,"key":"CeramicFish"},{"floor":12.0,"key":"Blood Vial"},{"floor":14.0,"key":"Anchor"},{"floor":23,"key":"Strawberry"}],"event_choices":[],"is_beta":false,"boss_relics":[{"not_picked":["Empty Cage","SacredBark"],"picked":"CCEMRelics:DarkMatter"}],"items_purged_floors":[],"is_endless":false,"potions_floor_spawned":[2,7,12,20,24],"killed_by":"Gremlin Leader","ascension_level":7}}