{"host":"ov7kp8bjf83ind03","time":1612602351,"event":{"mods":["AchievementEnabler","BaseMod","Better Note","Colored Map","Colored Powertips","Downfall","Minty Spire (QoL Compilation)","Permanent Neow","Rare Cards Sparkle","Relic Sorter","Relic Stats","StSLib","everything is the same but u backflip on backflip"],"gold_per_floor":[99,114,114,125,125,25,25,25,10,40,56,56,88,88,106,203,203,203,222,222,233,51,86,86,98,114,130,148,148,174,188,198,198,198,198],"floor_reached":33,"language":"ENG","playtime":2564,"items_purged":["Guardian:Strike_Guardian"],"score":299,"play_id":"85ec0b4d-dded-4f34-b499-75ebb3252f7a","local_time":"20210206040551","is_ascension_mode":false,"campfire_choices":[{"floor":1,"key":"RECALL"},{"data":"Guardian:TwinSlam","floor":6,"key":"SMITH"},{"data":"Guardian:CurlUp","floor":12,"key":"SMITH"},{"data":"Guardian:BronzeArmor","floor":18,"key":"SMITH"}],"circlet_count":0,"master_deck":["Guardian:Strike_Guardian+1","Guardian:Strike_Guardian","Guardian:Defend_Guardian","Guardian:Defend_Guardian","Guardian:CurlUp+1","Guardian:TwinSlam+1","Guardian:Reroute+1","Guardian:DonusPower+1","Guardian:VentSteam","Guardian:BronzeArmor+1","Guardian:RevengeProtocol","Guardian:WalkerClaw","Guardian:TemporalShield","expansioncontent:HyperBeam","Guardian:DecasProtection","Guardian:Orbwalk+1","Guardian:PiercingHide+1","Guardian:Gem_Green","CurseOfTheBell","CurseOfTheBell","Guardian:Gem_Cyan","Guardian:Gem_White"],"relics":["Guardian:ModeShifter","downfall:HeartBlessingRed","Question Card","Meat on the Bone","Bird Faced Urn","Bottled Flame","Snecko Eye","Art of War","Kunai","downfall:ExtraCursedBell","Juzu Bracelet","Molten Egg 2","Ginger","Mummified Hand"],"acts_visited":["Exordium","TheCity"],"potions_floor_usage":[16,23,27,33],"damage_taken":[{"damage":1,"enemies":"2 Louse","floor":2,"turns":4},{"damage":6,"enemies":"Cultist","floor":4,"turns":3},{"damage":5,"enemies":"downfall:FleeingMerchant","floor":9,"turns":4},{"damage":14,"enemies":"Gremlin Nob","floor":10,"turns":4},{"damage":5,"enemies":"Small Slimes","floor":11,"turns":2},{"damage":8,"enemies":"3 Sentries","floor":13,"turns":6},{"damage":0,"enemies":"Exordium Wildlife","floor":15,"turns":3},{"damage":18,"enemies":"DF_ARCHETYPE_STREAMLINE","floor":16,"turns":7},{"damage":0,"enemies":"Shell Parasite","floor":19,"turns":3},{"damage":0,"enemies":"Centurion and Healer","floor":21,"turns":3},{"damage":5,"enemies":"downfall:FleeingMerchant","floor":22,"turns":4},{"damage":18,"enemies":"Slavers","floor":23,"turns":4},{"damage":0,"enemies":"Sentry and Sphere","floor":25,"turns":3},{"damage":6,"enemies":"Snake Plant","floor":26,"turns":2},{"damage":10,"enemies":"Shelled Parasite and Fungi","floor":27,"turns":4},{"damage":0,"enemies":"Snecko","floor":28,"turns":3},{"damage":23,"enemies":"Gremlin Leader","floor":30,"turns":4},{"damage":3,"enemies":"Snake Plant","floor":31,"turns":2},{"damage":0,"enemies":"Sentry and Sphere","floor":32,"turns":3},{"damage":51,"enemies":"SI_MIRROR_ARCHETYPE","floor":33,"turns":8}],"seed_played":"-7153098489527487442","potions_obtained":[{"floor":2,"key":"DistilledChaos"},{"floor":13,"key":"Ancient Potion"},{"floor":16,"key":"BlessingOfTheForge"},{"floor":19,"key":"PowerPotion"},{"floor":21,"key":"LiquidBronze"},{"floor":23,"key":"Guardian:BlockOnCardUsePotion"},{"floor":25,"key":"sneckomod:MuddlingPotion"}],"is_trial":false,"path_per_floor":["R","M","?","M","?","R","T","T","$","E","M","R","E","?","M","B",null,"R","M","?","M","$","E","T","M","M","M","M","?","E","M","M","B"],"character_chosen":"GUARDIAN","items_purchased":["expansioncontent:HyperBeam"],"campfire_rested":0,"item_purchase_floors":[22],"current_hp_per_floor":[72,71,71,65,65,65,65,65,60,46,41,41,45,45,45,39,72,72,72,72,72,67,53,53,55,53,45,47,47,40,39,45,0,0,0],"gold":198,"neow_bonus":"REMOVE_TWO","is_daily":false,"chose_seed":false,"campfire_upgraded":3,"win_rate":0.0,"timestamp":1612602351,"path_taken":["R","M","?","?","?","R","T","?","?","E","M","R","E","?","M","BOSS","R","M","?","M","?","E","T","M","?","M","M","?","E","M","M","BOSS"],"items_purchased_type":["Card"],"build_version":"2020-12-22","purchased_purges":1,"victory":false,"max_hp_per_floor":[72,72,72,72,72,72,72,72,72,72,72,72,72,72,72,72,72,72,72,72,72,72,72,72,72,72,72,72,72,72,72,72,72,72,72],"relic_stats":{"counters":[20,76],"Mummified Hand":[11],"Bird Faced Urn":[32],"Snecko Eye":[77,83,61,72],"Art of War":[3],"Juzu Bracelet":0,"Kunai":[12],"Ginger":[8],"Question Card":17,"obtain_stats":[{"downfall:HeartBlessingRed":6,"Guardian:ModeShifter":0,"Juzu Bracelet":29,"Ginger":29,"Question Card":7,"Bottled Flame":13,"Mummified Hand":30,"Bird Faced Urn":10,"Snecko Eye":17,"Molten Egg 2":29,"Art of War":23,"Kunai":24,"downfall:ExtraCursedBell":29,"Meat on the Bone":8},{"downfall:HeartBlessingRed":2,"Guardian:ModeShifter":0,"Juzu Bracelet":16,"Ginger":16,"Question Card":2,"Bottled Flame":6,"Mummified Hand":17,"Bird Faced Urn":4,"Snecko Eye":8,"Molten Egg 2":16,"Art of War":12,"Kunai":12,"downfall:ExtraCursedBell":16,"Meat on the Bone":2},{"downfall:HeartBlessingRed":7,"Guardian:ModeShifter":0,"Juzu Bracelet":59,"Ginger":59,"Question Card":7,"Bottled Flame":23,"Mummified Hand":63,"Bird Faced Urn":15,"Snecko Eye":33,"Molten Egg 2":59,"Art of War":47,"Kunai":47,"downfall:ExtraCursedBell":59,"Meat on the Bone":7}],"Meat on the Bone":36},"card_choices":[{"not_picked":["Guardian:Emergency","Guardian:TimeBomb"],"picked":"Guardian:Gem_Red","floor":2},{"not_picked":["Guardian:Gem_Red","Guardian:CrystalBeam"],"picked":"Guardian:DonusPower","floor":4},{"not_picked":["Guardian:TimeCapacitor","Guardian:StasisField","Guardian:Suspension"],"picked":"Guardian:Gem_Fragmented","floor":9},{"not_picked":["Guardian:FloatingOrbs","Guardian:Gem_Lightblue","Guardian:RollAttack"],"picked":"Guardian:VentSteam","floor":10},{"not_picked":["Guardian:Suspension","Guardian:Repulse","Guardian:FierceBash"],"picked":"Guardian:BronzeArmor","floor":11},{"not_picked":["Guardian:ExploitGems","Guardian:ShieldCharger","Guardian:TimeBomb"],"picked":"Guardian:Gem_Fragmented","floor":13},{"not_picked":["Guardian:PrimingBeam","Guardian:Suspension","Guardian:VentSteam"],"picked":"Guardian:Gem_Green","floor":15},{"not_picked":["Guardian:SphericShield","Guardian:FastForward","Guardian:StasisStrike"],"picked":"Guardian:RevengeProtocol","floor":16},{"not_picked":["Guardian:VentSteam","Guardian:PrismaticBeam","Guardian:RefractedBeam"],"picked":"Guardian:WalkerClaw","floor":19},{"not_picked":["Guardian:ShieldCharger","Guardian:ChargeCore","Guardian:VentSteam","Guardian:TemporalStrike+1"],"picked":"SKIP","floor":21},{"not_picked":["Guardian:CrystalBeam+1","Guardian:Reroute","Guardian:Recover"],"picked":"Guardian:TemporalShield","floor":22},{"not_picked":["Guardian:Incinerate","Guardian:StasisField","Guardian:Planning"],"picked":"Guardian:DecasProtection","floor":23},{"not_picked":["Guardian:PiercingHide","Guardian:VentSteam","Guardian:TimeCapacitor"],"picked":"Guardian:Orbwalk+1","floor":25},{"not_picked":["Guardian:Reroute","Guardian:Gem_Lightblue","Guardian:ArmoredProtocol"],"picked":"Guardian:PiercingHide+1","floor":26},{"not_picked":["Guardian:ExploitGems","Guardian:TemporalShield+1","Guardian:PrismaticBeam","Guardian:Reroute"],"picked":"SKIP","floor":27},{"not_picked":["Guardian:PrimingBeam+1","Guardian:Gem_Cyan","Guardian:Repulse"],"picked":"Guardian:Gem_Green","floor":28},{"not_picked":["Guardian:Gem_Green","Guardian:Planning","Guardian:Gem_Blue"],"picked":"Guardian:Gem_Cyan","floor":30},{"not_picked":["Guardian:Gem_Green","Guardian:VentSteam","Guardian:FloatingOrbs","Guardian:Planning"],"picked":"SKIP","floor":31},{"not_picked":["Guardian:Gem_Lightblue","Guardian:RollAttack+1","Guardian:TemporalStrike+1"],"picked":"Guardian:Gem_White","floor":32}],"player_experience":195499,"relics_obtained":[{"floor":7,"key":"Question Card"},{"floor":8,"key":"Meat on the Bone"},{"floor":10,"key":"Bird Faced Urn"},{"floor":13,"key":"Bottled Flame"},{"floor":23,"key":"Art of War"},{"floor":24,"key":"Kunai"},{"floor":29,"key":"Juzu Bracelet"},{"floor":29,"key":"Molten Egg 2"},{"floor":29,"key":"Ginger"},{"floor":30,"key":"Mummified Hand"}],"event_choices":[{"cards_removed":["downfall:Malfunctioning"],"damage_healed":0,"gold_gain":0,"player_choice":"Card Removal","damage_taken":0,"max_hp_gain":0,"max_hp_loss":0,"event_name":"The Cleric","floor":14,"gold_loss":0},{"cards_removed":["Guardian:TwinSlam"],"damage_healed":0,"gold_gain":0,"player_choice":"Give","damage_taken":0,"max_hp_gain":0,"max_hp_loss":0,"event_name":"betterNote:BetterNote","floor":20,"gold_loss":0,"cards_obtained":["champ:SwordSigil"]}],"is_beta":false,"boss_relics":[{"not_picked":["Busted Crown","Philosopher\u0027s Stone"],"picked":"Snecko Eye"}],"items_purged_floors":[22],"is_endless":false,"potions_floor_spawned":[2,13,16,19,21,23,25,26],"killed_by":"SI_MIRROR_ARCHETYPE","ascension_level":0}}