{"host":"3y2rtlgteqp2nuo3","time":1612626451,"event":{"mods":["2.2 Compatiblity","AchievementEnabler","BaseMod","Colored Map","DeckTracker","Highlight Path","Keyboard Shortcuts","Minty Spire (QoL Compilation)","Permanent Neow","Quick Restart","StSLib","SuperFastMode","everything is the same but u backflip on backflip"],"gold_per_floor":[114,128,144,161,161,161,176,176,176,176,205,233,14,26,26,111,111,129,129,149,158,187,187,220,220,220,52,52,81,100,113,113,198,198,210,231,231,256,45,45,45],"floor_reached":40,"language":"KOR","playtime":1029,"items_purged":["Strike_G","Blade Dance"],"score":794,"play_id":"300f3bb2-9690-4183-9c5c-75a3ff57ce7a","local_time":"20210207004731","is_ascension_mode":true,"campfire_choices":[{"data":"Poisoned Stab","floor":6.0,"key":"SMITH"},{"data":"Corpse Explosion","floor":8.0,"key":"SMITH"},{"data":"Neutralize","floor":10.0,"key":"SMITH"},{"data":"Catalyst","floor":15.0,"key":"SMITH"},{"data":"Burst","floor":23.0,"key":"SMITH"},{"floor":25.0,"key":"REST"},{"floor":28.0,"key":"REST"},{"floor":32.0,"key":"REST"}],"circlet_count":0,"master_deck":["AscendersBane","Strike_G","Defend_G","Defend_G","Defend_G","Defend_G","Defend_G","Survivor","Neutralize+1","Blade Dance","Deadly Poison+1","Poisoned Stab+1","Acrobatics","Corpse Explosion+1","Catalyst+1","Bane","Burst+1","Adrenaline","All Out Attack","Well Laid Plans+1","Leg Sweep+1","Deadly Poison","Night Terror","Prepared+1","Blur+1","Noxious Fumes","Calculated Gamble"],"relics":["Ring of the Snake","CeramicFish","Sozu","Strawberry","Bronze Scales","Art of War","ClockworkSouvenir","Empty Cage"],"acts_visited":["Exordium","TheCity","TheBeyond"],"potions_floor_usage":[],"damage_taken":[{"damage":0.0,"enemies":"Cultist","floor":1.0,"turns":4.0},{"damage":2.0,"enemies":"Small Slimes","floor":2.0,"turns":4.0},{"damage":2.0,"enemies":"Jaw Worm","floor":3.0,"turns":3.0},{"damage":0.0,"enemies":"3 Louse","floor":4.0,"turns":1.0},{"damage":6.0,"enemies":"Exordium Thugs","floor":7.0,"turns":4.0},{"damage":14.0,"enemies":"Lots of Slimes","floor":11.0,"turns":4.0},{"damage":0.0,"enemies":"Large Slime","floor":12.0,"turns":4.0},{"damage":4.0,"enemies":"3 Louse","floor":14.0,"turns":2.0},{"damage":28.0,"enemies":"Slime Boss","floor":16.0,"turns":10.0},{"damage":5.0,"enemies":"3 Byrds","floor":18.0,"turns":3.0},{"damage":0.0,"enemies":"Chosen","floor":20.0,"turns":2.0},{"damage":6.0,"enemies":"Snecko","floor":22.0,"turns":4.0},{"damage":29.0,"enemies":"Book of Stabbing","floor":24.0,"turns":4.0},{"damage":27.0,"enemies":"Snake Plant","floor":29.0,"turns":4.0},{"damage":0.0,"enemies":"3 Cultists","floor":30.0,"turns":2.0},{"damage":8.0,"enemies":"Centurion and Healer","floor":31.0,"turns":6.0},{"damage":20.0,"enemies":"Champ","floor":33.0,"turns":5.0},{"damage":11.0,"enemies":"3 Shapes","floor":35.0,"turns":3.0},{"damage":33.0,"enemies":"3 Darklings","floor":36.0,"turns":5.0},{"damage":0.0,"enemies":"Transient","floor":38.0,"turns":6.0},{"damage":57,"enemies":"Nemesis","floor":40,"turns":3}],"seed_played":"-2077774802192532245","potions_obtained":[{"floor":1.0,"key":"Explosive Potion"},{"floor":4.0,"key":"Ancient Potion"},{"floor":11.0,"key":"BlessingOfTheForge"},{"floor":16.0,"key":"Energy Potion"}],"is_trial":false,"path_per_floor":["M","M","M","M","?","R","M","R","T","R","M","M","$","M","R","B",null,"M","T","M","?","M","R","E","R","T","$","R","M","M","M","R","B",null,"M","M","?","M","$","E"],"character_chosen":"THE_SILENT","items_purchased":["Burst","ClockworkSouvenir","Noxious Fumes","Calculated Gamble"],"campfire_rested":3,"item_purchase_floors":[13,27,39,39],"current_hp_per_floor":[59,57,55,55,55,55,49,49,49,49,35,35,35,31,31,3,50,45,52,52,52,46,46,17,38,38,38,59,32,32,24,45,25,61,50,17,17,17,17,0,0],"gold":45,"neow_bonus":"THREE_CARDS","is_daily":false,"chose_seed":false,"campfire_upgraded":5,"win_rate":0.0,"timestamp":1612626451,"path_taken":["M","?","M","M","?","R","M","R","T","R","M","M","$","M","R","BOSS","M","?","M","?","?","R","E","R","T","$","R","M","M","M","R","BOSS","M","M","?","M","$","E"],"items_purchased_type":["Card","Relic","Card","Card"],"build_version":"2020-12-22","purchased_purges":2,"victory":false,"max_hp_per_floor":[66,66,66,66,66,66,66,66,66,66,66,66,66,66,66,66,66,66,73,73,73,73,73,73,73,73,73,73,73,73,73,73,73,73,73,73,73,73,73,73,73],"card_choices":[{"not_picked":["Bane","Reflex"],"picked":"Blade Dance","floor":0.0},{"not_picked":["Flechettes","Bane"],"picked":"Blade Dance","floor":1.0},{"not_picked":["Blade Dance","Noxious Fumes"],"picked":"Deadly Poison","floor":2.0},{"not_picked":["Bane","Sucker Punch"],"picked":"Poisoned Stab","floor":3.0},{"not_picked":["Endless Agony","PiercingWail"],"picked":"Acrobatics","floor":4.0},{"not_picked":["Prepared","Underhanded Strike"],"picked":"Corpse Explosion","floor":7.0},{"not_picked":["Eviscerate","Masterful Stab"],"picked":"Catalyst","floor":11.0},{"not_picked":["Blur","PiercingWail"],"picked":"Bane","floor":12.0},{"not_picked":["Flying Knee","Caltrops","Backflip"],"picked":"SKIP","floor":14.0},{"not_picked":["Die Die Die","Doppelganger"],"picked":"Adrenaline","floor":16.0},{"not_picked":["PiercingWail","Dagger Throw","Deadly Poison"],"picked":"SKIP","floor":18.0},{"not_picked":["Finisher","Reflex","Cloak And Dagger"],"picked":"SKIP","floor":20.0},{"not_picked":["Escape Plan","Backflip"],"picked":"Well Laid Plans+1","floor":22.0},{"not_picked":["All Out Attack","Underhanded Strike","Dagger Throw"],"picked":"SKIP","floor":24.0},{"not_picked":["Acrobatics","Flechettes"],"picked":"Leg Sweep+1","floor":29.0},{"not_picked":["Die Die Die","Accuracy"],"picked":"Deadly Poison","floor":30.0},{"not_picked":["Dagger Throw","Sucker Punch","Masterful Stab+1"],"picked":"SKIP","floor":31.0},{"not_picked":["After Image","Adrenaline"],"picked":"Night Terror","floor":33.0},{"not_picked":["Underhanded Strike","Deadly Poison","Flying Knee+1"],"picked":"SKIP","floor":35.0},{"not_picked":["Dagger Spray","Cloak And Dagger"],"picked":"Prepared+1","floor":36.0},{"not_picked":["Underhanded Strike","Cloak And Dagger"],"picked":"Blur+1","floor":38.0}],"player_experience":764680,"relics_obtained":[{"floor":9.0,"key":"CeramicFish"},{"floor":19.0,"key":"Strawberry"},{"floor":24.0,"key":"Bronze Scales"},{"floor":26.0,"key":"Art of War"}],"event_choices":[{"damage_healed":0.0,"max_hp_gain":0.0,"max_hp_loss":0.0,"gold_gain":0.0,"event_name":"Accursed Blacksmith","player_choice":"Forge","floor":5.0,"gold_loss":0.0,"damage_taken":0.0,"cards_upgraded":["Deadly Poison"]},{"damage_healed":0.0,"max_hp_gain":0.0,"max_hp_loss":0.0,"gold_gain":0.0,"cards_transformed":["Strike_G"],"event_name":"Transmorgrifier","player_choice":"Transformed","floor":21.0,"gold_loss":0.0,"damage_taken":0.0,"cards_obtained":["All Out Attack"]},{"damage_healed":0.0,"max_hp_gain":0.0,"max_hp_loss":0.0,"gold_gain":0.0,"event_name":"Mysterious Sphere","player_choice":"Ignored","floor":37.0,"gold_loss":0.0,"damage_taken":0.0}],"is_beta":false,"boss_relics":[{"not_picked":["Velvet Choker","Black Star"],"picked":"Sozu"},{"not_picked":["Tiny House","SacredBark"],"picked":"Empty Cage"}],"items_purged_floors":[13,39],"is_endless":false,"potions_floor_spawned":[1,4,11,12,16,22,24,30,35,38],"killed_by":"Nemesis","ascension_level":17}}