{"host":"z2o61o1qvcmvhuul","time":1612610275,"event":{"mods":["Alarm Clock","BaseMod","Minty Spire (QoL Compilation)","Quick Restart","StSLib","Starting Relic: Pandora\u0027s Box","SuperFastMode","¡¾ÒÅÎï¿¨ÅÆ¡¿REMEMod"],"gold_per_floor":[116,116,130,130,55,84,84,110,110,140,140,40,59,73,73,152,152,171,171,188,201,112,137,137,166,166,179,204,304,335,335,335,413,413,424,424,77,91,109,134,145,175,198,198,210,210,210,210,210,210,210],"floor_reached":52,"language":"ZHS","playtime":1154,"items_purged":["Force Field","Dualcast"],"score":2797,"play_id":"43f0c194-e205-4b63-9d84-493e5395d691","local_time":"20210206191755","is_ascension_mode":true,"campfire_choices":[{"data":"Scrape","floor":7.0,"key":"SMITH"},{"data":"Leap","floor":11.0,"key":"SMITH"},{"data":"All For One","floor":15.0,"key":"SMITH"},{"data":"REME_SelfUpgrade","floor":24.0,"key":"SMITH"},{"data":"Scrape","floor":32.0,"key":"SMITH"},{"data":"Gash","floor":47.0,"key":"SMITH"},{"floor":49,"key":"REST"}],"circlet_count":0,"master_deck":["AscendersBane","Chill","Scrape+1","Leap+1","Gash+1","Turbo+1","All For One+1","Gash","Gash","Gash","Hologram+1","REME_ForAll+1","Deep Breath+1","REME_SelfUpgrade+1","REME_Whirling+1","Scrape+1","Seek+1","REME_ShortnessOfBreath+1","Dark Shackles+1","Madness+1","Madness+1"],"relics":["Pandora\u0027s Box","REME_ComplimentaryCards","NeowsBlessing","Pocketwatch","Lantern","Mercury Hourglass","Sundial","Toxic Egg 2","Empty Cage","Bag of Preparation","FossilizedHelix","Bottled Tornado","Red Mask","Ice Cream","Darkstone Periapt","Anchor","MutagenicStrength","REME_ChargedStone","Lizard Tail","Nunchaku","Happy Flower","Ancient Tea Set"],"acts_visited":["Exordium","TheCity","TheBeyond"],"potions_floor_usage":[50],"damage_taken":[{"damage":0.0,"enemies":"Small Slimes","floor":1.0,"turns":1.0},{"damage":0.0,"enemies":"2 Louse","floor":3.0,"turns":1.0},{"damage":0.0,"enemies":"Gremlin Nob","floor":6.0,"turns":1.0},{"damage":0.0,"enemies":"Lagavulin","floor":8.0,"turns":3.0},{"damage":0.0,"enemies":"Gremlin Nob","floor":10.0,"turns":2.0},{"damage":0.0,"enemies":"Cultist","floor":13.0,"turns":2.0},{"damage":0.0,"enemies":"3 Louse","floor":14.0,"turns":2.0},{"damage":0.0,"enemies":"Slime Boss","floor":16.0,"turns":2.0},{"damage":0.0,"enemies":"Chosen","floor":18.0,"turns":2.0},{"damage":4.0,"enemies":"2 Thieves","floor":20.0,"turns":2.0},{"damage":0.0,"enemies":"Centurion and Healer","floor":21.0,"turns":2.0},{"damage":0.0,"enemies":"Gremlin Leader","floor":23.0,"turns":2.0},{"damage":0.0,"enemies":"Slavers","floor":25.0,"turns":2.0},{"damage":0.0,"enemies":"Shelled Parasite and Fungi","floor":27.0,"turns":1.0},{"damage":0.0,"enemies":"Masked Bandits","floor":28.0,"turns":1.0},{"damage":0.0,"enemies":"Colosseum Slavers","floor":29.0,"turns":1.0},{"damage":0.0,"enemies":"Colosseum Nobs","floor":29.0,"turns":1.0},{"damage":0.0,"enemies":"Gremlin Leader","floor":30.0,"turns":1.0},{"damage":0.0,"enemies":"Collector","floor":33.0,"turns":1.0},{"damage":0.0,"enemies":"3 Darklings","floor":35.0,"turns":1.0},{"damage":0.0,"enemies":"3 Shapes","floor":38.0,"turns":1.0},{"damage":0.0,"enemies":"Maw","floor":39.0,"turns":1.0},{"damage":0.0,"enemies":"Nemesis","floor":40.0,"turns":1.0},{"damage":0.0,"enemies":"Transient","floor":41.0,"turns":2.0},{"damage":0.0,"enemies":"Giant Head","floor":42.0,"turns":1.0},{"damage":0.0,"enemies":"Sphere and 2 Shapes","floor":45.0,"turns":1.0},{"damage":0,"enemies":"Time Eater","floor":50,"turns":4},{"damage":0,"enemies":"Awakened One","floor":51,"turns":2}],"seed_played":"-2950050593411550189","potions_obtained":[{"floor":3.0,"key":"Block Potion"},{"floor":13.0,"key":"Dexterity Potion"},{"floor":33.0,"key":"Swift Potion"}],"is_trial":false,"path_per_floor":["M","?","M","?","$","E","R","E","T","E","R","$","M","M","R","B",null,"M","?","M","M","$","E","R","E","T","M","?","?","E","?","R","B",null,"M","?","$","M","M","E","M","E","T","$","M","?","R","?","R","B","B",null],"character_chosen":"DEFECT","items_purchased":["Deep Breath+1","Lizard Tail"],"campfire_rested":1,"item_purchase_floors":[22,37],"current_hp_per_floor":[64,43,43,38,38,38,38,38,38,38,38,38,38,38,38,38,63,63,63,59,59,59,59,59,59,59,59,59,59,59,59,59,59,68,68,68,68,68,68,68,68,68,68,68,68,58,58,45,66,66,66],"gold":210,"neow_bonus":"THREE_ENEMY_KILL","is_daily":false,"chose_seed":false,"campfire_upgraded":6,"win_rate":0.0,"timestamp":1612610275,"path_taken":["M","?","M","?","$","E","R","E","T","E","R","$","M","M","R","BOSS","M","?","?","M","$","E","R","E","T","M","?","?","E","?","R","BOSS","M","?","$","M","?","E","M","E","T","$","M","?","R","?","R","BOSS","BOSS"],"items_purchased_type":["Card","Relic"],"build_version":"2020-12-22","purchased_purges":2,"victory":true,"max_hp_per_floor":[71,71,71,71,71,71,71,71,71,71,71,71,71,71,71,71,71,71,71,71,71,71,71,71,71,71,71,71,71,71,71,71,71,71,71,71,71,71,71,71,71,71,71,71,71,71,71,71,71,71,71],"card_choices":[{"not_picked":["Go for the Eyes","Barrage"],"picked":"Gash","floor":1.0},{"not_picked":["Sweeping Beam","Genetic Algorithm"],"picked":"Gash","floor":3.0},{"not_picked":["Compile Driver","Conserve Battery"],"picked":"Gash","floor":6.0},{"not_picked":["Ball Lightning","Thunder Strike","Leap"],"picked":"SKIP","floor":8.0},{"not_picked":["Streamline","Biased Cognition","Leap+1"],"picked":"SKIP","floor":10.0},{"not_picked":["White Noise+1","Beam Cell"],"picked":"Hologram+1","floor":13.0},{"not_picked":["Barrage","Capacitor","Reprogram+1"],"picked":"SKIP","floor":14.0},{"not_picked":["Multi-Cast+1","All For One"],"picked":"REME_ForAll","floor":16.0},{"not_picked":["Ball Lightning","Reprogram+1","Redo+1"],"picked":"SKIP","floor":18.0},{"not_picked":["Ball Lightning","Stack+1","Streamline"],"picked":"SKIP","floor":20.0},{"not_picked":["Compile Driver+1","Turbo+1","Barrage"],"picked":"SKIP","floor":21.0},{"not_picked":["Turbo+1","Defragment"],"picked":"REME_SelfUpgrade","floor":23.0},{"not_picked":["Ball Lightning+1","Lockon","Amplify+1","Reinforced Body+1"],"picked":"REME_Whirling+1","floor":25.0},{"not_picked":["Leap+1","Streamline","Lockon","Consume+1","Hologram+1"],"picked":"SKIP","floor":27.0},{"not_picked":["Rebound","Lockon","Sweeping Beam","Stack+1"],"picked":"Scrape","floor":28.0},{"not_picked":["Melter","Sunder","Hologram+1","REME_Whirling+1","Streamline"],"picked":"SKIP","floor":30.0},{"not_picked":["Multi-Cast+1","REME_ForAll","Fission+1","All For One"],"picked":"Seek+1","floor":33.0},{"not_picked":["Conserve Battery+1","Barrage+1","Storm","Lockon","Ball Lightning"],"picked":"SKIP","floor":35.0},{"not_picked":["Beam Cell","Stack+1","Go for the Eyes","Hologram+1","Doom and Gloom"],"picked":"SKIP","floor":38.0},{"not_picked":["Coolheaded+1","Turbo+1","Sweeping Beam","Chill+1","Storm"],"picked":"SKIP","floor":39.0},{"not_picked":["Chaos+1","Stack+1","Go for the Eyes","FTL+1","Barrage"],"picked":"SKIP","floor":40.0},{"not_picked":["Beam Cell","REME_Whirling+1","Machine Learning","Auto Shields+1","Doom and Gloom"],"picked":"SKIP","floor":41.0},{"not_picked":["Go for the Eyes+1","Darkness+1","White Noise+1","Capacitor+1","Gash+1"],"picked":"SKIP","floor":42.0},{"not_picked":["Force Field+1","Tempest+1","Compile Driver","Blizzard+1","Go for the Eyes"],"picked":"SKIP","floor":45.0},{"not_picked":["Sadistic Nature","Purity+1"],"picked":"REME_ShortnessOfBreath+1","floor":46.0},{"not_picked":["Blind+1","REME_TheoryOfElimination+1"],"picked":"Dark Shackles+1","floor":46.0}],"player_experience":112698,"relics_obtained":[{"floor":6.0,"key":"Lantern"},{"floor":8.0,"key":"Mercury Hourglass"},{"floor":9.0,"key":"Sundial"},{"floor":10.0,"key":"Toxic Egg 2"},{"floor":23.0,"key":"Bag of Preparation"},{"floor":25.0,"key":"FossilizedHelix"},{"floor":26.0,"key":"Bottled Tornado"},{"floor":28.0,"key":"Red Mask"},{"floor":29.0,"key":"Ice Cream"},{"floor":29.0,"key":"Darkstone Periapt"},{"floor":30.0,"key":"Anchor"},{"floor":40.0,"key":"Nunchaku"},{"floor":42.0,"key":"Happy Flower"},{"floor":43.0,"key":"Ancient Tea Set"}],"event_choices":[{"damage_healed":0.0,"max_hp_gain":0.0,"max_hp_loss":0.0,"gold_gain":0.0,"event_name":"Shining Light","player_choice":"Entered Light","floor":2.0,"gold_loss":0.0,"damage_taken":21.0,"cards_upgraded":["Turbo","Zap"]},{"damage_healed":0.0,"max_hp_gain":0.0,"max_hp_loss":0.0,"gold_gain":0.0,"event_name":"Scrap Ooze","player_choice":"Success","floor":4.0,"gold_loss":0.0,"damage_taken":5.0,"relics_obtained":["Pocketwatch"]},{"damage_healed":0.0,"max_hp_gain":0.0,"max_hp_loss":0.0,"gold_gain":0.0,"event_name":"Accursed Blacksmith","player_choice":"Forge","floor":19.0,"gold_loss":0.0,"damage_taken":0.0,"cards_upgraded":["REME_ForAll"]},{"damage_healed":0.0,"max_hp_gain":0.0,"max_hp_loss":0.0,"gold_gain":0.0,"event_name":"Masked Bandits","player_choice":"Fought Bandits","floor":28.0,"gold_loss":0.0,"damage_taken":0.0},{"damage_healed":0.0,"max_hp_gain":0.0,"max_hp_loss":0.0,"gold_gain":0.0,"event_name":"Colosseum","player_choice":"Fight","floor":29.0,"gold_loss":0.0,"damage_taken":0.0},{"damage_healed":0.0,"max_hp_gain":0.0,"max_hp_loss":0.0,"gold_gain":0.0,"event_name":"Colosseum","player_choice":"Fought Nobs","floor":29.0,"gold_loss":0.0,"damage_taken":0.0},{"damage_healed":0.0,"max_hp_gain":0.0,"max_hp_loss":0.0,"gold_gain":0.0,"event_name":"Drug Dealer","player_choice":"Inject Mutagens","floor":31.0,"gold_loss":0.0,"damage_taken":0.0,"relics_obtained":["MutagenicStrength"]},{"cards_removed":["Zap"],"damage_healed":0.0,"max_hp_gain":0.0,"max_hp_loss":0.0,"gold_gain":0.0,"event_name":"Bonfire Elementals","player_choice":"Offered Basic","floor":36.0,"gold_loss":0.0,"damage_taken":0.0},{"damage_healed":0.0,"max_hp_gain":0.0,"max_hp_loss":0.0,"gold_gain":0.0,"event_name":"SensoryStone","player_choice":"Memory 3","floor":46.0,"gold_loss":0.0,"damage_taken":10.0},{"damage_healed":0,"gold_gain":0,"player_choice":"Embrace Madness","damage_taken":13,"max_hp_gain":0,"max_hp_loss":0,"event_name":"Winding Halls","floor":48,"gold_loss":0,"cards_obtained":["Madness","Madness"]}],"is_beta":false,"boss_relics":[{"not_picked":["Velvet Choker","Cursed Key"],"picked":"Empty Cage"},{"not_picked":["SacredBark","Calling Bell"],"picked":"REME_ChargedStone"}],"items_purged_floors":[5,12],"is_endless":false,"potions_floor_spawned":[3,13,18,21,28,29,33,38,39,41,45],"ascension_level":20}}