{"host":"fhwr1fuluf6086fh","time":1612642916,"event":{"mods":["2.2 Compatiblity","Act Like it!","BaseMod","Colored Map","Elementarium","Hermit","Infinite Spire","Marisa????????","Minty Spire (QoL Compilation)","StSLib","The Caster","The Dragon Tamer","The Elementalist","The Hierophant","TheSurvivalist"],"gold_per_floor":[18,34,53,65,80,80,80],"floor_reached":6,"language":"ENG","playtime":2586,"items_purged":[],"score":42,"play_id":"1b7ff17e-4b36-40c1-a8ac-f20302204973","local_time":"20210206152156","is_ascension_mode":true,"campfire_choices":[],"circlet_count":0,"master_deck":["elementalist:Strike+Elemblue","elementalist:Defend_Elemblue","elementalist:Defend_Elemblue","elementalist:Defend_Elemblue","elementalist:Defend_Elemblue","elementalist:Defend_Elemblue","elementalist:Firestrike","elementalist:Earthstrike","elementalist:Waterstrike","elementalist:Airstrike","elementalist:Crystal_Chalk","elementalist:Rising_Vapors","elementalist:Wards","elementalist:Monument","elementalist:Sidereal_Form","elementalist:Momentum","elementalist:Pressurize"],"relics":["elementalistmod:MagusStaff","elementalistmod:GraduationLetter"],"acts_visited":["Exordium"],"potions_floor_usage":[6,6],"damage_taken":[{"damage":7,"enemies":"infinitespire:Voidling","floor":1,"turns":4},{"damage":0,"enemies":"Jaw Worm","floor":2,"turns":10},{"damage":6,"enemies":"2 Louse","floor":3,"turns":3},{"damage":8,"enemies":"Looter","floor":4,"turns":4},{"damage":0,"enemies":"Lots of Slimes","floor":5,"turns":4},{"damage":67,"enemies":"Gremlin Nob","floor":6,"turns":5}],"seed_played":"939448465906290481","potions_obtained":[{"floor":2,"key":"SneckoOil"},{"floor":4,"key":"BlessingOfTheForge"},{"floor":5,"key":"SpeedPotion"}],"is_trial":false,"path_per_floor":["M","M","M","M","M","E"],"character_chosen":"THE_ELEMENTALIST","items_purchased":[],"campfire_rested":0,"item_purchase_floors":[],"current_hp_per_floor":[70,70,64,56,56,0,0],"gold":80,"neow_bonus":"THREE_RARE_CARDS","is_daily":false,"chose_seed":false,"campfire_upgraded":0,"win_rate":0.0,"timestamp":1612642916,"path_taken":["M","?","M","M","M","E"],"items_purchased_type":[],"build_version":"2020-12-22","purchased_purges":0,"victory":false,"max_hp_per_floor":[70,70,70,70,70,70,70],"card_choices":[{"not_picked":["elementalist:Ferruchemy","elementalist:Astral_Form"],"picked":"elementalist:Rising_Vapors","floor":0},{"not_picked":["elementalist:Etherstrike","elementalist:Momentum"],"picked":"elementalist:Wards","floor":1},{"not_picked":["elementalist:Stone_to_Mud","elementalist:Aegis"],"picked":"elementalist:Monument","floor":2},{"not_picked":["elementalist:Ignition","elementalist:Monument"],"picked":"elementalist:Sidereal_Form","floor":3},{"not_picked":["elementalist:Stone_to_Mud","elementalist:Overheat"],"picked":"elementalist:Momentum","floor":4},{"not_picked":["elementalist:Stone_to_Mud","elementalist:Blaze"],"picked":"elementalist:Pressurize","floor":5}],"player_experience":1142912,"relics_obtained":[],"event_choices":[],"is_beta":false,"boss_relics":[],"items_purged_floors":[],"is_endless":false,"potions_floor_spawned":[2,4,5],"killed_by":"Gremlin Nob","ascension_level":1}}