{"host":"81h68oe4mr04pk3r","time":1612582905,"event":{"mods":["Act Like it!","Aspiration","BaseMod","BetterRewards","Colored Map","Colored Powertips","Conspire","Downfall","Gensokyo","Hallownest","Hermit","Hubris","Infinite Spire","Jorbs\u0027s Wanderer Trilogy","Koishi","Lobotomy","LobotomyExtend","Marisa????????","Minty Spire (QoL Compilation)","Quick Restart","Reimu??????","Remilia??????","StSLib","The Bug Knight","The Construct","The Cursed","The Disciple","The Servant 0.9.4"],"gold_per_floor":[116,67,82,93,93,93,112,112,112,126,143,170,170,182,182,285,285,298,298,308,74,84,84,84,84,84],"floor_reached":25,"language":"ENG","playtime":1121,"items_purged":[],"score":205,"play_id":"744b8a57-7348-4118-9050-2fb3a126d8ac","local_time":"20210205194145","is_ascension_mode":false,"campfire_choices":[{"data":"Koishi:HauntingSlash","floor":6,"key":"SMITH"},{"data":"Koishi:JumpScare","floor":8,"key":"SMITH"},{"data":"Koishi:ParalyzingFear","floor":15,"key":"SMITH"},{"floor":23,"key":"REST"}],"circlet_count":0,"master_deck":["Koishi:BasicStrike","Koishi:BasicStrike","Koishi:BasicStrike","Koishi:BasicStrike","Koishi:BasicDefend","Koishi:BasicDefend","Koishi:BasicDefend","Koishi:BasicDefend","Koishi:Provoke","Koishi:HauntingSlash+1","Koishi:MentalBreakdown","Koishi:EmbryosDream","Koishi:ParalyzingFear+1","Koishi:StingingMind","Koishi:StingingMind","Koishi:JumpScare+1","Koishi:TremblingHands","Koishi:YoukaiPolygraph","Koishi:Jaunt","Koishi:MindNumbingTerror","Koishi:TerrifyingSpectre","Koishi:ParalyzingFear+1","Night Terror","Koishi:ParalyzingFear","Koishi:RacingHeart","Koishi:StrangeCloudFist","Koishi:FourthEye","Koishi:PhilosophyOfTheDespised","Koishi:JumpScare"],"relics":["Koishi:ImaginaryFriend","LetterFromLob","Nunchaku","hubris:DeckOfHolding","hubris:Icosahedron","SlaversCollar","Frozen Eye"],"acts_visited":["Gensokyo:Gensokyo","Gensokyo:Gensokyoer"],"potions_floor_usage":[12,16,25],"damage_taken":[{"damage":0,"enemies":"Gensokyo:3_Fairies","floor":1,"turns":3},{"damage":0,"enemies":"Gensokyo:Gryphon","floor":3,"turns":3},{"damage":0,"enemies":"Gensokyo:Python","floor":4,"turns":2},{"damage":0,"enemies":"Gensokyo:LivingMonolith","floor":7,"turns":3},{"damage":20,"enemies":"Gensokyo:3_Kodama","floor":10,"turns":6},{"damage":2,"enemies":"Gensokyo:2_Rabbits","floor":11,"turns":4},{"damage":17,"enemies":"Gensokyo:Cirno","floor":12,"turns":6},{"damage":1,"enemies":"Gensokyo:Kitsune","floor":14,"turns":3},{"damage":17,"enemies":"Gensokyo:Kokoro","floor":16,"turns":11},{"damage":23,"enemies":"Gensokyo:AngelMirror","floor":18,"turns":3},{"damage":9,"enemies":"Gensokyo:Chomper","floor":20,"turns":4},{"damage":23,"enemies":"Gensokyo:Wraith","floor":22,"turns":5},{"damage":39,"enemies":"Gensokyo:Chomper_and_Gloop","floor":25,"turns":5}],"seed_played":"-553762595309454660","potions_obtained":[{"floor":11,"key":"Block Potion"},{"floor":12,"key":"Guardian:BlockOnCardUsePotion"},{"floor":18,"key":"DuplicationPotion"}],"is_trial":false,"path_per_floor":["M","$","M","M","M","R","M","R","T","M","M","E","?","M","R","B",null,"M","?","M","$","M","R","?","M"],"character_chosen":"KOISHI","items_purchased":["Koishi:ParalyzingFear","Koishi:RacingHeart","Koishi:StrangeCloudFist","Koishi:FourthEye","Koishi:PhilosophyOfTheDespised"],"campfire_rested":1,"item_purchase_floors":[2,21,21,21,21],"current_hp_per_floor":[60,60,60,60,60,60,60,60,60,48,56,43,43,52,52,57,60,39,33,36,36,21,39,39,0,0],"gold":84,"neow_bonus":"ONE_RANDOM_RARE_CARD","is_daily":false,"chose_seed":false,"campfire_upgraded":3,"win_rate":0.0,"timestamp":1612582905,"path_taken":["M","$","M","M","M","R","M","R","T","M","M","E","?","M","R","BOSS","M","?","M","$","M","R","?","M"],"items_purchased_type":["Card","Card","Card","Card","Card"],"build_version":"2020-12-22","purchased_purges":0,"victory":false,"max_hp_per_floor":[60,60,60,60,60,60,60,60,60,60,60,60,60,60,60,60,60,60,60,60,60,60,60,60,60,60],"card_choices":[{"not_picked":["Koishi:FidgetySnatcher","Koishi:FleetingPhantom"],"picked":"Koishi:EmbryosDream","floor":1},{"not_picked":["Koishi:StrangeCloudFist","Koishi:VengefulSpirit"],"picked":"Koishi:StingingMind","floor":3},{"not_picked":["Koishi:UnansweredLove","Koishi:CatchAndRose"],"picked":"Koishi:StingingMind","floor":4},{"not_picked":["Koishi:DNAsFlaw","Koishi:StingingMind"],"picked":"Koishi:JumpScare","floor":7},{"not_picked":["Koishi:RoseHell","Koishi:Vanish"],"picked":"Koishi:TremblingHands","floor":10},{"not_picked":["Koishi:SubconsciousSweep","Koishi:BramblyRoseGarden"],"picked":"Koishi:YoukaiPolygraph","floor":11},{"not_picked":["Koishi:GeneticsOfTheUnconscious","Koishi:FormlessExistence"],"picked":"Koishi:Jaunt","floor":12},{"not_picked":["Koishi:RacingHeart","Koishi:StrangeCloudFist"],"picked":"Koishi:MindNumbingTerror","floor":14},{"not_picked":["Koishi:SuperEgo","Koishi:RoseHell"],"picked":"Koishi:TerrifyingSpectre","floor":16},{"not_picked":["Koishi:LastRemote","Koishi:PhilosophyOfTheDespised"],"picked":"Koishi:ParalyzingFear+1","floor":18},{"not_picked":["Koishi:Whimsy","Koishi:VengefulSpirit"],"picked":"Koishi:ParalyzingFear","floor":20},{"not_picked":["Koishi:SpiritedAway","Koishi:ParalyzingFear+1"],"picked":"Koishi:JumpScare","floor":22}],"player_experience":216968,"relics_obtained":[{"floor":1,"key":"LetterFromLob"},{"floor":9,"key":"Nunchaku"},{"floor":12,"key":"hubris:DeckOfHolding"}],"event_choices":[],"is_beta":false,"boss_relics":[{"not_picked":["Velvet Choker","bronze:MakeshiftBattery"],"picked":"SlaversCollar"}],"items_purged_floors":[],"is_endless":false,"potions_floor_spawned":[11,12,18],"killed_by":"Gensokyo:Chomper_and_Gloop","ascension_level":0}}