{"host":"2ty4h143nj8vwezc","time":1612639944,"event":{"mods":["BaseMod","Colored Map","Googly Eyes","Highlight Path","Minty Spire (QoL Compilation)","Quick Restart","StSLib"],"gold_per_floor":[116,416,39,53,53,53,65,65,142,177,177,202,44,56,56,133,133,147,157,157,170,170,203,221,221,221,221,221],"floor_reached":27,"language":"ENG","playtime":1026,"items_purged":["Regret"],"score":482,"play_id":"04892efa-6a03-4659-b0c2-278bc4af4bb7","local_time":"20210206143224","is_ascension_mode":true,"campfire_choices":[{"floor":6.0,"key":"RECALL"},{"data":"Cloak And Dagger","floor":8.0,"key":"SMITH"},{"data":"Accuracy","floor":11.0,"key":"SMITH"},{"data":"Accuracy","floor":15.0,"key":"SMITH"},{"floor":25.0,"key":"REST"}],"circlet_count":0,"master_deck":["AscendersBane","Strike_G","Strike_G","Strike_G","Strike_G","Strike_G","Defend_G","Defend_G","Defend_G","Defend_G","Defend_G","Survivor","Neutralize","Cloak And Dagger+1","Accuracy+1","Accuracy+1","Cloak And Dagger+1","Phantasmal Killer","Finisher","Backstab","PiercingWail","Injury"],"relics":["Ring of the Snake","NeowsBlessing","Old Coin","Ornamental Fan","Peace Pipe","Mango","Oddly Smooth Stone","Cursed Key","Gambling Chip","Ninja Scroll"],"acts_visited":["Exordium","TheCity"],"potions_floor_usage":[],"damage_taken":[{"damage":0.0,"enemies":"Cultist","floor":1.0,"turns":1.0},{"damage":0.0,"enemies":"2 Louse","floor":4.0,"turns":1.0},{"damage":0.0,"enemies":"Small Slimes","floor":7.0,"turns":1.0},{"damage":8.0,"enemies":"3 Sentries","floor":10.0,"turns":8.0},{"damage":23.0,"enemies":"Lagavulin","floor":12.0,"turns":6.0},{"damage":5.0,"enemies":"Exordium Thugs","floor":14.0,"turns":4.0},{"damage":6.0,"enemies":"The Guardian","floor":16.0,"turns":11.0},{"damage":11.0,"enemies":"3 Byrds","floor":18.0,"turns":5.0},{"damage":1.0,"enemies":"Spheric Guardian","floor":19.0,"turns":3.0},{"damage":7.0,"enemies":"Snecko","floor":21.0,"turns":5.0},{"damage":40.0,"enemies":"Slavers","floor":23.0,"turns":8.0},{"damage":12.0,"enemies":"3 Cultists","floor":24.0,"turns":5.0},{"damage":41,"enemies":"Gremlin Leader","floor":27,"turns":2}],"seed_played":"4972263453523975883","potions_obtained":[{"floor":7.0,"key":"PowerPotion"},{"floor":10.0,"key":"Poison Potion"},{"floor":12.0,"key":"SpeedPotion"},{"floor":14.0,"key":"SneckoOil"},{"floor":19.0,"key":"SteroidPotion"},{"floor":21.0,"key":"Fire Potion"},{"floor":22.0,"key":"Regen Potion"},{"floor":22.0,"key":"CunningPotion"}],"is_trial":false,"path_per_floor":["M","?","$","M","?","R","M","R","T","E","R","E","$","M","R","B",null,"M","M","$","M","?","E","M","R","T","E"],"character_chosen":"THE_SILENT","items_purchased":["Accuracy","Ornamental Fan","Oddly Smooth Stone"],"campfire_rested":1,"item_purchase_floors":[3,3,13],"current_hp_per_floor":[59,59,59,59,59,59,59,59,59,51,51,42,42,37,37,31,68,57,56,56,49,49,24,12,36,36,0,0],"gold":221,"neow_bonus":"THREE_ENEMY_KILL","is_daily":false,"chose_seed":false,"campfire_upgraded":3,"win_rate":0.0,"timestamp":1612639944,"path_taken":["M","?","$","M","?","R","?","R","T","E","R","E","$","M","R","BOSS","M","M","$","M","?","E","M","R","T","E"],"items_purchased_type":["Card","Relic","Relic"],"build_version":"2020-12-22","purchased_purges":1,"victory":false,"max_hp_per_floor":[66,66,66,66,66,66,66,66,66,66,66,80,80,80,80,80,80,80,80,80,80,80,80,80,80,80,80,80],"card_choices":[{"not_picked":["Slice","Eviscerate"],"picked":"Cloak And Dagger","floor":1.0},{"not_picked":["Catalyst","Acrobatics"],"picked":"Accuracy","floor":4.0},{"not_picked":["Acrobatics","Deadly Poison"],"picked":"Cloak And Dagger","floor":7.0},{"not_picked":["Predator","Deflect","Calculated Gamble"],"picked":"SKIP","floor":10.0},{"not_picked":["Deadly Poison","Setup","Tools of the Trade"],"picked":"SKIP","floor":12.0},{"not_picked":["Dodge and Roll","Deadly Poison","Poisoned Stab"],"picked":"SKIP","floor":14.0},{"not_picked":["Glass Knife","Die Die Die"],"picked":"Phantasmal Killer","floor":16.0},{"not_picked":["Bane","Escape Plan"],"picked":"Finisher","floor":18.0},{"not_picked":["Backflip","Quick Slash","Flying Knee"],"picked":"SKIP","floor":19.0},{"not_picked":["Predator","Concentrate"],"picked":"Backstab","floor":21.0},{"not_picked":["Prepared","Tactician"],"picked":"PiercingWail","floor":23.0},{"not_picked":["Finisher","Tactician","Heel Hook"],"picked":"SKIP","floor":24.0}],"player_experience":355336,"relics_obtained":[{"floor":10.0,"key":"Peace Pipe"},{"floor":12.0,"key":"Mango"},{"floor":23.0,"key":"Gambling Chip"},{"floor":26.0,"key":"Ninja Scroll"}],"event_choices":[{"damage_healed":0.0,"max_hp_gain":0.0,"max_hp_loss":0.0,"gold_gain":0.0,"event_name":"Big Fish","player_choice":"Box","floor":2.0,"gold_loss":0.0,"damage_taken":0.0,"relics_obtained":["Old Coin"],"cards_obtained":["Regret"]},{"damage_healed":0.0,"max_hp_gain":0.0,"max_hp_loss":0.0,"gold_gain":0.0,"event_name":"Accursed Blacksmith","player_choice":"Forge","floor":5.0,"gold_loss":0.0,"damage_taken":0.0,"cards_upgraded":["Cloak And Dagger"]},{"damage_healed":0.0,"max_hp_gain":0.0,"max_hp_loss":0.0,"gold_gain":0.0,"event_name":"Lab","player_choice":"Got Potions","floor":22.0,"gold_loss":0.0,"damage_taken":0.0}],"is_beta":false,"boss_relics":[{"not_picked":["Snecko Eye","Fusion Hammer"],"picked":"Cursed Key"}],"items_purged_floors":[3],"is_endless":false,"potions_floor_spawned":[7,10,12,14,19,21],"killed_by":"Gremlin Leader","ascension_level":20}}