{"host":"aqym1xxr3lb31d9m","time":1612580327,"event":{"mods":["BaseMod","Block Reminder","Colored Map","Colored Powertips","DeckTracker","Highlight Path","Minty Spire (QoL Compilation)","Quick Restart","Random Character Button","StSLib","SuperFastMode","UnlockEverythingMod"],"gold_per_floor":[118,193,208,208,219,219,254,254,306,326,326,355,17,17,17,94,94,113,113,131,94,94,94,294,304,353,353,388,388,407,438,438,515,515,526,526,526,539,539,539,554,554,554,584,603,622,642,668,668,668,668],"floor_reached":50,"language":"JPN","playtime":2495,"items_purged":[],"score":1096,"play_id":"e0683b01-2f78-43d4-826e-5eb0eac4ad44","local_time":"20210206115847","is_ascension_mode":true,"campfire_choices":[{"data":"Lockon","floor":6,"key":"SMITH"},{"data":"Defragment","floor":8,"key":"SMITH"},{"data":"Defragment","floor":11,"key":"SMITH"},{"data":"Self Repair","floor":15,"key":"SMITH"},{"data":"Biased Cognition","floor":23,"key":"SMITH"},{"data":"Capacitor","floor":27,"key":"SMITH"},{"data":"Hologram","floor":29,"key":"SMITH"},{"data":"Dualcast","floor":32,"key":"SMITH"},{"data":"Chill","floor":40,"key":"SMITH"},{"data":"Blizzard","floor":42,"key":"SMITH"},{"floor":49,"key":"RECALL"}],"circlet_count":0,"master_deck":["AscendersBane","Strike_B","Strike_B","Defend_B","Defend_B","Defend_B","Defend_B","Zap","Dualcast+1","Lockon+1","Reinforced Body","Compile Driver","Defragment+1","Defragment+1","Self Repair+1","Ball Lightning","Biased Cognition+1","Hologram","Blizzard+1","Scrape","Chill+1","Capacitor+1","Hologram+1","Turbo","Leap+1","Fission+1","Streamline+1","Hologram+1","Decay","Coolheaded","Electrodynamics","Compile Driver+1","Force Field+1"],"relics":["FrozenCore","NeowsBlessing","CultistMask","Strawberry","MealTicket","DataDisk","Eternal Feather","Bronze Scales","Gremlin Horn","Cursed Key","Question Card","Smiling Mask","Regal Pillow"],"acts_visited":["Exordium","TheCity","TheBeyond"],"potions_floor_usage":[12,16,28,31,33,38,44,44,48,50],"damage_taken":[{"damage":0,"enemies":"2 Louse","floor":1,"turns":1},{"damage":0,"enemies":"Cultist","floor":3,"turns":1},{"damage":0,"enemies":"Jaw Worm","floor":5,"turns":1},{"damage":35,"enemies":"3 Sentries","floor":7,"turns":8},{"damage":4,"enemies":"3 Louse","floor":10,"turns":5},{"damage":8,"enemies":"Gremlin Nob","floor":12,"turns":3},{"damage":27,"enemies":"Hexaghost","floor":16,"turns":8},{"damage":12,"enemies":"Chosen","floor":18,"turns":5},{"damage":2,"enemies":"Spheric Guardian","floor":20,"turns":6},{"damage":0,"enemies":"Chosen and Byrds","floor":25,"turns":8},{"damage":23,"enemies":"Slavers","floor":28,"turns":7},{"damage":9,"enemies":"Snake Plant","floor":30,"turns":6},{"damage":4,"enemies":"Gremlin Leader","floor":31,"turns":5},{"damage":23,"enemies":"Champ","floor":33,"turns":16},{"damage":1,"enemies":"Orb Walker","floor":35,"turns":3},{"damage":13,"enemies":"3 Shapes","floor":38,"turns":6},{"damage":0,"enemies":"Writhing Mass","floor":41,"turns":9},{"damage":44,"enemies":"Giant Head","floor":44,"turns":11},{"damage":0,"enemies":"Sphere and 2 Shapes","floor":45,"turns":5},{"damage":12,"enemies":"4 Shapes","floor":46,"turns":4},{"damage":0,"enemies":"Jaw Worm Horde","floor":47,"turns":3},{"damage":35,"enemies":"Nemesis","floor":48,"turns":11},{"damage":51,"enemies":"Awakened One","floor":50,"turns":6}],"seed_played":"4882981804637516404","potions_obtained":[{"floor":5,"key":"GamblersBrew"},{"floor":7,"key":"ColorlessPotion"},{"floor":10,"key":"Fire Potion"},{"floor":12,"key":"PowerPotion"},{"floor":28,"key":"PowerPotion"},{"floor":31,"key":"BlessingOfTheForge"},{"floor":33,"key":"SkillPotion"},{"floor":38,"key":"Fire Potion"},{"floor":41,"key":"Weak Potion"},{"floor":45,"key":"EssenceOfSteel"},{"floor":46,"key":"AttackPotion"},{"floor":48,"key":"FocusPotion"}],"is_trial":false,"path_per_floor":["M","?","M","?","M","R","E","R","T","M","R","E","$","?","R","B",null,"M","?","M","$","?","R","?","M","T","R","E","R","M","E","R","B",null,"M","?","$","M","?","R","M","R","T","E","M","M","M","E","R","B"],"character_chosen":"DEFECT","items_purchased":["Eternal Feather","Ball Lightning","Capacitor"],"campfire_rested":0,"item_purchase_floors":[13,13,21],"current_hp_per_floor":[64,53,53,53,53,53,25,25,25,21,21,13,28,28,37,20,64,62,62,70,78,78,78,78,78,78,78,65,77,78,74,78,65,75,74,74,74,71,71,74,74,74,74,40,50,48,58,33,51,0,0],"gold":668,"neow_bonus":"THREE_ENEMY_KILL","is_daily":false,"chose_seed":false,"campfire_upgraded":10,"win_rate":0.0,"timestamp":1612580327,"path_taken":["M","?","M","?","?","R","E","R","T","M","R","E","$","?","R","BOSS","M","?","M","$","?","R","?","?","T","R","E","R","M","E","R","BOSS","M","?","$","M","?","R","M","R","T","E","?","M","M","E","R","BOSS"],"items_purchased_type":["Relic","Card","Card"],"build_version":"2020-12-22","purchased_purges":0,"victory":false,"max_hp_per_floor":[71,71,71,71,71,71,78,78,78,78,78,78,78,78,78,78,78,78,78,78,78,78,78,78,78,78,78,78,78,78,78,78,78,78,78,74,74,74,74,74,74,74,74,74,74,74,74,74,74,74,74],"card_choices":[{"not_picked":["Streamline","Gash"],"picked":"Lockon","floor":1},{"not_picked":["Turbo","Redo"],"picked":"Reinforced Body","floor":3},{"not_picked":["Leap","Rebound"],"picked":"Compile Driver","floor":5},{"not_picked":["Rip and Tear","Beam Cell"],"picked":"Defragment","floor":7},{"not_picked":["Gash","Skim"],"picked":"Defragment","floor":10},{"not_picked":["Reprogram","Machine Learning"],"picked":"Self Repair","floor":12},{"not_picked":["Core Surge","Multi-Cast"],"picked":"Biased Cognition","floor":16},{"not_picked":["Go for the Eyes","Force Field"],"picked":"Hologram","floor":18},{"not_picked":["Undo","Hologram"],"picked":"Chill","floor":20},{"not_picked":["Turbo","Stack"],"picked":"Hologram","floor":25},{"not_picked":["Reinforced Body","Stack"],"picked":"Turbo","floor":28},{"not_picked":["Leap","Gash","Streamline"],"picked":"SKIP","floor":30},{"not_picked":["Doom and Gloom","Ball Lightning"],"picked":"Leap+1","floor":31},{"not_picked":["Thunder Strike","Machine Learning"],"picked":"Fission","floor":33},{"not_picked":["Ball Lightning","Beam Cell+1"],"picked":"Streamline+1","floor":35},{"not_picked":["Storm","Go for the Eyes","Gash"],"picked":"SKIP","floor":38},{"not_picked":["Ball Lightning","Fusion"],"picked":"Hologram+1","floor":41},{"not_picked":["Cold Snap","Genetic Algorithm+1","FTL+1"],"picked":"Coolheaded","floor":44},{"not_picked":["Cold Snap","Coolheaded","Skim"],"picked":"Electrodynamics","floor":45},{"not_picked":["Conserve Battery+1","Streamline","Chaos"],"picked":"Compile Driver+1","floor":46},{"not_picked":["Streamline","Aggregate","Double Energy","Scrape+1"],"picked":"SKIP","floor":47},{"not_picked":["Machine Learning","Fusion","Sweeping Beam+1"],"picked":"Force Field+1","floor":48}],"player_experience":4181803,"relics_obtained":[{"floor":7,"key":"Strawberry"},{"floor":9,"key":"MealTicket"},{"floor":12,"key":"DataDisk"},{"floor":28,"key":"Bronze Scales"},{"floor":31,"key":"Gremlin Horn"},{"floor":43,"key":"Question Card"},{"floor":44,"key":"Smiling Mask"},{"floor":48,"key":"Regal Pillow"}],"event_choices":[{"damage_healed":0,"gold_gain":75,"player_choice":"Gather Gold","damage_taken":11,"max_hp_gain":0,"max_hp_loss":0,"event_name":"World of Goop","floor":2,"gold_loss":0},{"damage_healed":0,"gold_gain":0,"player_choice":"Trade","damage_taken":0,"relics_obtained":["CultistMask"],"max_hp_gain":0,"max_hp_loss":0,"event_name":"FaceTrader","floor":4,"gold_loss":0},{"damage_healed":0,"gold_gain":0,"player_choice":"Ignored","damage_taken":0,"max_hp_gain":0,"max_hp_loss":0,"event_name":"Liars Game","floor":14,"gold_loss":0},{"damage_healed":0,"gold_gain":0,"cards_transformed":["Strike_B","Strike_B"],"player_choice":"Became Test Subject","damage_taken":0,"max_hp_gain":0,"max_hp_loss":0,"event_name":"Drug Dealer","floor":19,"gold_loss":0,"cards_obtained":["Blizzard","Scrape"]},{"damage_healed":0,"gold_gain":0,"player_choice":"Ignored","damage_taken":0,"max_hp_gain":0,"max_hp_loss":0,"event_name":"Vampires","floor":22,"gold_loss":0},{"damage_healed":0,"gold_gain":250,"player_choice":"Bet on Owner","damage_taken":0,"max_hp_gain":0,"max_hp_loss":0,"event_name":"The Joust","floor":24,"gold_loss":50},{"damage_healed":0,"gold_gain":0,"player_choice":"Max HP","damage_taken":0,"max_hp_gain":0,"max_hp_loss":4,"event_name":"Winding Halls","floor":36,"gold_loss":0},{"damage_healed":0,"gold_gain":0,"player_choice":"Upgraded","damage_taken":0,"max_hp_gain":0,"max_hp_loss":0,"event_name":"Upgrade Shrine","floor":39,"gold_loss":0,"cards_upgraded":["Fission"]}],"is_beta":false,"boss_relics":[{"not_picked":["Calling Bell","Sozu"],"picked":"FrozenCore"},{"not_picked":["SlaversCollar","Tiny House"],"picked":"Cursed Key"}],"items_purged_floors":[],"is_endless":false,"potions_floor_spawned":[5,7,10,12,28,31,33,38,41,45,46,48],"killed_by":"Awakened One","ascension_level":20}}