{"host":"640uue19m79c7wbt","time":1612637677,"event":{"mods":["BaseMod","Colored Map","Googly Eyes","Highlight Path","Minty Spire (QoL Compilation)","Quick Restart","StSLib"],"gold_per_floor":[112,112,262,277,27,55,110,110,110,110,110],"floor_reached":10,"language":"ENG","playtime":254,"items_purged":[],"score":174,"play_id":"ae25730b-ac54-4d07-b861-b450af58faeb","local_time":"20210206135437","is_ascension_mode":true,"campfire_choices":[{"floor":8,"key":"REST"}],"circlet_count":0,"master_deck":["AscendersBane","Strike_G","Strike_G","Strike_G+1","Strike_G","Strike_G","Defend_G","Defend_G","Defend_G","Defend_G","Defend_G","Survivor","Neutralize","Footwork+1","Doubt","Escape Plan","Blur","Bouncing Flask","Cloak And Dagger","Bullet Time"],"relics":["Ring of the Snake","NeowsBlessing","Lee\u0027s Waffle","Bottled Tornado","Dream Catcher","Frozen Egg 2"],"acts_visited":["Exordium"],"potions_floor_usage":[7,10],"damage_taken":[{"damage":0,"enemies":"2 Louse","floor":1,"turns":1},{"damage":0,"enemies":"Jaw Worm","floor":4,"turns":1},{"damage":0,"enemies":"Lagavulin","floor":6,"turns":1},{"damage":55,"enemies":"Gremlin Nob","floor":7,"turns":6},{"damage":29,"enemies":"3 Sentries","floor":10,"turns":6}],"seed_played":"-5499426677196517505","potions_obtained":[{"floor":1,"key":"Ancient Potion"},{"floor":7,"key":"Poison Potion"}],"is_trial":false,"path_per_floor":["M","?","?","M","$","E","?","R","T","E"],"character_chosen":"THE_SILENT","items_purchased":["Blur","Lee\u0027s Waffle"],"campfire_rested":1,"item_purchase_floors":[5,5],"current_hp_per_floor":[59,39,39,39,73,73,18,39,39,10,10],"gold":110,"neow_bonus":"THREE_ENEMY_KILL","is_daily":false,"chose_seed":false,"campfire_upgraded":0,"win_rate":0.0,"timestamp":1612637677,"path_taken":["M","?","?","M","$","E","?","R","T","E"],"items_purchased_type":["Card","Relic"],"build_version":"2020-12-22","purchased_purges":0,"victory":false,"max_hp_per_floor":[66,66,66,66,73,73,73,73,73,73,73],"card_choices":[{"not_picked":["Masterful Stab","Outmaneuver"],"picked":"Footwork","floor":1},{"not_picked":["Leg Sweep","Dagger Throw"],"picked":"Escape Plan","floor":4},{"not_picked":["Flying Knee","Prepared"],"picked":"Bouncing Flask","floor":6},{"not_picked":["Infinite Blades","Flying Knee"],"picked":"Cloak And Dagger","floor":7},{"not_picked":["Sucker Punch","Endless Agony"],"picked":"Bullet Time","floor":8}],"player_experience":664098,"relics_obtained":[{"floor":6,"key":"Bottled Tornado"},{"floor":7,"key":"Dream Catcher"},{"floor":9,"key":"Frozen Egg 2"}],"event_choices":[{"damage_healed":0,"gold_gain":0,"player_choice":"Entered Light","damage_taken":20,"max_hp_gain":0,"max_hp_loss":0,"event_name":"Shining Light","floor":2,"gold_loss":0,"cards_upgraded":["Footwork","Strike_G"]},{"damage_healed":0,"gold_gain":150,"player_choice":"AGREE","damage_taken":0,"max_hp_gain":0,"max_hp_loss":0,"event_name":"Liars Game","floor":3,"gold_loss":0,"cards_obtained":["Doubt"]},{"damage_healed":0,"gold_gain":0,"player_choice":"Searched \u00271\u0027 times","damage_taken":0,"max_hp_gain":0,"max_hp_loss":0,"event_name":"Dead Adventurer","floor":7,"gold_loss":0}],"is_beta":false,"boss_relics":[],"items_purged_floors":[],"is_endless":false,"potions_floor_spawned":[1,7],"killed_by":"3 Sentries","ascension_level":19}}