{"host":"y76clbnovzmw9ubx","time":1612655210,"event":{"mods":["AchievementEnabler","BaseMod","Minty Spire (QoL Compilation)","Permanent Neow","Relic Stats"],"gold_per_floor":[10,25,40,60,110,110,143,143,170,198,211,211,228,241,241,312,312,331,351,30,50,50,82,82,82,82],"floor_reached":25,"language":"ENG","playtime":1913,"items_purged":["Strike_G"],"score":570,"play_id":"e0778b44-6fe7-40a3-b18f-fd5cf9744d42","local_time":"20210206184650","is_ascension_mode":true,"campfire_choices":[{"data":"Skewer","floor":6,"key":"SMITH"},{"data":"Die Die Die","floor":8,"key":"SMITH"},{"data":"Well Laid Plans","floor":12,"key":"SMITH"},{"data":"Caltrops","floor":15,"key":"SMITH"},{"floor":24,"key":"REST"}],"circlet_count":0,"master_deck":["AscendersBane","Strike_G","Strike_G","Strike_G","Defend_G","Defend_G+1","Defend_G+1","Defend_G","Survivor","Neutralize","Die Die Die+1","Caltrops+1","Masterful Stab","Dagger Throw","Skewer+1","Slice","Well Laid Plans+1","Leg Sweep","Predator","Malaise","Noxious Fumes","Deflect","Backstab","Backflip"],"relics":["Ring of the Snake","Bag of Marbles","Orichalcum","War Paint","Philosopher\u0027s Stone","PreservedInsect","Enchiridion","Centennial Puzzle"],"acts_visited":["Exordium","TheCity"],"potions_floor_usage":[10,16,18,25,25],"damage_taken":[{"damage":4,"enemies":"Small Slimes","floor":1,"turns":3},{"damage":0,"enemies":"Cultist","floor":2,"turns":3},{"damage":0,"enemies":"2 Louse","floor":3,"turns":1},{"damage":0,"enemies":"Large Slime","floor":4,"turns":4},{"damage":20,"enemies":"3 Sentries","floor":7,"turns":6},{"damage":10,"enemies":"Lagavulin","floor":10,"turns":3},{"damage":0,"enemies":"2 Fungi Beasts","floor":11,"turns":2},{"damage":0,"enemies":"Red Slaver","floor":13,"turns":2},{"damage":0,"enemies":"Large Slime","floor":14,"turns":2},{"damage":0,"enemies":"Slime Boss","floor":16,"turns":8},{"damage":6,"enemies":"2 Thieves","floor":18,"turns":2},{"damage":0,"enemies":"Shell Parasite","floor":19,"turns":1},{"damage":8,"enemies":"Snake Plant","floor":21,"turns":4},{"damage":19,"enemies":"Slavers","floor":23,"turns":5},{"damage":26,"enemies":"Cultist and Chosen","floor":25,"turns":5}],"seed_played":"-5847351178415166965","potions_obtained":[{"floor":1,"key":"SteroidPotion"},{"floor":3,"key":"ColorlessPotion"},{"floor":7,"key":"Block Potion"},{"floor":13,"key":"Strength Potion"},{"floor":16,"key":"Fire Potion"},{"floor":18,"key":"Poison Potion"}],"is_trial":false,"path_per_floor":["M","M","M","M","?","R","E","R","T","E","M","R","M","M","R","B",null,"M","M","$","M","?","E","R","M"],"character_chosen":"THE_SILENT","items_purchased":["Backstab","PreservedInsect"],"campfire_rested":1,"item_purchase_floors":[20,20],"current_hp_per_floor":[55,55,55,55,55,55,35,35,35,25,25,25,25,25,25,25,56,50,50,50,42,21,2,21,0,0],"gold":82,"neow_bonus":"TRANSFORM_TWO_CARDS","is_daily":false,"chose_seed":false,"campfire_upgraded":4,"win_rate":0.0,"timestamp":1612655210,"path_taken":["M","M","M","M","?","R","E","R","T","E","?","R","M","?","R","BOSS","M","M","$","M","?","E","R","M"],"items_purchased_type":["Card","Relic"],"build_version":"2020-12-22","purchased_purges":1,"victory":false,"max_hp_per_floor":[66,66,66,66,66,66,66,66,66,66,66,66,66,66,66,66,66,66,66,66,66,66,66,66,66,66],"relic_stats":{"Centennial Puzzle":[3],"counters":[15,51],"PreservedInsect":42,"Orichalcum":[66],"War Paint":["Defend_G","Defend_G"],"obtain_stats":[{"Centennial Puzzle":23,"Enchiridion":22,"Philosopher\u0027s Stone":17,"PreservedInsect":20,"Bag of Marbles":7,"Orichalcum":9,"War Paint":10,"Ring of the Snake":0},{"Centennial Puzzle":14,"Enchiridion":13,"Philosopher\u0027s Stone":10,"PreservedInsect":12,"Bag of Marbles":5,"Orichalcum":5,"War Paint":6,"Ring of the Snake":0},{"Centennial Puzzle":46,"Enchiridion":41,"Philosopher\u0027s Stone":34,"PreservedInsect":37,"Bag of Marbles":17,"Orichalcum":17,"War Paint":20,"Ring of the Snake":0}],"Ring of the Snake":[30]},"card_choices":[{"not_picked":["Riddle With Holes","Escape Plan"],"picked":"Masterful Stab","floor":1},{"not_picked":["Blur","Outmaneuver"],"picked":"Dagger Throw","floor":2},{"not_picked":["Crippling Poison","Flying Knee","Dodge and Roll"],"picked":"SKIP","floor":3},{"not_picked":["Infinite Blades","Crippling Poison"],"picked":"Skewer","floor":4},{"not_picked":["Choke","Flechettes","Dagger Throw"],"picked":"SKIP","floor":7},{"not_picked":["Grand Finale","Poisoned Stab"],"picked":"Slice","floor":10},{"not_picked":["Slice","Sucker Punch"],"picked":"Well Laid Plans","floor":11},{"not_picked":["Slice","Catalyst"],"picked":"Leg Sweep","floor":13},{"not_picked":["Quick Slash","Poisoned Stab"],"picked":"Predator","floor":14},{"not_picked":["A Thousand Cuts","Corpse Explosion"],"picked":"Malaise","floor":16},{"not_picked":["Flying Knee","Underhanded Strike"],"picked":"Noxious Fumes","floor":18},{"not_picked":["Reflex","Distraction"],"picked":"Deflect","floor":19},{"not_picked":["Skewer","Quick Slash","Bane"],"picked":"SKIP","floor":21},{"not_picked":["Endless Agony","Cloak And Dagger"],"picked":"Backflip","floor":23}],"player_experience":3199135,"relics_obtained":[{"floor":7,"key":"Bag of Marbles"},{"floor":9,"key":"Orichalcum"},{"floor":10,"key":"War Paint"},{"floor":22,"key":"Enchiridion"},{"floor":23,"key":"Centennial Puzzle"}],"event_choices":[{"damage_healed":0,"gold_gain":50,"player_choice":"Pray","damage_taken":0,"max_hp_gain":0,"max_hp_loss":0,"event_name":"Golden Shrine","floor":5,"gold_loss":0},{"damage_healed":0,"gold_gain":0,"player_choice":"Obtained Book","damage_taken":21,"max_hp_gain":0,"max_hp_loss":0,"event_name":"Cursed Tome","floor":22,"gold_loss":0}],"is_beta":false,"boss_relics":[{"not_picked":["Runic Dome","Calling Bell"],"picked":"Philosopher\u0027s Stone"}],"items_purged_floors":[20],"is_endless":false,"potions_floor_spawned":[1,3,7,13,16,18,19],"killed_by":"Cultist and Chosen","ascension_level":20}}