{"host":"sxnl403xm2xmiyj1","time":1612584205,"event":{"mods":["AchievementEnabler","BaseMod","Colored Map","Keyboard Shortcuts","Minty Spire (QoL Compilation)","Quick Restart","StSLib","SuperFastMode"],"gold_per_floor":[114,114,132,12,23,49,49,59,130,165,165,265,292,308,308,308,308],"floor_reached":16,"language":"KOR","playtime":280,"items_purged":["Strike_R"],"score":162,"play_id":"da2c6d3b-4c6e-4592-8547-3f822fb03060","local_time":"20210206130325","is_ascension_mode":true,"campfire_choices":[{"data":"Shockwave","floor":7.0,"key":"SMITH"},{"data":"Dark Embrace","floor":11.0,"key":"SMITH"},{"data":"Disarm","floor":15.0,"key":"SMITH"}],"circlet_count":0,"master_deck":["Strike_R","Strike_R","Strike_R","Strike_R","Defend_R","Defend_R","Defend_R","Bash","Shockwave+1","Dark Embrace+1","Flex","Flex","Pommel Strike","Warcry","Seeing Red","Disarm+1","Sword Boomerang"],"relics":["Burning Blood","NeowsBlessing","Lizard Tail","Question Card","Tiny Chest","White Beast Statue"],"acts_visited":["Exordium"],"potions_floor_usage":[],"damage_taken":[{"damage":2.0,"enemies":"2 Louse","floor":1.0,"turns":2.0},{"damage":0.0,"enemies":"Cultist","floor":3.0,"turns":1.0},{"damage":0.0,"enemies":"Jaw Worm","floor":5.0,"turns":1.0},{"damage":27.0,"enemies":"Gremlin Nob","floor":6.0,"turns":5.0},{"damage":24.0,"enemies":"Exordium Thugs","floor":8.0,"turns":5.0},{"damage":15.0,"enemies":"3 Sentries","floor":10.0,"turns":8.0},{"damage":25.0,"enemies":"Lagavulin","floor":13.0,"turns":6.0},{"damage":12.0,"enemies":"Blue Slaver","floor":14.0,"turns":5.0},{"damage":6,"enemies":"The Guardian","floor":16,"turns":7}],"seed_played":"3594233781079953429","potions_obtained":[{"floor":1.0,"key":"EssenceOfSteel"},{"floor":3.0,"key":"EntropicBrew"},{"floor":5.0,"key":"Block Potion"},{"floor":14.0,"key":"Fire Potion"}],"is_trial":false,"path_per_floor":["M","?","M","$","M","E","R","M","T","E","R","?","E","M","R","B"],"character_chosen":"IRONCLAD","items_purchased":["Flex"],"campfire_rested":0,"item_purchase_floors":[4],"current_hp_per_floor":[76,76,80,80,80,59,59,41,41,32,32,32,13,7,7,1,1],"gold":308,"neow_bonus":"THREE_ENEMY_KILL","is_daily":false,"chose_seed":false,"campfire_upgraded":3,"win_rate":0.0,"timestamp":1612584205,"path_taken":["M","?","M","$","?","E","R","M","T","E","R","?","E","M","R","BOSS"],"items_purchased_type":["Card"],"build_version":"2020-12-22","purchased_purges":1,"victory":false,"max_hp_per_floor":[80,80,80,80,80,80,80,80,80,80,80,80,80,80,80,80,80],"card_choices":[{"not_picked":["Twin Strike","Dark Embrace"],"picked":"Shockwave","floor":1.0},{"not_picked":["Flame Barrier","Seeing Red"],"picked":"Dark Embrace","floor":3.0},{"not_picked":["Rupture","Clash"],"picked":"Flex","floor":5.0},{"not_picked":["Cleave","Carnage"],"picked":"Pommel Strike","floor":6.0},{"not_picked":["Burning Pact","Shrug It Off"],"picked":"Warcry","floor":8.0},{"not_picked":["Iron Wave","Headbutt","Second Wind"],"picked":"Seeing Red","floor":10.0},{"not_picked":["Shrug It Off","Inflame","Havoc"],"picked":"Disarm","floor":13.0},{"not_picked":["Clothesline","Rage","Armaments"],"picked":"Sword Boomerang","floor":14.0}],"player_experience":189836,"relics_obtained":[{"floor":6.0,"key":"Lizard Tail"},{"floor":9.0,"key":"Question Card"},{"floor":10.0,"key":"Tiny Chest"},{"floor":13.0,"key":"White Beast Statue"}],"event_choices":[{"cards_removed":["Defend_R"],"damage_healed":0.0,"max_hp_gain":0.0,"max_hp_loss":0.0,"gold_gain":0.0,"event_name":"Purifier","player_choice":"Purged","floor":2.0,"gold_loss":0.0,"damage_taken":0.0},{"damage_healed":0.0,"max_hp_gain":0.0,"max_hp_loss":0.0,"gold_gain":100.0,"event_name":"Golden Shrine","player_choice":"Pray","floor":12.0,"gold_loss":0.0,"damage_taken":0.0}],"is_beta":false,"boss_relics":[],"items_purged_floors":[4],"is_endless":false,"potions_floor_spawned":[1,3,5,6,14],"killed_by":"The Guardian","ascension_level":7}}