{"host":"rtw1tnr74gozsrw1","time":1612572903,"event":{"mods":["BaseMod","Colored Map","Colored Powertips","Highlight Path","Minty Spire (QoL Compilation)","StSLib","The Jungle"],"gold_per_floor":[118,43,54,68,86,117,128,128,128,128,146,146,165,165,165,269,269,269,269],"floor_reached":18,"language":"ENG","playtime":647,"items_purged":["Strike_B"],"score":197,"play_id":"9c5ef6a7-0aa1-4450-ae04-862cd634d015","local_time":"20210206015503","is_ascension_mode":true,"campfire_choices":[{"data":"Defragment","floor":8,"key":"SMITH"},{"data":"Auto Shields","floor":10,"key":"SMITH"},{"data":"Conserve Battery","floor":12,"key":"SMITH"},{"floor":15,"key":"REST"}],"circlet_count":0,"master_deck":["Zap","Dualcast","Defragment+1","BootSequence","Cold Snap","Auto Shields+1","FTL","Conserve Battery+1","Creative AI","Buffer","Steam Power","BootSequence","Fission","Sunder","Multi-Cast","Electrodynamics"],"relics":["Cracked Core","NeowsBlessing","Juzu Bracelet","Gremlin Horn","Pandora\u0027s Box"],"acts_visited":["Exordium","TheCity"],"potions_floor_usage":[7],"damage_taken":[{"damage":0,"enemies":"Small Slimes","floor":1,"turns":1},{"damage":0,"enemies":"Jaw Worm","floor":3,"turns":1},{"damage":0,"enemies":"2 Louse","floor":4,"turns":1},{"damage":2,"enemies":"Looter","floor":5,"turns":3},{"damage":31,"enemies":"Gremlin Nob","floor":6,"turns":5},{"damage":0,"enemies":"Lots of Slimes","floor":7,"turns":2},{"damage":0,"enemies":"Exordium Wildlife","floor":11,"turns":4},{"damage":6,"enemies":"Large Slime","floor":13,"turns":5},{"damage":22,"enemies":"Hexaghost","floor":16,"turns":12},{"damage":24,"enemies":"Chosen","floor":18,"turns":7}],"seed_played":"-7170592434016038720","potions_obtained":[{"floor":1,"key":"BlessingOfTheForge"},{"floor":5,"key":"Explosive Potion"},{"floor":11,"key":"SmokeBomb"},{"floor":13,"key":"Explosive Potion"},{"floor":16,"key":"PotionOfCapacity"}],"is_trial":false,"path_per_floor":["M","$","M","M","M","E","M","R","T","R","M","R","M","?","R","B",null,"M"],"character_chosen":"DEFECT","items_purchased":[],"campfire_rested":1,"item_purchase_floors":[],"current_hp_per_floor":[75,75,75,75,73,42,42,42,42,42,42,42,36,29,51,29,75,51,51],"gold":269,"neow_bonus":"THREE_ENEMY_KILL","is_daily":false,"chose_seed":false,"campfire_upgraded":3,"win_rate":0.0,"timestamp":1612572903,"path_taken":["M","$","M","M","M","E","M","R","T","R","M","R","M","?","R","BOSS","M"],"items_purchased_type":[],"build_version":"2020-12-22","purchased_purges":1,"victory":false,"max_hp_per_floor":[75,75,75,75,75,75,75,75,75,75,75,75,75,75,75,75,75,75,75],"card_choices":[{"not_picked":["Loop","Leap"],"picked":"Defragment","floor":1},{"not_picked":["Beam Cell","Storm"],"picked":"BootSequence","floor":3},{"not_picked":["Go for the Eyes","Aggregate","Stack"],"picked":"SKIP","floor":4},{"not_picked":["Compile Driver","Sunder"],"picked":"Cold Snap","floor":5},{"not_picked":["Leap","Skim"],"picked":"Auto Shields","floor":6},{"not_picked":["Gash","Static Discharge"],"picked":"FTL","floor":7},{"not_picked":["Rebound","Hello World"],"picked":"Conserve Battery","floor":11},{"not_picked":["Go for the Eyes","Beam Cell"],"picked":"Creative AI","floor":13},{"not_picked":["Hyperbeam","Biased Cognition"],"picked":"Buffer","floor":16}],"player_experience":114479,"relics_obtained":[{"floor":6,"key":"Juzu Bracelet"},{"floor":9,"key":"Gremlin Horn"}],"event_choices":[{"cards_removed":["Strike_B"],"damage_healed":0,"gold_gain":0,"player_choice":"Card Removal","damage_taken":7,"max_hp_gain":0,"max_hp_loss":0,"event_name":"Golden Wing","floor":14,"gold_loss":0}],"is_beta":false,"boss_relics":[{"not_picked":["SlaversCollar","Ectoplasm"],"picked":"Pandora\u0027s Box"}],"items_purged_floors":[2],"is_endless":false,"potions_floor_spawned":[1,5,11,13,16],"killed_by":"Chosen","ascension_level":4}}