{"host":"0t49mrxx90xkfqmj","time":1612591810,"event":{"mods":["AchievementEnabler","BaseMod","Colored Map","Colored Powertips","Minty Spire (QoL Compilation)","Relic Stats","Synergy Search"],"gold_per_floor":[110,61,61,74,24,41,41,52,52,106,116,116,135,154,154,252,252,270,63,83,93,93,93],"floor_reached":22,"language":"ENG","playtime":1751,"items_purged":["Strike_G"],"score":198,"play_id":"90bc0458-581f-489f-bf3b-4399a96e1da3","local_time":"20210206081010","is_ascension_mode":true,"campfire_choices":[{"floor":15,"key":"REST"}],"circlet_count":0,"master_deck":["Defend_G","Defend_G","Defend_G","Defend_G","Defend_G","Survivor","Neutralize","PiercingWail","Deadly Poison","Poisoned Stab","Noxious Fumes","PiercingWail","Footwork","Well Laid Plans","Footwork","Catalyst"],"relics":["Empty Cage","Gremlin Horn","InkBottle","HoveringKite","Membership Card"],"acts_visited":["Exordium","TheCity"],"potions_floor_usage":[],"damage_taken":[{"damage":15,"enemies":"Jaw Worm","floor":1,"turns":11},{"damage":0,"enemies":"2 Louse","floor":4,"turns":4},{"damage":1,"enemies":"Small Slimes","floor":6,"turns":7},{"damage":0,"enemies":"2 Fungi Beasts","floor":8,"turns":3},{"damage":0,"enemies":"3 Louse","floor":11,"turns":4},{"damage":18,"enemies":"Lots of Slimes","floor":13,"turns":5},{"damage":7,"enemies":"Exordium Thugs","floor":14,"turns":7},{"damage":14,"enemies":"The Guardian","floor":16,"turns":11},{"damage":0,"enemies":"Shell Parasite","floor":18,"turns":9},{"damage":3,"enemies":"Spheric Guardian","floor":20,"turns":5},{"damage":57,"enemies":"3 Cultists","floor":21,"turns":9},{"damage":10,"enemies":"Sentry and Sphere","floor":22,"turns":5}],"seed_played":"445909720811858909","potions_obtained":[{"floor":4,"key":"Strength Potion"},{"floor":11,"key":"EntropicBrew"},{"floor":16,"key":"Weak Potion"},{"floor":18,"key":"AttackPotion"}],"is_trial":false,"path_per_floor":["M","?","?","M","?","M","?","M","T","T","M","$","M","M","R","B",null,"M","$","M","M","M"],"character_chosen":"THE_SILENT","items_purchased":["Membership Card","Footwork"],"campfire_rested":1,"item_purchase_floors":[19,19],"current_hp_per_floor":[55,55,48,48,48,47,40,40,40,40,40,40,22,15,36,22,70,70,70,67,10,0,0],"gold":93,"neow_bonus":"BOSS_RELIC","is_daily":false,"chose_seed":false,"campfire_upgraded":0,"win_rate":0.0,"timestamp":1612591810,"path_taken":["M","?","?","?","?","M","?","M","T","?","M","?","M","M","R","BOSS","M","$","M","M","M"],"items_purchased_type":["Relic","Card"],"build_version":"2020-12-22","purchased_purges":1,"victory":false,"max_hp_per_floor":[70,70,70,70,70,70,70,70,70,70,70,70,70,70,70,70,70,70,70,70,70,70,70],"relic_stats":{"Gremlin Horn":[10,10],"counters":[12,80],"HoveringKite":[11],"obtain_stats":[{"Gremlin Horn":3,"HoveringKite":17,"Membership Card":19,"Empty Cage":0,"InkBottle":9,"Ring of the Snake":0},{"Gremlin Horn":1,"HoveringKite":8,"Membership Card":9,"Empty Cage":0,"InkBottle":4,"Ring of the Snake":0},{"Gremlin Horn":11,"HoveringKite":52,"Membership Card":61,"Empty Cage":0,"InkBottle":25,"Ring of the Snake":0}],"InkBottle":[15]},"card_choices":[{"not_picked":["Acrobatics","Backstab"],"picked":"PiercingWail","floor":1},{"not_picked":["Outmaneuver","Dagger Throw"],"picked":"Deadly Poison","floor":4},{"not_picked":["Eviscerate","Dodge and Roll"],"picked":"Poisoned Stab","floor":6},{"not_picked":["Dagger Throw","Masterful Stab","Outmaneuver"],"picked":"SKIP","floor":8},{"not_picked":["Caltrops","Poisoned Stab"],"picked":"Noxious Fumes","floor":11},{"not_picked":["Grand Finale","Cloak And Dagger"],"picked":"PiercingWail","floor":13},{"not_picked":["Dodge and Roll","Sucker Punch"],"picked":"Footwork","floor":14},{"not_picked":["Infinite Blades","Outmaneuver+1"],"picked":"Well Laid Plans","floor":18},{"not_picked":["Backflip+1","Underhanded Strike"],"picked":"Catalyst","floor":20},{"not_picked":["Tactician","Flying Knee","Quick Slash"],"picked":"SKIP","floor":21}],"player_experience":202996,"relics_obtained":[{"floor":9,"key":"InkBottle"}],"event_choices":[{"damage_healed":0,"gold_gain":0,"player_choice":"Left Gold","damage_taken":0,"max_hp_gain":0,"max_hp_loss":0,"event_name":"World of Goop","floor":2,"gold_loss":49},{"damage_healed":0,"gold_gain":0,"player_choice":"Success","damage_taken":7,"relics_obtained":["Gremlin Horn"],"max_hp_gain":0,"max_hp_loss":0,"event_name":"Scrap Ooze","floor":3,"gold_loss":0},{"cards_removed":["Strike_G"],"damage_healed":0,"gold_gain":0,"player_choice":"Card Removal","damage_taken":0,"max_hp_gain":0,"max_hp_loss":0,"event_name":"The Cleric","floor":5,"gold_loss":50},{"cards_removed":["Strike_G"],"damage_healed":0,"gold_gain":0,"player_choice":"Card Removal","damage_taken":7,"max_hp_gain":0,"max_hp_loss":0,"event_name":"Golden Wing","floor":7,"gold_loss":0}],"is_beta":false,"boss_relics":[{"not_picked":["Ectoplasm","Pandora\u0027s Box"],"picked":"HoveringKite"}],"items_purged_floors":[19],"is_endless":false,"potions_floor_spawned":[4,11,16,18],"killed_by":"Sentry and Sphere","ascension_level":2}}