{"host":"j4g6ia6asvpyu2b0","time":1612575278,"event":{"mods":["BaseMod","Colored Map","Minty Spire (QoL Compilation)","Permanent Neow","Quick Restart","Relic Stats","StSLib","Unceasing Turn Reminder"],"gold_per_floor":[118,118,129,145,165,165,208,235,262,286,327,60,60,102,102,209,209,225,225,245,245,274,305,305,349,376,413,413,451,451,472,472,583,583,605,632,421,443,466,466,505,505,528,564,581,622,478,478,478,478,478,478,23,64,64],"floor_reached":56,"language":"ENG","playtime":2237,"items_purged":[],"score":1768,"play_id":"e51be6a4-dd59-453e-9328-0fb1c73e329e","local_time":"20210205183438","is_ascension_mode":true,"campfire_choices":[{"data":"Catalyst","floor":6,"key":"SMITH"},{"data":"Noxious Fumes","floor":13,"key":"SMITH"},{"data":"Crippling Poison","floor":15,"key":"SMITH"},{"data":"Envenom","floor":28,"key":"SMITH"},{"data":"After Image","floor":32,"key":"SMITH"},{"floor":40,"key":"RECALL"},{"floor":42,"key":"REST"},{"floor":49,"key":"REST"},{"floor":52,"key":"REST"}],"circlet_count":0,"master_deck":["Survivor","Neutralize","Catalyst","Noxious Fumes+1","Dash","Dash","Crippling Poison+1","Expertise","Burst","Envenom+1","Doppelganger","Poisoned Stab","Blur","Deflect","Catalyst+1","Dagger Spray","Adrenaline","Blade Dance","Backflip","Footwork","Caltrops","Wraith Form v2","Predator","Malaise","PiercingWail","After Image+1","Quick Slash","After Image","Well Laid Plans","Bouncing Flask+1","Footwork","Dash+1","PiercingWail+1","PiercingWail+1","Cloak And Dagger+1","Blur+1","Footwork","Crippling Poison","Cloak And Dagger+1"],"relics":["Pandora\u0027s Box","Akabeko","CeramicFish","Art of War","Centennial Puzzle","Gremlin Horn","Happy Flower","Philosopher\u0027s Stone","Red Mask","Pen Nib","Eternal Feather","MealTicket","Incense Burner","Anchor","Fusion Hammer","TwistedFunnel","Lantern","Ninja Scroll","Paper Crane","Medical Kit","Oddly Smooth Stone","Vajra","Bag of Marbles"],"acts_visited":["Exordium","TheCity","TheBeyond","TheEnding"],"potions_floor_usage":[4,5,7,7,10,11,16,16,18,20,22,23,23,23,23,23,27,29,33,35,36,38,45,55,55],"damage_taken":[{"damage":10.0,"enemies":"Small Slimes","floor":1.0,"turns":4.0},{"damage":0,"enemies":"Cultist","floor":3,"turns":4},{"damage":4,"enemies":"2 Louse","floor":4,"turns":3},{"damage":0,"enemies":"Exordium Wildlife","floor":5,"turns":5},{"damage":1,"enemies":"Gremlin Nob","floor":7,"turns":3},{"damage":0,"enemies":"Large Slime","floor":8,"turns":5},{"damage":6,"enemies":"Lots of Slimes","floor":10,"turns":2},{"damage":0,"enemies":"Lagavulin","floor":11,"turns":3},{"damage":18,"enemies":"Gremlin Nob","floor":14,"turns":3},{"damage":0,"enemies":"Slime Boss","floor":16,"turns":7},{"damage":5,"enemies":"Chosen","floor":18,"turns":2},{"damage":1,"enemies":"Shell Parasite","floor":20,"turns":3},{"damage":2,"enemies":"Masked Bandits","floor":22,"turns":4},{"damage":11,"enemies":"Slavers","floor":23,"turns":3},{"damage":1,"enemies":"Gremlin Leader","floor":25,"turns":3},{"damage":3,"enemies":"Slavers","floor":27,"turns":5},{"damage":0,"enemies":"Gremlin Leader","floor":29,"turns":4},{"damage":0,"enemies":"Snake Plant","floor":31,"turns":5},{"damage":8,"enemies":"Collector","floor":33,"turns":7},{"damage":0,"enemies":"Orb Walker","floor":35,"turns":3},{"damage":0,"enemies":"3 Shapes","floor":36,"turns":3},{"damage":0,"enemies":"Maw","floor":38,"turns":4},{"damage":0,"enemies":"Spire Growth","floor":39,"turns":3},{"damage":0,"enemies":"Reptomancer","floor":41,"turns":8},{"damage":0,"enemies":"Giant Head","floor":44,"turns":5},{"damage":0,"enemies":"Writhing Mass","floor":45,"turns":5},{"damage":0,"enemies":"Nemesis","floor":46,"turns":7},{"damage":7,"enemies":"Donu and Deca","floor":50,"turns":7},{"damage":0,"enemies":"Shield and Spear","floor":54,"turns":5},{"damage":55,"enemies":"The Heart","floor":55,"turns":7}],"seed_played":"848722678486953126","potions_obtained":[{"floor":1,"key":"Weak Potion"},{"floor":11,"key":"ColorlessPotion"},{"floor":18,"key":"CunningPotion"},{"floor":22,"key":"LiquidBronze"},{"floor":31,"key":"Block Potion"},{"floor":36,"key":"LiquidMemories"},{"floor":46,"key":"Block Potion"}],"is_trial":false,"path_per_floor":["M","?","M","M","M","R","E","M","T","M","E","$","R","E","R","B",null,"M","$","M","?","?","E","$","E","T","E","R","E","?","M","R","B",null,"M","M","$","M","M","R","E","R","T","E","M","E","$","?","R","B",null,"R","$","E","B",null],"character_chosen":"THE_SILENT","items_purchased":["Gremlin Horn","Footwork","TwistedFunnel","Footwork","Medical Kit","Oddly Smooth Stone","Footwork","Crippling Poison","Vajra","DuplicationPotion"],"campfire_rested":3,"item_purchase_floors":[12,12,37,37,47,53,53,53,53,53],"current_hp_per_floor":[60,60,60,56,56,56,55,55,55,49,49,49,49,31,31,31,70,65,65,64,64,62,51,51,50,50,47,62,62,62,62,70,62,70,70,70,70,70,70,70,70,70,70,70,70,70,70,80,80,73,80,80,80,80,25],"gold":64,"neow_bonus":"BOSS_RELIC","is_daily":false,"chose_seed":false,"campfire_upgraded":5,"win_rate":0.0,"timestamp":1612575278,"path_taken":["M","?","M","M","M","R","E","M","T","M","E","?","R","E","R","BOSS","M","$","?","?","?","E","?","E","T","E","R","E","?","M","R","BOSS","M","?","$","M","M","R","E","R","T","E","M","E","$","?","R","BOSS","R","$","E","BOSS"],"items_purchased_type":["Relic","Card","Relic","Card","Relic","Relic","Card","Card","Relic","Potion"],"build_version":"2020-12-22","purchased_purges":0,"victory":true,"max_hp_per_floor":[70,70,70,70,70,70,70,70,70,70,70,70,70,70,70,70,70,70,70,70,70,70,70,70,70,70,70,70,70,70,70,70,70,70,70,70,70,70,70,70,70,70,70,70,70,70,70,80,80,80,80,80,80,80,80],"relic_stats":{"Centennial Puzzle":[30],"Gremlin Horn":[22,22],"Happy Flower":[33],"counters":[30,132],"CeramicFish":216,"Pandora\u0027s Box":["Venomology","Catalyst","Noxious Fumes","Dash","Dash","Crippling Poison","Expertise","Burst","Envenom","Doppelganger"],"Eternal Feather":23,"MealTicket":0,"Pen Nib":[11],"Art of War":[22],"Medical Kit":[2],"obtain_stats":[{"TwistedFunnel":37,"Lantern":41,"Gremlin Horn":12,"Happy Flower":14,"CeramicFish":7,"Oddly Smooth Stone":53,"Vajra":53,"Eternal Feather":25,"Pen Nib":23,"Incense Burner":27,"Paper Crane":46,"Medical Kit":47,"Akabeko":2,"Centennial Puzzle":11,"Anchor":29,"Ninja Scroll":44,"Pandora\u0027s Box":0,"Philosopher\u0027s Stone":17,"MealTicket":26,"Fusion Hammer":34,"Art of War":9,"Red Mask":22,"Bag of Marbles":54,"Ring of the Snake":0},{"TwistedFunnel":21,"Lantern":24,"Gremlin Horn":8,"Happy Flower":9,"CeramicFish":5,"Oddly Smooth Stone":28,"Vajra":28,"Eternal Feather":15,"Pen Nib":14,"Incense Burner":16,"Paper Crane":27,"Medical Kit":27,"Akabeko":1,"Centennial Puzzle":8,"Anchor":17,"Ninja Scroll":25,"Pandora\u0027s Box":0,"Philosopher\u0027s Stone":10,"MealTicket":15,"Fusion Hammer":19,"Art of War":6,"Red Mask":13,"Bag of Marbles":29,"Ring of the Snake":0},{"TwistedFunnel":81,"Lantern":96,"Gremlin Horn":29,"Happy Flower":32,"CeramicFish":19,"Oddly Smooth Stone":120,"Vajra":120,"Eternal Feather":54,"Pen Nib":51,"Incense Burner":59,"Paper Crane":113,"Medical Kit":113,"Akabeko":4,"Centennial Puzzle":29,"Anchor":63,"Ninja Scroll":101,"Pandora\u0027s Box":0,"Philosopher\u0027s Stone":39,"MealTicket":54,"Fusion Hammer":75,"Art of War":24,"Red Mask":48,"Bag of Marbles":125,"Ring of the Snake":0}]},"card_choices":[{"not_picked":["Backstab","Eviscerate"],"picked":"Poisoned Stab","floor":1},{"not_picked":["Dagger Spray","Heel Hook"],"picked":"Blur","floor":3},{"not_picked":["Tactician","Underhanded Strike"],"picked":"Deflect","floor":4},{"not_picked":["Escape Plan","Footwork"],"picked":"Catalyst","floor":5},{"not_picked":["Accuracy","Flying Knee"],"picked":"Dagger Spray","floor":7},{"not_picked":["Outmaneuver","Deflect"],"picked":"Adrenaline","floor":8},{"not_picked":["Prepared","Sucker Punch"],"picked":"Blade Dance","floor":10},{"not_picked":["Riddle With Holes","Poisoned Stab"],"picked":"Backflip","floor":11},{"not_picked":["Dagger Throw","Slice"],"picked":"Caltrops","floor":14},{"not_picked":["Storm of Steel","Glass Knife"],"picked":"Wraith Form v2","floor":16},{"not_picked":["Prepared","Bane","Endless Agony"],"picked":"SKIP","floor":18},{"not_picked":["Skewer","Dagger Spray"],"picked":"Predator","floor":20},{"not_picked":["Heel Hook","Accuracy","Finisher+1"],"picked":"SKIP","floor":23},{"not_picked":["Setup","Endless Agony"],"picked":"Malaise","floor":25},{"not_picked":["Underhanded Strike+1","Dagger Spray+1"],"picked":"PiercingWail","floor":27},{"not_picked":["Deadly Poison","Catalyst+1"],"picked":"After Image","floor":29},{"not_picked":["Backstab","Finisher"],"picked":"Quick Slash","floor":31},{"not_picked":["Die Die Die","Adrenaline"],"picked":"After Image","floor":33},{"not_picked":["Quick Slash","Deflect"],"picked":"Well Laid Plans","floor":35},{"not_picked":["Dagger Throw","Dodge and Roll"],"picked":"Bouncing Flask+1","floor":36},{"not_picked":["Masterful Stab+1","Deadly Poison"],"picked":"Dash+1","floor":38},{"not_picked":["Prepared","Dagger Throw"],"picked":"PiercingWail+1","floor":39},{"not_picked":["Bullet Time","Blade Dance+1"],"picked":"PiercingWail+1","floor":41},{"not_picked":["Quick Slash","Deflect+1"],"picked":"Cloak And Dagger+1","floor":44},{"not_picked":["Cloak And Dagger+1","Terror+1","Grand Finale"],"picked":"SKIP","floor":45},{"not_picked":["Dagger Throw+1","Prepared+1"],"picked":"Blur+1","floor":46},{"not_picked":["Finisher+1","Dagger Throw"],"picked":"Cloak And Dagger+1","floor":54}],"player_experience":1151367,"relics_obtained":[{"floor":7,"key":"CeramicFish"},{"floor":9,"key":"Art of War"},{"floor":11,"key":"Centennial Puzzle"},{"floor":14,"key":"Happy Flower"},{"floor":22,"key":"Red Mask"},{"floor":23,"key":"Pen Nib"},{"floor":25,"key":"Eternal Feather"},{"floor":26,"key":"MealTicket"},{"floor":27,"key":"Incense Burner"},{"floor":29,"key":"Anchor"},{"floor":41,"key":"Lantern"},{"floor":44,"key":"Ninja Scroll"},{"floor":46,"key":"Paper Crane"},{"floor":54,"key":"Bag of Marbles"}],"event_choices":[{"damage_healed":0,"gold_gain":0,"player_choice":"Gave Potion","damage_taken":0,"relics_obtained":["Akabeko"],"max_hp_gain":0,"max_hp_loss":0,"event_name":"WeMeetAgain","floor":2,"gold_loss":0},{"damage_healed":0,"gold_gain":0,"player_choice":"Ignored","damage_taken":0,"max_hp_gain":0,"max_hp_loss":0,"event_name":"Vampires","floor":21,"gold_loss":0},{"damage_healed":0,"gold_gain":0,"player_choice":"Fought Bandits","damage_taken":0,"max_hp_gain":0,"max_hp_loss":0,"event_name":"Masked Bandits","floor":22,"gold_loss":0},{"damage_healed":0,"gold_gain":0,"player_choice":"0 cards matched","damage_taken":0,"max_hp_gain":0,"max_hp_loss":0,"event_name":"Match and Keep!","floor":30,"gold_loss":0,"cards_obtained":[]},{"cards_removed":["Venomology"],"damage_healed":0,"gold_gain":0,"player_choice":"Offered Rare","damage_taken":0,"max_hp_gain":10,"max_hp_loss":0,"event_name":"Bonfire Elementals","floor":48,"gold_loss":0}],"is_beta":false,"boss_relics":[{"not_picked":["Sozu","Busted Crown"],"picked":"Philosopher\u0027s Stone"},{"not_picked":["Velvet Choker","Runic Pyramid"],"picked":"Fusion Hammer"}],"items_purged_floors":[],"is_endless":false,"potions_floor_spawned":[1,5,11,14,16,18,22,29,31,36,39,46,54],"ascension_level":3}}