{"host":"j4g6ia6asvpyu2b0","time":1612627465,"event":{"mods":["BaseMod","Colored Map","Minty Spire (QoL Compilation)","Permanent Neow","Quick Restart","Relic Stats","StSLib","Unceasing Turn Reminder"],"gold_per_floor":[363,363,174,188,204,238,256,268,268,280,280,315,315,327,327,423,423,441,460,480,108,108,136,136,162,162,174,209,209,32,44,44,142,142,153,170,185,200,200,219,239,269,269,302,321,346,366,380,380,380,380,380,18,50,50],"floor_reached":56,"language":"ENG","playtime":2526,"items_purged":["Parasite","Defend_R","Defend_R","Defend_R"],"score":1698,"play_id":"960b081a-ed91-4de2-a325-037432074d13","local_time":"20210206090425","is_ascension_mode":true,"campfire_choices":[{"floor":11.0,"key":"REST"},{"data":"Feed","floor":13.0,"key":"SMITH"},{"data":"Uppercut","floor":15.0,"key":"SMITH"},{"data":"Whirlwind","floor":24.0,"key":"SMITH"},{"data":"Disarm","floor":29.0,"key":"SMITH"},{"data":"Dual Wield","floor":32.0,"key":"SMITH"},{"floor":49.0,"key":"RECALL"},{"data":"Feel No Pain","floor":52,"key":"SMITH"}],"circlet_count":0,"master_deck":["Strike_R","Strike_R","Strike_R","Strike_R","Strike_R","Defend_R","Bash","Feed+1","Disarm","Evolve","Pummel","Shrug It Off","Perfected Strike","Whirlwind+1","Spot Weakness","Immolate","Uppercut+1","Battle Trance","Disarm+1","Reaper","Perfected Strike","Dual Wield+1","Barricade","Perfected Strike","Shockwave+1","Clothesline","Reaper","Corruption","Carnage+1","Disarm","Evolve+1","Feel No Pain+1","Shrug It Off","Entrench+1","Sentinel","Impervious","Spot Weakness","Shrug It Off+1","Corruption","Disarm+1","Perfected Strike+1","Offering","Armaments+1","Disarm","Disarm","Spot Weakness","Dark Embrace","Seeing Red+1","Shockwave","Reaper","Feel No Pain","Shrug It Off+1","Body Slam+1","Demon Form"],"relics":["Burning Blood","Smiling Mask","Prayer Wheel","Ornamental Fan","Meat on the Bone","Snecko Eye","Sling","Bag of Marbles","Singing Bowl","Bronze Scales","Regal Pillow","Runic Dome","Blood Vial","Bottled Lightning","Dream Catcher","Boot","Torii","Self Forming Clay"],"acts_visited":["Exordium","TheCity","TheBeyond","TheEnding"],"potions_floor_usage":[55,55,55],"damage_taken":[{"damage":16.0,"enemies":"Jaw Worm","floor":1.0,"turns":6.0},{"damage":1.0,"enemies":"Cultist","floor":4.0,"turns":3.0},{"damage":0.0,"enemies":"Small Slimes","floor":5.0,"turns":3.0},{"damage":16.0,"enemies":"Gremlin Nob","floor":6.0,"turns":3.0},{"damage":35.0,"enemies":"Gremlin Gang","floor":7.0,"turns":10.0},{"damage":23.0,"enemies":"Lots of Slimes","floor":8.0,"turns":6.0},{"damage":16.0,"enemies":"Blue Slaver","floor":10.0,"turns":4.0},{"damage":20.0,"enemies":"3 Sentries","floor":12.0,"turns":4.0},{"damage":0.0,"enemies":"3 Louse","floor":14.0,"turns":1.0},{"damage":23.0,"enemies":"Hexaghost","floor":16.0,"turns":13.0},{"damage":7.0,"enemies":"Spheric Guardian","floor":18.0,"turns":3.0},{"damage":9.0,"enemies":"Shell Parasite","floor":19.0,"turns":3.0},{"damage":38.0,"enemies":"Snecko","floor":20.0,"turns":5.0},{"damage":48.0,"enemies":"Book of Stabbing","floor":23.0,"turns":6.0},{"damage":31.0,"enemies":"Slavers","floor":25.0,"turns":4.0},{"damage":0.0,"enemies":"Centurion and Healer","floor":27.0,"turns":2.0},{"damage":37.0,"enemies":"Book of Stabbing","floor":28.0,"turns":4.0},{"damage":30.0,"enemies":"Shelled Parasite and Fungi","floor":31.0,"turns":4.0},{"damage":3.0,"enemies":"Champ","floor":33.0,"turns":7.0},{"damage":18.0,"enemies":"3 Shapes","floor":35.0,"turns":7.0},{"damage":15.0,"enemies":"Orb Walker","floor":36.0,"turns":3.0},{"damage":34.0,"enemies":"Sphere and 2 Shapes","floor":37.0,"turns":5.0},{"damage":0.0,"enemies":"Jaw Worm Horde","floor":38.0,"turns":2.0},{"damage":21.0,"enemies":"Maw","floor":40.0,"turns":6.0},{"damage":6.0,"enemies":"Writhing Mass","floor":41.0,"turns":4.0},{"damage":41.0,"enemies":"Nemesis","floor":42.0,"turns":7.0},{"damage":6.0,"enemies":"Giant Head","floor":44.0,"turns":5.0},{"damage":60.0,"enemies":"Transient","floor":45.0,"turns":5.0},{"damage":36.0,"enemies":"Reptomancer","floor":46.0,"turns":5.0},{"damage":13.0,"enemies":"4 Shapes","floor":47.0,"turns":9.0},{"damage":38.0,"enemies":"Maw","floor":48.0,"turns":6.0},{"damage":43,"enemies":"Time Eater","floor":50,"turns":10},{"damage":21,"enemies":"Shield and Spear","floor":54,"turns":5},{"damage":72,"enemies":"The Heart","floor":55,"turns":10}],"seed_played":"-1693491315938967049","potions_obtained":[{"floor":4.0,"key":"EssenceOfSteel"},{"floor":5.0,"key":"DuplicationPotion"},{"floor":6.0,"key":"CultistPotion"},{"floor":12.0,"key":"Regen Potion"},{"floor":19.0,"key":"Fire Potion"},{"floor":20.0,"key":"SteroidPotion"},{"floor":40.0,"key":"Regen Potion"}],"is_trial":false,"path_per_floor":["M","?","$","M","M","E","M","M","T","M","R","E","R","M","R","B",null,"M","M","M","$","?","E","R","E","T","M","E","R","$","M","R","B",null,"M","M","M","M","$","M","M","E","T","E","M","E","M","M","R","B",null,"R","$","E","B",null],"character_chosen":"IRONCLAD","items_purchased":["Feed","Sling","Clothesline","Bag of Marbles","Feel No Pain","Shrug It Off","Torii"],"campfire_rested":1,"item_purchase_floors":[3,21,21,21,30,30,53],"current_hp_per_floor":[70,70,70,78,83,76,50,36,36,29,57,43,43,61,61,60,99,98,95,77,77,77,71,71,89,89,103,89,89,89,67,67,105,121,125,120,98,115,115,110,112,89,89,126,86,117,145,131,131,102,145,145,145,145,145],"gold":50,"neow_bonus":"TWO_FIFTY_GOLD","is_daily":false,"chose_seed":false,"campfire_upgraded":6,"win_rate":0.0,"timestamp":1612627465,"path_taken":["M","?","$","M","?","E","M","M","T","M","R","E","R","M","R","BOSS","M","M","?","?","?","E","R","E","T","M","E","R","$","M","R","BOSS","M","M","M","M","$","M","M","E","T","E","M","E","?","M","R","BOSS","R","$","E","BOSS"],"items_purchased_type":["Card","Relic","Card","Relic","Card","Card","Relic"],"build_version":"2020-12-22","purchased_purges":4,"victory":true,"max_hp_per_floor":[80,80,77,80,83,86,89,92,92,95,95,95,95,95,95,99,99,99,99,99,99,99,105,105,109,109,113,117,117,117,117,117,121,121,127,131,137,137,137,137,139,141,141,141,141,141,145,145,145,145,145,145,145,145,145],"relic_stats":{"Regal Pillow":0,"Singing Bowl":10,"Torii":7,"counters":[34,180],"Self Forming Clay":[33],"Smiling Mask":250,"Boot":[2],"Burning Blood":187,"Blood Vial":10,"Dream Catcher":0,"Ornamental Fan":[164],"Bronze Scales":[336],"Snecko Eye":[236,265,263,252],"Prayer Wheel":18,"obtain_stats":[{"Regal Pillow":28,"Singing Bowl":23,"Torii":53,"Self Forming Clay":54,"Smiling Mask":2,"Sling":21,"Boot":46,"Burning Blood":0,"Blood Vial":42,"Runic Dome":34,"Dream Catcher":44,"Ornamental Fan":9,"Bronze Scales":25,"Snecko Eye":17,"Prayer Wheel":6,"Bag of Marbles":21,"Bottled Lightning":43,"Meat on the Bone":12},{"Regal Pillow":17,"Singing Bowl":14,"Torii":32,"Self Forming Clay":33,"Smiling Mask":1,"Sling":13,"Boot":29,"Burning Blood":0,"Blood Vial":26,"Runic Dome":19,"Dream Catcher":27,"Ornamental Fan":6,"Bronze Scales":15,"Snecko Eye":10,"Prayer Wheel":4,"Bag of Marbles":13,"Bottled Lightning":26,"Meat on the Bone":8},{"Regal Pillow":80,"Singing Bowl":70,"Torii":165,"Self Forming Clay":170,"Smiling Mask":6,"Sling":64,"Boot":140,"Burning Blood":0,"Blood Vial":125,"Runic Dome":91,"Dream Catcher":130,"Ornamental Fan":31,"Bronze Scales":74,"Snecko Eye":53,"Prayer Wheel":15,"Bag of Marbles":64,"Bottled Lightning":125,"Meat on the Bone":39}],"Meat on the Bone":48},"card_choices":[{"not_picked":["Seeing Red","Rage"],"picked":"Pommel Strike","floor":1.0},{"not_picked":["Wild Strike","Heavy Blade","Body Slam"],"picked":"SKIP","floor":4.0},{"not_picked":["Shrug It Off","Shockwave"],"picked":"Disarm","floor":5.0},{"not_picked":["True Grit","Bludgeon"],"picked":"Evolve","floor":6.0},{"not_picked":["Warcry","Iron Wave"],"picked":"Pummel","floor":7.0},{"not_picked":["Clash","Iron Wave"],"picked":"Shrug It Off","floor":7.0},{"not_picked":["Flex","Shrug It Off"],"picked":"Perfected Strike","floor":8.0},{"not_picked":["Flex","Iron Wave"],"picked":"Whirlwind","floor":8.0},{"not_picked":["Headbutt","Intimidate"],"picked":"Spot Weakness","floor":10.0},{"not_picked":["Infernal Blade","Sever Soul"],"picked":"Immolate","floor":10.0},{"not_picked":["Flex","Headbutt"],"picked":"Uppercut","floor":12.0},{"not_picked":["Sever Soul","Flame Barrier"],"picked":"Battle Trance","floor":14.0},{"not_picked":["Havoc","Infernal Blade"],"picked":"Disarm","floor":14.0},{"not_picked":["Immolate","Juggernaut"],"picked":"Reaper","floor":16.0},{"not_picked":["Wild Strike","Iron Wave"],"picked":"Perfected Strike","floor":18.0},{"not_picked":["Flex+1","Thunderclap"],"picked":"Dual Wield","floor":18.0},{"not_picked":["Sentinel","Havoc+1"],"picked":"Barricade","floor":19.0},{"not_picked":["Second Wind","Fire Breathing","Armaments"],"picked":"SKIP","floor":19.0},{"not_picked":["Second Wind","Fire Breathing","Armaments"],"picked":"SKIP","floor":19.0},{"not_picked":["True Grit+1","Anger"],"picked":"Perfected Strike","floor":20.0},{"not_picked":["Cleave","Thunderclap"],"picked":"Shockwave+1","floor":20.0},{"not_picked":["Twin Strike+1","Armaments","Wild Strike"],"picked":"Singing Bowl","floor":23.0},{"not_picked":["Feel No Pain","Iron Wave"],"picked":"Corruption","floor":25.0},{"not_picked":["Anger+1","Rampage+1"],"picked":"Carnage+1","floor":27.0},{"not_picked":["Sword Boomerang","Armaments"],"picked":"Disarm","floor":27.0},{"not_picked":["Clothesline","Second Wind+1"],"picked":"Evolve+1","floor":28.0},{"not_picked":["Havoc","Sentinel"],"picked":"Entrench+1","floor":31.0},{"not_picked":["Clash","Sword Boomerang"],"picked":"Sentinel","floor":31.0},{"not_picked":["Corruption","Reaper"],"picked":"Impervious","floor":33.0},{"not_picked":["Flame Barrier+1","Pommel Strike"],"picked":"Spot Weakness","floor":35.0},{"not_picked":["Reckless Charge","True Grit+1","Thunderclap"],"picked":"Singing Bowl","floor":35.0},{"not_picked":["Clothesline","Second Wind"],"picked":"Shrug It Off+1","floor":36.0},{"not_picked":["Twin Strike","Wild Strike"],"picked":"Corruption","floor":36.0},{"not_picked":["Rupture+1","Cleave+1"],"picked":"Disarm+1","floor":37.0},{"not_picked":["Headbutt+1","Flex","Rage+1"],"picked":"Singing Bowl","floor":37.0},{"not_picked":["Infernal Blade","Anger+1"],"picked":"Perfected Strike+1","floor":38.0},{"not_picked":["Clothesline","Evolve+1"],"picked":"Offering","floor":38.0},{"not_picked":["Sword Boomerang","Havoc+1"],"picked":"Armaments+1","floor":40.0},{"not_picked":["Exhume","Rupture"],"picked":"Disarm","floor":40.0},{"not_picked":["Inflame","Pommel Strike"],"picked":"Disarm","floor":41.0},{"not_picked":["Clash","Sword Boomerang","Twin Strike+1"],"picked":"Singing Bowl","floor":41.0},{"not_picked":["Dropkick+1","Inflame","Infernal Blade"],"picked":"Singing Bowl","floor":42.0},{"not_picked":["Warcry+1","Iron Wave+1"],"picked":"Spot Weakness","floor":44.0},{"not_picked":["Power Through","Dropkick+1"],"picked":"Dark Embrace","floor":45.0},{"not_picked":["Shrug It Off","Rupture+1"],"picked":"Seeing Red+1","floor":45.0},{"not_picked":["Sword Boomerang+1","True Grit+1"],"picked":"Shockwave","floor":46.0},{"not_picked":["Pummel+1","Reckless Charge+1"],"picked":"Reaper","floor":47.0},{"not_picked":["Reckless Charge+1","Perfected Strike"],"picked":"Feel No Pain","floor":47.0},{"not_picked":["Flex+1","Rupture+1"],"picked":"Shrug It Off+1","floor":48.0},{"not_picked":["Rupture+1","Spot Weakness+1"],"picked":"Body Slam+1","floor":48.0},{"not_picked":["Flame Barrier","True Grit+1"],"picked":"Demon Form","floor":54}],"player_experience":1158226,"relics_obtained":[{"floor":6.0,"key":"Prayer Wheel"},{"floor":9.0,"key":"Ornamental Fan"},{"floor":12.0,"key":"Meat on the Bone"},{"floor":23.0,"key":"Singing Bowl"},{"floor":25.0,"key":"Bronze Scales"},{"floor":28.0,"key":"Regal Pillow"},{"floor":42.0,"key":"Blood Vial"},{"floor":43.0,"key":"Bottled Lightning"},{"floor":44.0,"key":"Dream Catcher"},{"floor":46.0,"key":"Boot"},{"floor":54,"key":"Self Forming Clay"}],"event_choices":[{"cards_removed":["Pommel Strike"],"damage_healed":0.0,"max_hp_gain":0.0,"max_hp_loss":0.0,"gold_gain":0.0,"event_name":"WeMeetAgain","player_choice":"Gave Card","floor":2.0,"gold_loss":0.0,"damage_taken":0.0,"relics_obtained":["Smiling Mask"]},{"damage_healed":0.0,"max_hp_gain":0.0,"max_hp_loss":0.0,"gold_gain":0.0,"event_name":"Duplicator","player_choice":"Copied","floor":22.0,"gold_loss":0.0,"damage_taken":0.0,"cards_obtained":["Reaper"]}],"is_beta":false,"boss_relics":[{"not_picked":["Black Star","Busted Crown"],"picked":"Snecko Eye"},{"not_picked":["Cursed Key","Astrolabe"],"picked":"Runic Dome"}],"items_purged_floors":[3,21,30,53],"is_endless":false,"potions_floor_spawned":[4,5,6,12,14,19,20,27,28,31,37,38,40,42,45],"ascension_level":3}}