{"host":"wvcyfzs99um8is6a","time":1612584626,"event":{"mods":["AchievementEnabler","BaseMod","Colored Map","Colored Powertips","Highlight Path","Minty Spire (QoL Compilation)","Random Character Button","Relic Filter","StSLib","SuperFastMode"],"gold_per_floor":[116,66,84,99,117,117,149,149,223,249,249,268,288,303,303,407,407,425,340,50,150,167,167,195,195,219,139,139,154,91,109,109,109,109],"floor_reached":33,"language":"ENG","playtime":2860,"items_purged":["Strike_P","Eruption"],"score":302,"play_id":"3880d4de-3480-42f1-9768-20bf0b55d004","local_time":"20210205231026","is_ascension_mode":false,"campfire_choices":[{"data":"Vigilance","floor":6.0,"key":"SMITH"},{"floor":8.0,"key":"REST"},{"floor":15.0,"key":"REST"},{"data":"Establishment","floor":23.0,"key":"SMITH"},{"data":"Protect","floor":25.0,"key":"SMITH"},{"data":"Devotion","floor":28.0,"key":"SMITH"},{"floor":32,"key":"REST"}],"circlet_count":0,"master_deck":["Strike_P","Strike_P+1","Defend_P","Defend_P","Defend_P","Defend_P","Vigilance+1","Brilliance","Worship+1","ReachHeaven","Devotion+1","EmptyMind","Establishment+1","Protect+1","BattleHymn"],"relics":["PureWater","The Courier","Tiny House","InkBottle","Sozu","Singing Bowl","Art of War","Medical Kit","Bronze Scales"],"acts_visited":[],"potions_floor_usage":[31],"damage_taken":[{"damage":0.0,"enemies":"Cultist","floor":1.0,"turns":2.0},{"damage":0.0,"enemies":"Small Slimes","floor":3.0,"turns":2.0},{"damage":0.0,"enemies":"Jaw Worm","floor":4.0,"turns":2.0},{"damage":12.0,"enemies":"Large Slime","floor":5.0,"turns":7.0},{"damage":41.0,"enemies":"3 Sentries","floor":7.0,"turns":13.0},{"damage":27.0,"enemies":"Gremlin Nob","floor":10.0,"turns":5.0},{"damage":0.0,"enemies":"Exordium Wildlife","floor":12.0,"turns":4.0},{"damage":0.0,"enemies":"Exordium Thugs","floor":13.0,"turns":4.0},{"damage":0.0,"enemies":"Lots of Slimes","floor":14.0,"turns":4.0},{"damage":13.0,"enemies":"Hexaghost","floor":16.0,"turns":6.0},{"damage":5.0,"enemies":"Shell Parasite","floor":18.0,"turns":4.0},{"damage":1.0,"enemies":"Spheric Guardian","floor":22.0,"turns":5.0},{"damage":45.0,"enemies":"Slavers","floor":24.0,"turns":8.0},{"damage":20.0,"enemies":"Snake Plant","floor":29.0,"turns":5.0},{"damage":7,"enemies":"3 Cultists","floor":31,"turns":4},{"damage":33,"enemies":"Collector","floor":33,"turns":3}],"seed_played":"5177188439446961777","potions_obtained":[{"floor":1.0,"key":"SteroidPotion"},{"floor":5.0,"key":"Swift Potion"},{"floor":7.0,"key":"Fire Potion"},{"floor":13.0,"key":"AttackPotion"},{"floor":16.0,"key":"PowerPotion"}],"is_trial":false,"path_per_floor":["M","?","M","M","M","R","E","R","T","E","?","M","M","M","R","B",null,"M","?","$","?","M","R","E","R","T","$","R","M","$","M","R","B"],"character_chosen":"WATCHER","items_purchased":["Art of War","Medical Kit","BattleHymn"],"campfire_rested":3,"item_purchase_floors":[20,20,30],"current_hp_per_floor":[72,72,72,72,60,60,19,40,45,18,18,18,18,18,41,28,77,72,72,72,72,73,73,30,30,30,30,30,12,12,7,32,0,0],"gold":109,"neow_bonus":"ONE_RANDOM_RARE_CARD","is_daily":false,"chose_seed":false,"campfire_upgraded":4,"win_rate":0.0,"timestamp":1612584626,"path_taken":["M","?","M","M","M","R","E","R","T","E","?","?","M","M","R","BOSS","M","?","$","?","M","R","E","R","T","$","R","?","?","M","R","BOSS"],"items_purchased_type":["Relic","Relic","Card"],"build_version":"2020-12-22","purchased_purges":2,"victory":false,"max_hp_per_floor":[72,72,72,72,72,72,72,72,77,77,77,77,77,77,77,77,77,77,77,77,77,79,79,81,81,81,81,81,83,83,85,85,85,85],"card_choices":[{"not_picked":["Sanctity","Evaluate","CutThroughFate"],"picked":"SKIP","floor":1.0},{"not_picked":["TalkToTheHand","JustLucky"],"picked":"Worship","floor":3.0},{"not_picked":["Evaluate","FlyingSleeves","CutThroughFate"],"picked":"SKIP","floor":4.0},{"not_picked":["ClearTheMind","PathToVictory"],"picked":"ReachHeaven","floor":5.0},{"not_picked":["FlurryOfBlows","WheelKick"],"picked":"Devotion","floor":7.0},{"not_picked":["BowlingBash","Indignation","SignatureMove"],"picked":"SKIP","floor":10.0},{"not_picked":["FlyingSleeves","Halt","BowlingBash"],"picked":"SKIP","floor":12.0},{"not_picked":["EmptyBody","Tantrum","CrushJoints"],"picked":"SKIP","floor":13.0},{"not_picked":["JustLucky","ClearTheMind"],"picked":"EmptyMind","floor":14.0},{"not_picked":["Devotion","Judgement"],"picked":"Establishment","floor":16.0},{"not_picked":["Crescendo","Halt+1"],"picked":"Protect","floor":18.0},{"not_picked":["SashWhip+1","BowlingBash","Evaluate"],"picked":"Singing Bowl","floor":22.0},{"not_picked":["Protect","Tantrum","PathToVictory+1"],"picked":"Singing Bowl","floor":24.0},{"not_picked":["FlurryOfBlows","Crescendo","EmptyBody"],"picked":"Singing Bowl","floor":29.0},{"not_picked":["Indignation","BattleHymn","BowlingBash+1"],"picked":"Singing Bowl","floor":31}],"player_experience":1011730,"relics_obtained":[{"floor":7.0,"key":"The Courier"},{"floor":9.0,"key":"Tiny House"},{"floor":10.0,"key":"InkBottle"},{"floor":24.0,"key":"Bronze Scales"}],"event_choices":[{"cards_removed":["Strike_P"],"damage_healed":0.0,"max_hp_gain":0.0,"max_hp_loss":0.0,"gold_gain":0.0,"event_name":"The Cleric","player_choice":"Card Removal","floor":2.0,"gold_loss":50.0,"damage_taken":0.0},{"damage_healed":0.0,"max_hp_gain":0.0,"max_hp_loss":0.0,"gold_gain":0.0,"event_name":"Living Wall","player_choice":"Grow","floor":11.0,"gold_loss":0.0,"damage_taken":0.0,"cards_upgraded":["Worship"]},{"damage_healed":0.0,"max_hp_gain":0.0,"max_hp_loss":0.0,"gold_gain":0.0,"event_name":"Addict","player_choice":"Obtained Relic","floor":19.0,"gold_loss":85.0,"damage_taken":0.0,"relics_obtained":["Singing Bowl"]},{"damage_healed":0.0,"max_hp_gain":0.0,"max_hp_loss":0.0,"gold_gain":100.0,"event_name":"Golden Shrine","player_choice":"Pray","floor":21.0,"gold_loss":0.0,"damage_taken":0.0}],"is_beta":false,"boss_relics":[{"not_picked":["Astrolabe","Empty Cage"],"picked":"Sozu"}],"items_purged_floors":[20,27],"is_endless":false,"potions_floor_spawned":[1,5,7,13,16,31],"killed_by":"Collector","ascension_level":0}}