{"host":"yecadp3kwkksam5a","time":1612607688,"event":{"mods":["100% Spire Juice","Arknights","BaseMod","Minty Spire (QoL Compilation)","StSLib","SuperFastMode","The Cursed","WarShipGirlsR/??á´Ò³R mod"],"gold_per_floor":[14,27,27,45,60,87,87,142,167,167,199,223,240,274,274,349,349,369,50,60,71,87,87,128,128,128,165,165,192,33,75,75,146,146,166,192,204,229,46,46,46,78,146,146,163,163,173,205,205,205,205,205,69,104,104],"floor_reached":56,"language":"KOR","playtime":1670,"items_purged":["Defend_R","Defend_R"],"score":2257,"play_id":"b7d1c347-6f9f-4a56-9143-48c1e01999f1","local_time":"20210206193448","is_ascension_mode":true,"campfire_choices":[{"data":"Perfected Strike","floor":7.0,"key":"SMITH"},{"data":"Armaments","floor":10.0,"key":"SMITH"},{"data":"Inflame","floor":15.0,"key":"SMITH"},{"floor":23.0,"key":"REST"},{"data":"Armaments","floor":28.0,"key":"SMITH"},{"data":"Dual Wield","floor":32.0,"key":"SMITH"},{"floor":40,"key":"DIG"},{"floor":44,"key":"DIG"},{"floor":46,"key":"DIG"},{"floor":49,"key":"RECALL"},{"floor":52,"key":"DIG"}],"circlet_count":0,"master_deck":["AscendersBane","Strike_R","Strike_R","Strike_R","Strike_R","Strike_R","Defend_R","Defend_R","Bash","Perfected Strike","Seeing Red","Perfected Strike+1","Shockwave","Armaments+1","Pommel Strike","Inflame+1","Perfected Strike+1","Uppercut+1","Perfected Strike+1","Dual Wield+1","Armaments+1","Evolve","Perfected Strike+1","Pommel Strike+1","Perfected Strike+1","Perfected Strike+1","Perfected Strike+1","Perfected Strike+1","Pommel Strike+1","Battle Trance+1","Pommel Strike+1"],"relics":["Burning Blood","Lizard Tail","Ancient Tea Set","Art of War","Akabeko","Toy Ornithopter","Molten Egg 2","Snecko Eye","Bag of Preparation","CeramicFish","MealTicket","Smiling Mask","DollysMirror","Blood Vial","Philosopher\u0027s Stone","Shovel","Membership Card","Calipers","Prayer Wheel","Ornamental Fan","Nunchaku","Mercury Hourglass","Bag of Marbles","Self Forming Clay"],"acts_visited":["Exordium","TheCity","TheBeyond","TheEnding"],"potions_floor_usage":[55],"damage_taken":[{"damage":15.0,"enemies":"Jaw Worm","floor":1.0,"turns":8.0},{"damage":2.0,"enemies":"2 Louse","floor":2.0,"turns":3.0},{"damage":0.0,"enemies":"Cultist","floor":4.0,"turns":2.0},{"damage":9.0,"enemies":"Red Slaver","floor":5.0,"turns":2.0},{"damage":15.0,"enemies":"3 Sentries","floor":6.0,"turns":7.0},{"damage":26.0,"enemies":"Lagavulin Event","floor":8.0,"turns":5.0},{"damage":10.0,"enemies":"Lagavulin","floor":11.0,"turns":5.0},{"damage":10.0,"enemies":"Exordium Thugs","floor":13.0,"turns":4.0},{"damage":13.0,"enemies":"Gremlin Nob","floor":14.0,"turns":3.0},{"damage":31.0,"enemies":"The Guardian","floor":16.0,"turns":9.0},{"damage":6.0,"enemies":"Spheric Guardian","floor":18.0,"turns":3.0},{"damage":0.0,"enemies":"Shell Parasite","floor":20.0,"turns":1.0},{"damage":4.0,"enemies":"Centurion and Healer","floor":21.0,"turns":3.0},{"damage":45.0,"enemies":"Snake Plant","floor":22.0,"turns":4.0},{"damage":11.0,"enemies":"Gremlin Leader","floor":24.0,"turns":4.0},{"damage":0.0,"enemies":"Slavers","floor":27.0,"turns":2.0},{"damage":27.0,"enemies":"Shelled Parasite and Fungi","floor":29.0,"turns":3.0},{"damage":0.0,"enemies":"Book of Stabbing","floor":31.0,"turns":2.0},{"damage":23.0,"enemies":"Champ","floor":33.0,"turns":4.0},{"damage":38.0,"enemies":"3 Darklings","floor":35.0,"turns":5.0},{"damage":0.0,"enemies":"Orb Walker","floor":36.0,"turns":1.0},{"damage":0.0,"enemies":"3 Darklings","floor":37.0,"turns":2.0},{"damage":0,"enemies":"Mind Bloom Boss Battle","floor":38,"turns":2},{"damage":0,"enemies":"Writhing Mass","floor":42,"turns":1},{"damage":0,"enemies":"Jaw Worm Horde","floor":45,"turns":1},{"damage":0,"enemies":"Spire Growth","floor":47,"turns":1},{"damage":0,"enemies":"Transient","floor":48,"turns":5},{"damage":44,"enemies":"Donu and Deca","floor":50,"turns":5},{"damage":0,"enemies":"Shield and Spear","floor":54,"turns":2},{"damage":56,"enemies":"The Heart","floor":55,"turns":4}],"seed_played":"2457298837060295179","potions_obtained":[{"floor":2.0,"key":"Energy Potion"},{"floor":5.0,"key":"BloodPotion"},{"floor":8.0,"key":"Weak Potion"},{"floor":13.0,"key":"Regen Potion"},{"floor":18.0,"key":"Fruit Juice"},{"floor":27.0,"key":"Fruit Juice"},{"floor":29.0,"key":"Strength Potion"},{"floor":45,"key":"ElixirPotion"}],"is_trial":false,"path_per_floor":["M","M","?","M","M","E","R","?","T","R","E","T","M","E","R","B",null,"M","$","M","M","M","R","E","T","T","E","R","M","$","E","R","B",null,"M","M","M","?","$","R","?","M","T","R","M","R","M","M","R","B",null,"R","$","E","B",null],"character_chosen":"IRONCLAD","items_purchased":["Bag of Preparation","DuplicationPotion","DollysMirror","Membership Card","Perfected Strike+1","Bag of Marbles"],"campfire_rested":1,"item_purchase_floors":[19,19,30,39,39,53],"current_hp_per_floor":[59,63,63,69,66,57,57,37,37,37,33,33,49,42,42,17,61,61,71,77,79,40,64,64,64,64,70,70,59,74,80,80,65,80,50,58,66,74,85,85,85,85,85,85,85,85,85,85,85,47,76,76,85,85,36],"gold":104,"neow_bonus":"ONE_RARE_RELIC","is_daily":false,"chose_seed":false,"campfire_upgraded":5,"win_rate":0.0,"timestamp":1612607688,"path_taken":["M","M","?","M","M","E","R","?","T","R","E","?","M","E","R","BOSS","M","$","M","M","?","R","E","?","T","E","R","M","?","E","R","BOSS","M","M","M","?","$","R","?","M","T","R","?","R","M","M","R","BOSS","R","$","E","BOSS"],"items_purchased_type":["Relic","Potion","Relic","Relic","Card","Relic"],"build_version":"2020-12-22","purchased_purges":2,"victory":true,"max_hp_per_floor":[75,75,75,75,75,75,75,75,75,75,75,75,75,75,75,75,75,75,80,80,80,80,80,80,80,80,80,80,85,85,85,85,85,85,85,85,85,85,85,85,85,85,85,85,85,85,85,85,85,85,85,85,85,85,85],"card_choices":[{"not_picked":["Evolve","Flex"],"picked":"Perfected Strike","floor":1.0},{"not_picked":["Sever Soul","Sword Boomerang"],"picked":"Seeing Red","floor":2.0},{"not_picked":["Entrench","Sever Soul"],"picked":"Perfected Strike","floor":4.0},{"not_picked":["Warcry","Flex","Wild Strike"],"picked":"SKIP","floor":5.0},{"not_picked":["Wild Strike","Intimidate"],"picked":"Shockwave","floor":6.0},{"not_picked":["Heavy Blade","Flex"],"picked":"Armaments","floor":8.0},{"not_picked":["Reaper","Limit Break","Flame Barrier"],"picked":"SKIP","floor":11.0},{"not_picked":["Uppercut","Dropkick"],"picked":"Pommel Strike","floor":13.0},{"not_picked":["Sentinel","Flame Barrier"],"picked":"Inflame","floor":14.0},{"not_picked":["Cleave+1","Twin Strike+1"],"picked":"Perfected Strike+1","floor":18.0},{"not_picked":["Flex","Fire Breathing","Cleave+1"],"picked":"SKIP","floor":20.0},{"not_picked":["Dark Embrace","Entrench"],"picked":"Uppercut+1","floor":21.0},{"not_picked":["Pommel Strike+1","Dropkick+1"],"picked":"Perfected Strike+1","floor":22.0},{"not_picked":["Burning Pact","Carnage+1"],"picked":"Dual Wield","floor":24.0},{"not_picked":["Clothesline+1","Wild Strike+1"],"picked":"Armaments","floor":27.0},{"not_picked":["Rampage+1","True Grit"],"picked":"Evolve","floor":29.0},{"not_picked":["Body Slam+1","Exhume"],"picked":"Pommel Strike+1","floor":31.0},{"not_picked":["Headbutt+1","Flex+1"],"picked":"Perfected Strike+1","floor":35.0},{"not_picked":["Warcry+1","Hemokinesis+1"],"picked":"Perfected Strike+1","floor":36.0},{"not_picked":["Fire Breathing","Second Wind+1","Whirlwind+1"],"picked":"SKIP","floor":37.0},{"not_picked":["Feed+1","Hemokinesis+1"],"picked":"Perfected Strike+1","floor":42},{"not_picked":["Combust","Infernal Blade"],"picked":"Pommel Strike+1","floor":42},{"not_picked":["Cleave+1","Hemokinesis+1","Flex+1"],"picked":"SKIP","floor":45},{"not_picked":["Wild Strike+1","Sword Boomerang+1","Flex"],"picked":"SKIP","floor":45},{"not_picked":["Headbutt+1","Clothesline+1","Whirlwind+1"],"picked":"SKIP","floor":47},{"not_picked":["Cleave+1","Reaper+1","Thunderclap+1"],"picked":"SKIP","floor":47},{"not_picked":["Shockwave","Sever Soul+1"],"picked":"Battle Trance+1","floor":48},{"not_picked":["Second Wind+1","Armaments"],"picked":"Pommel Strike+1","floor":48},{"not_picked":["Shrug It Off","Rampage+1","Iron Wave+1"],"picked":"SKIP","floor":54}],"player_experience":609119,"relics_obtained":[{"floor":6.0,"key":"Ancient Tea Set"},{"floor":8.0,"key":"Art of War"},{"floor":9.0,"key":"Akabeko"},{"floor":12.0,"key":"Toy Ornithopter"},{"floor":14.0,"key":"Molten Egg 2"},{"floor":24.0,"key":"CeramicFish"},{"floor":26.0,"key":"MealTicket"},{"floor":27.0,"key":"Smiling Mask"},{"floor":31.0,"key":"Blood Vial"},{"floor":38,"key":"Shovel"},{"floor":40,"key":"Calipers"},{"floor":44,"key":"Ornamental Fan"},{"floor":46,"key":"Nunchaku"},{"floor":52,"key":"Mercury Hourglass"},{"floor":54,"key":"Self Forming Clay"}],"event_choices":[{"damage_healed":0.0,"max_hp_gain":0.0,"max_hp_loss":0.0,"gold_gain":0.0,"event_name":"Dead Adventurer","player_choice":"Searched \u00271\u0027 times","floor":8.0,"gold_loss":0.0,"damage_taken":0.0},{"damage_healed":0,"gold_gain":0,"player_choice":"Fight","damage_taken":0,"max_hp_gain":0,"max_hp_loss":0,"event_name":"MindBloom","floor":38,"gold_loss":0},{"damage_healed":0,"gold_gain":0,"player_choice":"Gave Potion","damage_taken":0,"relics_obtained":["Prayer Wheel"],"max_hp_gain":0,"max_hp_loss":0,"event_name":"WeMeetAgain","floor":41,"gold_loss":0}],"is_beta":false,"boss_relics":[{"not_picked":["Runic Dome","Calling Bell"],"picked":"Snecko Eye"},{"not_picked":["Runic Pyramid","Runic Cube"],"picked":"Philosopher\u0027s Stone"}],"items_purged_floors":[19,53],"is_endless":false,"potions_floor_spawned":[2,5,8,11,13,16,18,27,29,35,36,38,45,48],"ascension_level":17}}