{"host":"buycw3k5d5tgqflx","time":1612626567,"event":{"mods":["AchievementEnabler","Aspiration","BaseMod","Better Altar","Better Match","Better Note","Better Sensory Stone","Better Skull","Better Third Choice","Downfall","Halation","Hubris","Infinite Spire","Lobotomy","Marisa????????","Minty Spire (QoL Compilation)","Quick Restart","Rare Cards Sparkle","Relic Stats","Replay The Spire","StSLib","The Wild Card"],"gold_per_floor":[362,373,10,28,47,47,47,47,93,110,143,158,189,201,201,301,301,213,228,228,244,144,170,170,99,123,123,155,155,155,172,172,269,269,281,281,281,294,312,312,344,344,368,368,368,400,400,412,412,517,517,524,524,517,570,561,561,563,563,563,563,563,663,663,663,663,714,714,703,476,476,476,476,476,476,488,488,499,447,447],"floor_reached":79,"language":"ENG","playtime":5746,"items_purged":["theWildCard:BasicStrike","hubris:Lust","theWildCard:BasicDefend","Replay:Sluggish","Wraith"],"score":1722,"play_id":"31358d89-eea2-4b72-ad81-82bddb59e05e","local_time":"20210206104927","is_ascension_mode":true,"campfire_choices":[{"data":"theWildCard:Attunement","floor":6.0,"key":"SMITH"},{"floor":8.0,"key":"REST"},{"data":"theWildCard:Attunement","floor":15.0,"key":"SMITH"},{"floor":24,"key":"REST"},{"floor":32,"key":"RECALL"},{"floor":40,"key":"REST"},{"floor":44,"key":"REST"},{"data":"ReplayTheSpireMod:Chaos Vortex","floor":49,"key":"SMITH"},{"data":"1","floor":57,"key":"LIFT"},{"data":"2","floor":59,"key":"LIFT"},{"data":"3","floor":64,"key":"LIFT"},{"data":"hubris:InfiniteBlow+4","floor":66,"key":"SMITH"},{"data":"hubris:InfiniteBlow+6","floor":74,"key":"SMITH"}],"circlet_count":0,"master_deck":["theWildCard:BasicStrike+4","theWildCard:BasicStrike+2","theWildCard:BasicDefend+2","theWildCard:BasicDefend+2","theWildCard:CallToAdventure+1","theWildCard:Arsene+1","theWildCard:Attunement+1","theWildCard:MaskChange+1","theWildCard:SeveringSlash+1","theWildCard:ArcaneArts+1","theWildCard:Abstinence+1","theWildCard:Attunement+1","theWildCard:MasterPlan+1","theWildCard:Abstinence","infinitespire:Gouge","theWildCard:MagicMettle","theWildCard:Proficiency+1","theWildCard:ArchaicAssault+1","theWildCard:Safeguard+1","ReplayTheSpireMod:Chaos Vortex+1","theWildCard:ManOfManyFaces+1","theWildCard:Abstinence","theWildCard:Proficiency","hubris:InfiniteBlow+7","theWildCard:Abstinence","theWildCard:Salvation+1","downfall:Bewildered","Pain","hubris:NaturalOne"],"relics":["theWildCard:VelvetContract","Girya","Replay:Rubber Ducky","aspiration:HiddenCompartment","Ancient Tea Set","Kintsugi","infinitespire:Beetle Shell","Gremlin Food","aspiration:Lifesprig","SlaversCollar","Whetstone","hubris:Icosahedron","ReplayTheSpireMod:Lightbulb","Simple Rune","hubris:Towel","War Paint","Blue Candle","Cursed Key","infinitespire:PuzzleCube","Orichalcum","Lantern","sneckomod:BabySnecko","Ring of Hypnosis","ReplayTheSpireMod:Ring of Addiction","Potion Belt","White Beast Statue"],"acts_visited":["Exordium","TheCity","TheBeyond","Exordium","TheCity"],"potions_floor_usage":[23,33,39,50,54,67,70,76,78,79,79,79],"damage_taken":[{"damage":0.0,"enemies":"Cultist","floor":1.0,"turns":3.0},{"damage":2.0,"enemies":"Small Slimes","floor":2.0,"turns":4.0},{"damage":16.0,"enemies":"Jaw Worm","floor":4.0,"turns":6.0},{"damage":0.0,"enemies":"3 Louse","floor":5.0,"turns":4.0},{"damage":0.0,"enemies":"Red Slaver","floor":10.0,"turns":3.0},{"damage":0.0,"enemies":"Lagavulin","floor":11.0,"turns":8.0},{"damage":0.0,"enemies":"Looter","floor":12.0,"turns":4.0},{"damage":0.0,"enemies":"Gremlin Nob","floor":13.0,"turns":5.0},{"damage":0.0,"enemies":"3 Louse","floor":14.0,"turns":5.0},{"damage":0.0,"enemies":"Hexaghost","floor":16.0,"turns":9.0},{"damage":6,"enemies":"Spheric Guardian","floor":18,"turns":10},{"damage":0,"enemies":"3 Byrds","floor":19,"turns":8},{"damage":0,"enemies":"Snecko","floor":21,"turns":11},{"damage":0,"enemies":"Replay:Snechameleon","floor":23,"turns":8},{"damage":0,"enemies":"Book of Stabbing","floor":28,"turns":6},{"damage":3,"enemies":"Snake Plant","floor":31,"turns":5},{"damage":0,"enemies":"Automaton","floor":33,"turns":8},{"damage":34,"enemies":"3 Darklings","floor":35,"turns":7},{"damage":15,"enemies":"3 Shapes","floor":38,"turns":6},{"damage":0,"enemies":"3 Darklings","floor":39,"turns":7},{"damage":0,"enemies":"Giant Head","floor":41,"turns":5},{"damage":19,"enemies":"Nightmare","floor":46,"turns":8},{"damage":1,"enemies":"Maw","floor":48,"turns":6},{"damage":1,"enemies":"Awakened One","floor":50,"turns":8},{"damage":0,"enemies":"2 Louse","floor":52,"turns":2},{"damage":1,"enemies":"Cultist","floor":54,"turns":4},{"damage":1,"enemies":"infinitespire:Voidling","floor":56,"turns":3},{"damage":2,"enemies":"Gremlin Nob","floor":58,"turns":4},{"damage":1,"enemies":"Lagavulin","floor":65,"turns":4},{"damage":0,"enemies":"The Guardian","floor":67,"turns":5},{"damage":12,"enemies":"3 Byrds","floor":69,"turns":5},{"damage":0,"enemies":"Spheric Guardian","floor":76,"turns":1},{"damage":0,"enemies":"Snake Plant","floor":78,"turns":1},{"damage":78,"enemies":"Nightmare","floor":79,"turns":9}],"seed_played":"1054612121951158128","potions_obtained":[{"floor":1.0,"key":"Energy Potion"},{"floor":5.0,"key":"Dexterity Potion"},{"floor":11.0,"key":"Regen Potion"},{"floor":14.0,"key":"AttackPotion"},{"floor":21,"key":"LiquidMemories"},{"floor":23,"key":"FearPotion"},{"floor":38,"key":"PowerPotion"},{"floor":52,"key":"LiquidBronze"},{"floor":54,"key":"Fruit Juice"},{"floor":73,"key":"Death Potion"},{"floor":73,"key":"LiquidMemories"},{"floor":73,"key":"sneckomod:MuddlingPotion"},{"floor":76,"key":"SmokeBomb"},{"floor":78,"key":"Explosive Potion"}],"is_trial":false,"path_per_floor":["M","M","$","M","M","R","?","R","T","M","E","M","E","M","R","B",null,"M","M","?","M","$","E","R","$","T","?","E","?","AVR","M","R","B",null,"M","?","AVR","M","M","R","E","?","T","R","?","NM","?","M","R","B",null,"M","?","M","T","M","R","E","R","T","?","AVR","?","R","E","R","B",null,"M","$","?","?","?","R","?","M","T","M","NM"],"character_chosen":"THE_WILD_CARD","items_purchased":["Girya","theWildCard:Abstinence","Fruit Juice"],"campfire_rested":4,"item_purchase_floors":[3,25,70],"current_hp_per_floor":[60,58,58,42,42,42,11,29,29,29,29,29,29,29,29,29,60,54,54,9,9,9,9,27,27,27,27,27,27,27,24,24,24,60,26,26,26,11,11,29,29,29,29,47,47,60,55,54,54,53,60,60,60,64,64,63,63,61,61,61,61,61,61,61,60,60,60,65,65,70,70,70,70,70,70,70,70,70,0,0],"gold":447,"neow_bonus":"TWO_FIFTY_GOLD","is_daily":false,"chose_seed":false,"campfire_upgraded":5,"win_rate":0.0,"timestamp":1612626567,"path_taken":["M","?","$","M","M","R","?","R","T","M","E","?","E","M","R","BOSS","M","M","?","?","?","E","R","$","T","?","E","?","AVR","M","R","BOSS","M","?","AVR","M","M","R","E","?","T","R","?","NM","?","?","R","BOSS","M","?","M","?","?","R","E","R","T","?","AVR","?","R","E","R","BOSS","M","$","?","?","?","R","?","M","T","?","NM"],"items_purchased_type":["Relic","Card","Potion"],"build_version":"2020-12-22","purchased_purges":5,"victory":false,"max_hp_per_floor":[60,60,60,60,60,60,60,60,60,60,60,60,60,60,60,60,60,60,60,60,60,60,60,60,60,60,60,60,60,60,60,60,60,60,60,60,60,60,60,60,60,60,60,60,60,60,60,60,60,60,60,60,60,65,65,65,65,65,65,65,65,65,65,65,65,65,65,65,65,70,70,70,70,70,70,70,70,70,70,70],"relic_stats":{"counters":[34,192],"Blue Candle":[10],"Whetstone":["theWildCard:BasicStrike","theWildCard:CallToAdventure"],"War Paint":["theWildCard:Proficiency","theWildCard:BasicDefend"],"Orichalcum":[24],"Cursed Key":1,"obtain_stats":[{"aspiration:Lifesprig":28,"Lantern":65,"Whetstone":30,"Ancient Tea Set":13,"halation:StarCompass":29,"Cursed Key":51,"Replay:Rubber Ducky":9,"hubris:Icosahedron":36,"Gremlin Food":26,"Potion Belt":73,"Girya":3,"Ring of Hypnosis":73,"Blue Candle":47,"ReplayTheSpireMod:Ring of Addiction":73,"infinitespire:Beetle Shell":23,"hubris:Towel":45,"War Paint":46,"Orichalcum":58,"aspiration:HiddenCompartment":11,"White Beast Statue":73,"theWildCard:VelvetContract":0,"SlaversCollar":30,"sneckomod:BabySnecko":71,"Simple Rune":41,"Kintsugi":17,"ReplayTheSpireMod:Lightbulb":37,"infinitespire:PuzzleCube":55},{"aspiration:Lifesprig":15,"Lantern":29,"Whetstone":15,"Ancient Tea Set":8,"halation:StarCompass":15,"Cursed Key":24,"Replay:Rubber Ducky":4,"hubris:Icosahedron":18,"Gremlin Food":14,"Potion Belt":31,"Girya":2,"Ring of Hypnosis":31,"Blue Candle":22,"ReplayTheSpireMod:Ring of Addiction":31,"infinitespire:Beetle Shell":14,"hubris:Towel":21,"War Paint":22,"Orichalcum":28,"aspiration:HiddenCompartment":6,"White Beast Statue":31,"theWildCard:VelvetContract":0,"SlaversCollar":15,"sneckomod:BabySnecko":31,"Simple Rune":21,"Kintsugi":10,"ReplayTheSpireMod:Lightbulb":18,"infinitespire:PuzzleCube":26},{"aspiration:Lifesprig":94,"Lantern":171,"Whetstone":94,"Ancient Tea Set":37,"halation:StarCompass":94,"Cursed Key":154,"Replay:Rubber Ducky":17,"hubris:Icosahedron":114,"Gremlin Food":88,"Potion Belt":181,"Girya":7,"Ring of Hypnosis":181,"Blue Candle":140,"ReplayTheSpireMod:Ring of Addiction":181,"infinitespire:Beetle Shell":88,"hubris:Towel":132,"War Paint":140,"Orichalcum":167,"aspiration:HiddenCompartment":28,"White Beast Statue":181,"theWildCard:VelvetContract":0,"SlaversCollar":94,"sneckomod:BabySnecko":181,"Simple Rune":132,"Kintsugi":51,"ReplayTheSpireMod:Lightbulb":114,"infinitespire:PuzzleCube":160}]},"card_choices":[{"not_picked":["theWildCard:Loki","theWildCard:CryOfAgony"],"picked":"theWildCard:Attunement","floor":1.0},{"not_picked":["theWildCard:Michael","theWildCard:UnderLockAndKey"],"picked":"theWildCard:MaskChange","floor":2.0},{"not_picked":["theWildCard:BladeOfGenerations","theWildCard:IdentityTheft"],"picked":"theWildCard:SeveringSlash","floor":4.0},{"not_picked":["theWildCard:EnergizedStroke","theWildCard:Attunement"],"picked":"theWildCard:ArcaneArts","floor":5.0},{"not_picked":["theWildCard:Odin","theWildCard:SeveringSlash","theWildCard:MaskChange"],"picked":"SKIP","floor":10.0},{"not_picked":["theWildCard:EnergizedStroke","theWildCard:SeveringSlash"],"picked":"theWildCard:FuelForTheFire","floor":11.0},{"not_picked":["theWildCard:Polydeuces","theWildCard:SacrificialStroke","theWildCard:SeveringSlash"],"picked":"SKIP","floor":12.0},{"not_picked":["theWildCard:Sakuya","theWildCard:SeveringSlash"],"picked":"theWildCard:Abstinence","floor":13.0},{"not_picked":["theWildCard:Unburden","theWildCard:PaleRider"],"picked":"theWildCard:Attunement","floor":14.0},{"not_picked":["theWildCard:SeveringSlash","theWildCard:Metatron"],"picked":"theWildCard:MasterPlan","floor":18},{"not_picked":["theWildCard:Impatience","theWildCard:Sakuya","theWildCard:Michael"],"picked":"SKIP","floor":19},{"not_picked":["theWildCard:Polydeuces","theWildCard:StalwartBlade","theWildCard:Amaterasu"],"picked":"SKIP","floor":21},{"not_picked":["theWildCard:PaleRider","theWildCard:Unburden","theWildCard:Polydeuces"],"picked":"SKIP","floor":23},{"not_picked":["theWildCard:EnergizedStroke","theWildCard:PaleRider","theWildCard:ArcaneArts"],"picked":"SKIP","floor":28},{"not_picked":["theWildCard:SacrificialStroke","theWildCard:MaskChange","theWildCard:Unburden"],"picked":"SKIP","floor":31},{"not_picked":["theWildCard:Patience","theWildCard:IdentityTheft"],"picked":"theWildCard:MagicMettle","floor":35},{"not_picked":["theWildCard:Safeguard","theWildCard:SacrificialStroke+1"],"picked":"theWildCard:Proficiency","floor":38},{"not_picked":["theWildCard:PaleRider+1","theWildCard:Sakuya"],"picked":"theWildCard:ArchaicAssault+1","floor":39},{"not_picked":["theWildCard:TheGreatSeal","theWildCard:TheUniverse"],"picked":"theWildCard:Safeguard+1","floor":41},{"not_picked":["infinitespire:Fortify","infinitespire:SealOfDarkness+"],"picked":"ReplayTheSpireMod:Chaos Vortex","floor":46},{"not_picked":["theWildCard:Unburden+1","theWildCard:Safeguard+1"],"picked":"theWildCard:ManOfManyFaces+1","floor":46},{"not_picked":["theWildCard:StingingStrike+1","theWildCard:Michael","theWildCard:Sakuya+1"],"picked":"SKIP","floor":48},{"not_picked":["theWildCard:Odin","theWildCard:Scathach","theWildCard:ArchaicAssault"],"picked":"SKIP","floor":52},{"not_picked":["theWildCard:Patience","theWildCard:Metatron"],"picked":"theWildCard:Abstinence","floor":54},{"not_picked":["theWildCard:ArchaicAssault","theWildCard:SacrificialStroke"],"picked":"theWildCard:Proficiency","floor":56},{"not_picked":["theWildCard:Amaterasu","theWildCard:ArcanaArtistry","theWildCard:Scathach"],"picked":"SKIP","floor":58},{"not_picked":["theWildCard:Polydeuces","theWildCard:MagicalMight"],"picked":"theWildCard:Abstinence","floor":65},{"not_picked":["theWildCard:TheGreatSeal","theWildCard:SacrificialStroke"],"picked":"theWildCard:Salvation+1","floor":69},{"not_picked":["theWildCard:Unburden","theWildCard:Scathach","theWildCard:SeveringSlash+1"],"picked":"SKIP","floor":76},{"not_picked":["theWildCard:TheUniverse","theWildCard:SeveringSlash","theWildCard:ArcaneArts"],"picked":"SKIP","floor":78}],"player_experience":203355,"relics_obtained":[{"floor":9.0,"key":"Replay:Rubber Ducky"},{"floor":11.0,"key":"aspiration:HiddenCompartment"},{"floor":13.0,"key":"Ancient Tea Set"},{"floor":23,"key":"infinitespire:Beetle Shell"},{"floor":26,"key":"Gremlin Food"},{"floor":28,"key":"aspiration:Lifesprig"},{"floor":41,"key":"Simple Rune"},{"floor":46,"key":"War Paint"},{"floor":55,"key":"infinitespire:PuzzleCube"},{"floor":58,"key":"Orichalcum"},{"floor":65,"key":"Lantern"},{"floor":73,"key":"Ring of Hypnosis"},{"floor":73,"key":"ReplayTheSpireMod:Ring of Addiction"},{"floor":73,"key":"Potion Belt"},{"floor":73,"key":"White Beast Statue"}],"event_choices":[{"damage_healed":0.0,"max_hp_gain":0.0,"max_hp_loss":0.0,"gold_gain":0.0,"event_name":"betterSkull:BetterSkull","player_choice":"UP UP UP ","floor":7.0,"gold_loss":0.0,"damage_taken":37.0,"cards_upgraded":["theWildCard:BasicStrike","theWildCard:Arsene","theWildCard:SeveringSlash"],"relics_obtained":[]},{"damage_healed":0,"gold_gain":0,"player_choice":"UP UP UP UP ","damage_taken":53,"relics_obtained":[],"max_hp_gain":0,"max_hp_loss":0,"event_name":"betterSkull:BetterSkull","floor":20,"gold_loss":0,"cards_upgraded":["theWildCard:MaskChange","theWildCard:BasicDefend","theWildCard:Abstinence","theWildCard:MasterPlan"]},{"cards_removed":["theWildCard:BasicDefend"],"damage_healed":0,"gold_gain":0,"player_choice":"Give","damage_taken":0,"max_hp_gain":0,"max_hp_loss":0,"event_name":"betterNote:BetterNote","floor":27,"gold_loss":0,"cards_obtained":["ReplayTheSpireMod:Strike From Hell"]},{"damage_healed":0,"gold_gain":0,"player_choice":"Ignored","damage_taken":0,"max_hp_gain":0,"max_hp_loss":0,"event_name":"OrinTheCat","floor":42,"gold_loss":0},{"damage_healed":0,"gold_gain":100,"player_choice":"Pray","damage_taken":0,"max_hp_gain":0,"max_hp_loss":0,"event_name":"Golden Shrine","floor":63,"gold_loss":0},{"damage_healed":0,"gold_gain":0,"player_choice":"Simplicity","damage_taken":0,"max_hp_gain":0,"max_hp_loss":4,"event_name":"betterThird:BetterWriting","floor":75,"gold_loss":0}],"is_beta":false,"boss_relics":[{"not_picked":["halation:ForbiddenBikini","aspiration:PoetsPen_weak"],"picked":"Kintsugi"},{"not_picked":["Replay:Bronze Core","ChewingGum","hubris:CrackedHourglass"]},{"not_picked":["Replay:Ancient Bell","aspiration:SilentSkillbook"],"picked":"Cursed Key"},{"not_picked":["Astrolabe","Pandora\u0027s Box","halation:SmartPhone"]}],"items_purged_floors":[3,22,37,62,70],"is_endless":true,"potions_floor_spawned":[1,5,11,12,14,21,23,28,38,41,48,52,54,76,78],"killed_by":"Nightmare","ascension_level":2}}