{"host":"artti7o26te9gn1a","time":1612586263,"event":{"mods":["AchievementEnabler","BaseMod","Beaked The Cultist","BetterRewards","Downfall","Minty Spire (QoL Compilation)","StSLib","Trackpad"],"gold_per_floor":[117,129,129,148,166,199,220,245,270,270,119,160,3,83,83,83,83],"floor_reached":16,"language":"ENG","playtime":503,"items_purged":["Strike_R","Strike_R"],"score":304,"play_id":"c5da0d03-5129-48c2-a844-a5196b913a74","local_time":"20210206053743","is_ascension_mode":true,"campfire_choices":[{"floor":10,"key":"REST"},{"floor":15,"key":"REST"}],"circlet_count":0,"master_deck":["AscendersBane","Strike_R","Strike_R","Strike_R","Defend_R","Defend_R","Defend_R","Defend_R","Bash","Inflame","Flex","Cleave","Thunderclap","Evolve","Pommel Strike","Feel No Pain","Rampage","Metallicize","Twin Strike","True Grit"],"relics":["Burning Blood","OrangePellets","Mummified Hand","trackpad:IceCube","Golden Idol","trackpad:ByrdBGone","trackpad:SappingStone","trackpad:Mousetrap","Vajra","PreservedInsect"],"acts_visited":["Exordium"],"potions_floor_usage":[14,14],"damage_taken":[{"damage":1,"enemies":"Small Slimes","floor":1,"turns":4},{"damage":4,"enemies":"Jaw Worm","floor":2,"turns":2},{"damage":0,"enemies":"2 Louse","floor":4,"turns":3},{"damage":10,"enemies":"Large Slime","floor":5,"turns":4},{"damage":55,"enemies":"Lagavulin","floor":6,"turns":7},{"damage":0,"enemies":"Lots of Slimes","floor":7,"turns":1},{"damage":16,"enemies":"Gremlin Nob","floor":12,"turns":4},{"damage":28,"enemies":"Lagavulin Event","floor":14,"turns":4},{"damage":30,"enemies":"The Guardian","floor":16,"turns":5}],"seed_played":"1522581025854602534","potions_obtained":[{"floor":1,"key":"Energy Potion"},{"floor":6,"key":"SkillPotion"}],"is_trial":false,"path_per_floor":["M","M","?","M","M","E","M","T","T","R","$","E","$","?","R","B"],"character_chosen":"IRONCLAD","items_purchased":["Inflame","OrangePellets","Mummified Hand","Flex","trackpad:IceCube","Rampage","Twin Strike"],"campfire_rested":2,"item_purchase_floors":[0,0,0,0,0,11,13],"current_hp_per_floor":[73,75,68,68,64,15,21,21,21,41,41,31,31,9,29,0,0],"gold":83,"neow_bonus":"","is_daily":false,"chose_seed":false,"campfire_upgraded":0,"win_rate":0.0,"timestamp":1612586263,"path_taken":["M","M","?","M","M","E","M","?","T","R","$","E","$","?","R","BOSS"],"items_purchased_type":["Card","Relic","Relic","Card","Relic","Card","Card"],"build_version":"2020-12-22","purchased_purges":2,"victory":false,"max_hp_per_floor":[75,75,68,68,68,68,68,68,68,68,68,68,68,68,68,68,68],"card_choices":[{"not_picked":["Sword Boomerang","Headbutt"],"picked":"Cleave","floor":1},{"not_picked":["Pommel Strike","Impervious"],"picked":"Thunderclap","floor":2},{"not_picked":["Body Slam","Searing Blow"],"picked":"Evolve","floor":4},{"not_picked":["Headbutt","Thunderclap"],"picked":"Pommel Strike","floor":5},{"not_picked":["Rampage","Metallicize"],"picked":"Feel No Pain","floor":6},{"not_picked":["Whirlwind","Dual Wield","Iron Wave"],"picked":"SKIP","floor":7},{"not_picked":["Evolve","Offering"],"picked":"Metallicize","floor":12},{"not_picked":["Body Slam","Warcry"],"picked":"True Grit","floor":14}],"player_experience":774989,"relics_obtained":[{"floor":6,"key":"trackpad:ByrdBGone"},{"floor":8,"key":"trackpad:SappingStone"},{"floor":9,"key":"trackpad:Mousetrap"},{"floor":12,"key":"Vajra"},{"floor":14,"key":"PreservedInsect"}],"event_choices":[{"damage_healed":0,"gold_gain":0,"player_choice":"Lose Max HP","damage_taken":0,"relics_obtained":["Golden Idol"],"max_hp_gain":0,"max_hp_loss":7,"event_name":"Golden Idol","floor":3,"gold_loss":0},{"damage_healed":0,"gold_gain":0,"player_choice":"Searched \u00271\u0027 times","damage_taken":0,"max_hp_gain":0,"max_hp_loss":0,"event_name":"Dead Adventurer","floor":14,"gold_loss":0}],"is_beta":false,"boss_relics":[],"items_purged_floors":[11,13],"is_endless":false,"potions_floor_spawned":[1,6],"killed_by":"The Guardian","ascension_level":18}}