{"host":"0cm5wy4nhuju7tij","time":1612645548,"event":{"mods":["100% Spire Juice","2.2 Compatiblity","AchievementEnabler","Aspiration","BaseMod","Better Third Choice","BetterRewards","CCEM2","CapriCore","Colored Powertips","Curses Come First","Displayed Cursed Tome","Downfall","Energized Spire","Evolution","Filter the Spire","Highlight Path","Jess\u0027s Bottle","Minty Spire (QoL Compilation)","Permanent Neow","Poor People Problems","Relic Filter Mod","Relic Stats","Shop Mod","Spicy Shops","StSLib","The Cursed","TheSurvivalist","Weighted Paths"],"gold_per_floor":[113,136,150,161,171,203,203,235,235,265,284,315,315,331,331,432,432,450,464,483,408,418,418,418,418],"floor_reached":24,"language":"ENG","playtime":1817,"items_purged":[],"score":294,"play_id":"734b5b0c-783c-4da3-a48d-c1dd12bc196f","local_time":"20210206160548","is_ascension_mode":true,"campfire_choices":[{"data":"Eruption","floor":7,"key":"SMITH"},{"data":"Dramatic Entrance","floor":13,"key":"SMITH"},{"data":"ReachHeaven","floor":15,"key":"SMITH"},{"floor":23,"key":"REST"}],"circlet_count":0,"master_deck":["FollowUp","FollowUp","Strike_P","Strike_P","Defend_P","Defend_P","Defend_P","Eruption+1","Vigilance","Dramatic Entrance+1","Protect","Perseverance","FollowUp","CarveReality","Perseverance","Dark Shackles+1","FlurryOfBlows","Magnetism+1","CutThroughFate","Mayhem+1","ReachHeaven+1","LikeWater","ThirdEye","Ragnarok","ForeignInfluence","Crescendo","TalkToTheHand","CarveReality"],"relics":["PureWater","EVO:Axolotl","Orichalcum","CCEMRelics:FestiveHat","Blue Candle","aspiration:FetidBarrel","Kunai","CCEMRelics:TinyMinotavrHorn","CCEMRelics:ReaperScythe"],"acts_visited":["Exordium","TheCity"],"potions_floor_usage":[],"damage_taken":[{"damage":0,"enemies":"Cultist","floor":1,"turns":4},{"damage":0,"enemies":"Small Slimes","floor":3,"turns":2},{"damage":0,"enemies":"2 Louse","floor":4,"turns":3},{"damage":0,"enemies":"Gremlin Gang","floor":5,"turns":2},{"damage":18,"enemies":"3 Sentries","floor":6,"turns":9},{"damage":10,"enemies":"Lagavulin","floor":8,"turns":5},{"damage":2,"enemies":"3 Sentries","floor":10,"turns":4},{"damage":5,"enemies":"Exordium Wildlife","floor":11,"turns":3},{"damage":6,"enemies":"Lagavulin","floor":12,"turns":6},{"damage":0,"enemies":"2 Fungi Beasts","floor":14,"turns":2},{"damage":0,"enemies":"Slime Boss","floor":16,"turns":6},{"damage":18,"enemies":"Spheric Guardian","floor":18,"turns":4},{"damage":0,"enemies":"3 Byrds","floor":19,"turns":4},{"damage":2,"enemies":"Centurion and Healer","floor":20,"turns":5},{"damage":21,"enemies":"Shelled Parasite and Fungi","floor":22,"turns":5},{"damage":40,"enemies":"Book of Stabbing","floor":24,"turns":4}],"seed_played":"-1106203138398069451","potions_obtained":[{"floor":3,"key":"hexamod:SoulburnPotion"},{"floor":5,"key":"hexamod:SoulburnPotion"},{"floor":10,"key":"FearPotion"},{"floor":16,"key":"BlessingOfTheForge"}],"is_trial":false,"path_per_floor":["M","T","M","M","M","E","R","E","T","E","M","E","R","M","R","B",null,"M","M","M","?","M","R","E"],"character_chosen":"WATCHER","items_purchased":[],"campfire_rested":1,"item_purchase_floors":[],"current_hp_per_floor":[72,72,72,72,72,54,54,44,44,42,37,31,31,31,31,31,72,54,54,52,52,31,52,0,0],"gold":418,"neow_bonus":"RANDOM_COLORLESS","is_daily":false,"chose_seed":false,"campfire_upgraded":3,"win_rate":0.0,"timestamp":1612645548,"path_taken":["M","?","M","M","M","E","R","E","T","E","M","E","R","M","R","BOSS","M","M","M","?","M","R","E"],"items_purchased_type":[],"build_version":"2020-12-22","purchased_purges":0,"victory":false,"max_hp_per_floor":[72,72,72,72,72,72,72,72,72,72,72,72,72,72,72,72,72,72,72,72,72,72,72,72,72],"relic_stats":{"counters":[16,64],"Blue Candle":[0],"Kunai":[18],"Orichalcum":[102],"obtain_stats":[{"CCEMRelics:FestiveHat":6,"aspiration:FetidBarrel":9,"Blue Candle":8,"CCEMRelics:ReaperScythe":17,"CCEMRelics:TinyMinotavrHorn":12,"EVO:Axolotl":0,"Kunai":10,"PureWater":0,"Orichalcum":2},{"CCEMRelics:FestiveHat":5,"aspiration:FetidBarrel":6,"Blue Candle":6,"CCEMRelics:ReaperScythe":11,"CCEMRelics:TinyMinotavrHorn":9,"EVO:Axolotl":0,"Kunai":7,"PureWater":0,"Orichalcum":1},{"CCEMRelics:FestiveHat":20,"aspiration:FetidBarrel":25,"Blue Candle":25,"CCEMRelics:ReaperScythe":44,"CCEMRelics:TinyMinotavrHorn":38,"EVO:Axolotl":0,"Kunai":29,"PureWater":0,"Orichalcum":4}]},"card_choices":[{"not_picked":["Swift Strike","PanicButton"],"picked":"Dramatic Entrance","floor":0},{"not_picked":["Conclude","InnerPeace"],"picked":"Protect","floor":1},{"not_picked":["BowlingBash","Protect"],"picked":"Perseverance","floor":3},{"not_picked":["SandsOfTime","Prostrate"],"picked":"FollowUp","floor":4},{"not_picked":["PathToVictory","ThirdEye"],"picked":"CarveReality","floor":5},{"not_picked":["FlurryOfBlows","Conclude"],"picked":"Perseverance","floor":6},{"not_picked":["Madness+1","Jack Of All Trades+1"],"picked":"Dark Shackles+1","floor":8},{"not_picked":["FollowUp","DeusExMachina"],"picked":"FlurryOfBlows","floor":8},{"not_picked":["Bandage Up+1","Flash of Steel+1"],"picked":"Magnetism+1","floor":10},{"not_picked":["Worship","ThirdEye"],"picked":"CutThroughFate","floor":10},{"not_picked":["Impatience+1","Secret Technique+1"],"picked":"Mayhem+1","floor":11},{"not_picked":["Perseverance","Evaluate"],"picked":"ReachHeaven","floor":11},{"not_picked":["Prostrate","Judgement"],"picked":"LikeWater","floor":12},{"not_picked":["LikeWater","ReachHeaven"],"picked":"ThirdEye","floor":14},{"not_picked":["SpiritShield","Judgement"],"picked":"Ragnarok","floor":16},{"not_picked":["InnerPeace","ThirdEye"],"picked":"ForeignInfluence","floor":18},{"not_picked":["FlurryOfBlows","Conclude"],"picked":"Crescendo","floor":19},{"not_picked":["InnerPeace+1","Worship"],"picked":"TalkToTheHand","floor":20},{"not_picked":["ClearTheMind","Perseverance"],"picked":"CarveReality","floor":22}],"player_experience":278542,"relics_obtained":[{"floor":2,"key":"Orichalcum"},{"floor":6,"key":"CCEMRelics:FestiveHat"},{"floor":8,"key":"Blue Candle"},{"floor":9,"key":"aspiration:FetidBarrel"},{"floor":10,"key":"Kunai"},{"floor":12,"key":"CCEMRelics:TinyMinotavrHorn"}],"event_choices":[{"cards_removed":["Defend_P"],"damage_healed":0,"gold_gain":0,"player_choice":"Gave Gold","damage_taken":0,"max_hp_gain":0,"max_hp_loss":0,"event_name":"Beggar","floor":21,"gold_loss":75}],"is_beta":false,"boss_relics":[{"not_picked":["energizedSpire:OgreHead","aspiration:FutureDiary"],"picked":"CCEMRelics:ReaperScythe"}],"items_purged_floors":[],"is_endless":false,"potions_floor_spawned":[3,5,10,14,16,19,22],"killed_by":"Book of Stabbing","ascension_level":1}}