{"host":"f5gffvlv6a66yqkd","time":1612620117,"event":{"mods":["2.2 Compatiblity","BaseMod","Colored Map","Custom Start","DeckTracker","Keyboard Shortcuts","Minty Spire (QoL Compilation)","Permanent Neow","Quick Restart","Relic Stats","StSLib","SuperFastMode"],"gold_per_floor":[117,128,139,152,169,169,134,134,134,164,178,178,195,230,230,306,306,319,334,334,41,55,55,80,80,103,153,173,273,273,308,308,308,308],"floor_reached":33,"language":"KOR","playtime":831,"items_purged":["Strike_B"],"score":594,"play_id":"d0510e40-0262-434b-b54a-d820d1615f97","local_time":"20210206230157","is_ascension_mode":true,"campfire_choices":[{"floor":6,"key":"REST"},{"data":"Dualcast","floor":8,"key":"SMITH"},{"data":"Zap","floor":12,"key":"SMITH"},{"data":"Buffer","floor":15,"key":"SMITH"},{"data":"Skim","floor":23,"key":"SMITH"},{"data":"Self Repair","floor":25,"key":"SMITH"},{"data":"Turbo","floor":32,"key":"SMITH"}],"circlet_count":0,"master_deck":["AscendersBane","Strike_B","Strike_B","Strike_B","Defend_B","Defend_B","Defend_B","Defend_B","Zap+1","Dualcast+1","Machine Learning","Ball Lightning","Compile Driver","Conserve Battery","Ball Lightning","Cold Snap","Stack","Buffer+1","Electrodynamics","Skim+1","Turbo+1","Self Repair+1","Stack"],"relics":["Cracked Core","Eternal Feather","Akabeko","CaptainsWheel","Busted Crown","Bag of Marbles","PreservedInsect","Turnip","Matryoshka","Nunchaku"],"acts_visited":["Exordium","TheCity"],"potions_floor_usage":[4,10,16,19,24,24,33,33],"damage_taken":[{"damage":5.0,"enemies":"Small Slimes","floor":1.0,"turns":4.0},{"damage":8.0,"enemies":"2 Louse","floor":2.0,"turns":3.0},{"damage":7.0,"enemies":"Jaw Worm","floor":3.0,"turns":3.0},{"damage":9,"enemies":"Exordium Thugs","floor":4,"turns":2},{"damage":7,"enemies":"3 Louse","floor":5,"turns":3},{"damage":11,"enemies":"Gremlin Nob","floor":10,"turns":3},{"damage":8,"enemies":"Blue Slaver","floor":11,"turns":2},{"damage":0,"enemies":"Large Slime","floor":13,"turns":4},{"damage":16,"enemies":"Lagavulin","floor":14,"turns":7},{"damage":34,"enemies":"Hexaghost","floor":16,"turns":9},{"damage":0,"enemies":"Chosen","floor":18,"turns":3},{"damage":3,"enemies":"2 Thieves","floor":19,"turns":3},{"damage":3,"enemies":"Sentry and Sphere","floor":22,"turns":6},{"damage":26,"enemies":"Gremlin Leader","floor":24,"turns":7},{"damage":6,"enemies":"3 Cultists","floor":28,"turns":4},{"damage":22,"enemies":"Colosseum Slavers","floor":29,"turns":4},{"damage":0,"enemies":"Colosseum Nobs","floor":29,"turns":4},{"damage":15,"enemies":"Slavers","floor":31,"turns":3},{"damage":60,"enemies":"Collector","floor":33,"turns":8}],"seed_played":"2963652252605060261","potions_obtained":[{"floor":2.0,"key":"PowerPotion"},{"floor":3.0,"key":"PowerPotion"},{"floor":4,"key":"BlessingOfTheForge"},{"floor":14,"key":"Weak Potion"},{"floor":18,"key":"Block Potion"},{"floor":22,"key":"Explosive Potion"},{"floor":29,"key":"CultistPotion"},{"floor":31,"key":"Explosive Potion"}],"is_trial":false,"path_per_floor":["M","M","M","M","M","R","?","R","T","E","M","R","M","E","R","B",null,"M","M","?","$","M","R","E","R","T","?","M","?","?","E","R","B"],"character_chosen":"DEFECT","items_purchased":["Skim","Turbo","Self Repair"],"campfire_rested":1,"item_purchase_floors":[21,21,21],"current_hp_per_floor":[59,51,44,35,28,49,66,66,66,55,47,56,56,40,49,15,57,57,54,34,34,38,50,31,43,43,43,47,45,45,40,52,0,0],"gold":308,"neow_bonus":"ONE_RANDOM_RARE_CARD","is_daily":false,"chose_seed":false,"campfire_upgraded":6,"win_rate":0.0,"timestamp":1612620117,"path_taken":["M","M","M","M","M","R","?","R","T","E","M","R","M","E","R","BOSS","M","M","?","$","M","R","E","R","T","?","?","?","?","E","R","BOSS"],"items_purchased_type":["Card","Card","Card"],"build_version":"2020-12-22","purchased_purges":1,"victory":false,"max_hp_per_floor":[71,71,71,71,71,71,71,71,71,71,71,71,71,71,71,71,71,71,71,76,76,76,76,76,76,76,76,76,76,76,76,76,76,76],"relic_stats":{"Nunchaku":[1],"Busted Crown":14,"counters":[19,82],"Eternal Feather":54,"PreservedInsect":80,"Turnip":[5],"obtain_stats":[{"CaptainsWheel":14,"Nunchaku":31,"Busted Crown":17,"Matryoshka":29,"Eternal Feather":9,"PreservedInsect":26,"Turnip":29,"Bag of Marbles":24,"Cracked Core":0,"Akabeko":10},{"CaptainsWheel":9,"Nunchaku":18,"Busted Crown":10,"Matryoshka":17,"Eternal Feather":5,"PreservedInsect":14,"Turnip":17,"Bag of Marbles":14,"Cracked Core":0,"Akabeko":6},{"CaptainsWheel":31,"Nunchaku":74,"Busted Crown":40,"Matryoshka":71,"Eternal Feather":15,"PreservedInsect":59,"Turnip":71,"Bag of Marbles":59,"Cracked Core":0,"Akabeko":18}]},"card_choices":[{"not_picked":["Scrape","Skim"],"picked":"Ball Lightning","floor":1.0},{"not_picked":["Leap","Sweeping Beam"],"picked":"Compile Driver","floor":2.0},{"not_picked":["Static Discharge","Chaos"],"picked":"Conserve Battery","floor":3.0},{"not_picked":["Sweeping Beam","Rebound"],"picked":"Ball Lightning","floor":4},{"not_picked":["Rebound","Steam Power"],"picked":"Cold Snap","floor":5},{"not_picked":["Compile Driver","Sweeping Beam","Darkness"],"picked":"SKIP","floor":10},{"not_picked":["Aggregate","Redo"],"picked":"Stack","floor":11},{"not_picked":["Storm","Auto Shields","Sweeping Beam"],"picked":"SKIP","floor":13},{"not_picked":["FTL","Consume"],"picked":"Buffer","floor":14},{"not_picked":["All For One","Seek"],"picked":"Electrodynamics","floor":16},{"not_picked":["Streamline"],"picked":"SKIP","floor":18},{"not_picked":["Barrage"],"picked":"SKIP","floor":19},{"not_picked":["Fusion"],"picked":"SKIP","floor":22},{"not_picked":["Rip and Tear"],"picked":"SKIP","floor":24},{"not_picked":["Consume"],"picked":"SKIP","floor":28},{"not_picked":["Stack"],"picked":"SKIP","floor":31},{"not_picked":[],"picked":"Stack","floor":31}],"player_experience":1676824,"relics_obtained":[{"floor":9,"key":"Eternal Feather"},{"floor":10,"key":"Akabeko"},{"floor":14,"key":"CaptainsWheel"},{"floor":24,"key":"Bag of Marbles"},{"floor":26,"key":"PreservedInsect"},{"floor":29,"key":"Turnip"},{"floor":29,"key":"Matryoshka"},{"floor":31,"key":"Nunchaku"}],"event_choices":[{"damage_healed":17,"gold_gain":0,"player_choice":"Healed","damage_taken":0,"max_hp_gain":0,"max_hp_loss":0,"event_name":"The Cleric","floor":7,"gold_loss":35},{"damage_healed":0,"gold_gain":0,"player_choice":"Shed Blood","damage_taken":25,"max_hp_gain":5,"max_hp_loss":0,"event_name":"Forgotten Altar","floor":20,"gold_loss":0},{"damage_healed":0,"gold_gain":50,"player_choice":"Stole From Cult","damage_taken":0,"max_hp_gain":0,"max_hp_loss":0,"event_name":"Nest","floor":27,"gold_loss":0},{"damage_healed":0,"gold_gain":0,"player_choice":"Fight","damage_taken":0,"max_hp_gain":0,"max_hp_loss":0,"event_name":"Colosseum","floor":29,"gold_loss":0},{"damage_healed":0,"gold_gain":0,"player_choice":"Fought Nobs","damage_taken":0,"max_hp_gain":0,"max_hp_loss":0,"event_name":"Colosseum","floor":29,"gold_loss":0},{"damage_healed":0,"gold_gain":0,"player_choice":"Ignored","damage_taken":0,"max_hp_gain":0,"max_hp_loss":0,"event_name":"Ghosts","floor":30,"gold_loss":0}],"is_beta":false,"boss_relics":[{"not_picked":["Runic Pyramid","FrozenCore"],"picked":"Busted Crown"}],"items_purged_floors":[21],"is_endless":false,"potions_floor_spawned":[2,3,4,14,18,22,29,31],"killed_by":"Collector","ascension_level":20}}