{"host":"2pluridizrp50jef","time":1612581419,"event":{"mods":["ATMod(∞¢Ë™Mod)","AchievementEnabler","Act Like it!","BaseMod","Bestiary","Better Altar","Better Match","Better Note","Better Sensory Stone","Better Skull","Better Third Choice","BetterRewards","Colored Powertips","Conspire","Curses Come First","Custom Start","Downfall","Energized Spire","Gensokyo","Hallownest","Hubris","Infinite Spire","Lobotomy","LobotomyExtend","Minty Spire (QoL Compilation)","Rare Cards Sparkle","Reimu£®≤©¿ˆ¡È√Œ£©","Relic Stats","Replay The Spire","StSLib","noobMod","°æ“≈ŒÔø®≈∆°øREMEMod"],"gold_per_floor":[99,116,133,283,293,193,193,227,227,262,17,17,28,39,57,155,155,55,73,90,90,190,90,90,90,117,117,117,127,141,192,192,288,288,288,304,358,376,141,141,141,153,172,222,239,270,282,311,321,321,321,321,352,127,127,127,127],"floor_reached":58,"language":"ZHS","playtime":6518,"items_purged":["downfall:Icky","Guardian:Strike_Guardian","Clumsy"],"score":1424,"play_id":"9df5a535-3f7f-4b7d-94da-28edefe51933","local_time":"20210205191659","is_ascension_mode":false,"campfire_choices":[{"floor":1,"key":"RECALL"},{"data":"AT_FamilyPortrait","floor":6,"key":"SMITH"},{"floor":18,"key":"DIG"},{"data":"Guardian:StasisStrike","floor":23,"key":"SMITH"},{"data":"Guardian:TimeSifter","floor":35,"key":"SMITH"}],"circlet_count":0,"master_deck":["Guardian:Defend_Guardian","Guardian:Defend_Guardian","Guardian:CurlUp","Guardian:TwinSlam","AT_FamilyPortrait+1","Guardian:BronzeOrb","Guardian:Incinerate","Guardian:TemporalShield","Guardian:ChargeCore","Guardian:Planning","Guardian:Emergency","Guardian:CurlUp","Guardian:StasisStrike+1","CurseOfTheBell","Guardian:TemporalStrike+1","Guardian:WalkerClaw+1","Guardian:SphericShield","J.A.X.","Guardian:ChargeCore+1","Guardian:Planning","Guardian:TimeSifter+1","Guardian:WalkerClaw+1","hubris:Wrath","Guardian:Gem_Purple","Guardian:Gem_Cyan","Guardian:DonusPower+1","Guardian:Gem_Green","Guardian:WalkerClaw+1","Guardian:ExploitGems","Guardian:MultiBeam+1","Guardian:DonusPower+1","Guardian:MultiBeam+1","Guardian:TimeSifter","Guardian:Gem_White"],"relics":["Guardian:ModeShifter","AT_ATBox","REME_ComplimentaryCards","ice","LetterFromLob","downfall:HeartBlessingRed","Replay:Multitool","hubris:Icosahedron","Replay:Bottled Steam","Orrery","Calling Bell","Juzu Bracelet","Garlic","StoneCalendar","downfall:HeartBlessingGreen","Blue Candle","MutagenicStrength","downfall:HeartBlessingBlue","hubris:DeckOfHolding","Molten Egg 2","Regal Pillow","Cursed Key","White Beast Statue","HornCleat","hubris:Potato","AT_RedTearstoneRing","ReplayFunnel"],"acts_visited":["Exordium","TheCity","TheBeyond","TheEnding"],"potions_floor_usage":[16,16,33,33,33,33,33,36,39],"damage_taken":[{"damage":2,"enemies":"conspire:RoseBush","floor":2,"turns":4},{"damage":1,"enemies":"Jaw Worm","floor":3,"turns":2},{"damage":1,"enemies":"Cultist","floor":5,"turns":3},{"damage":2,"enemies":"Lagavulin","floor":8,"turns":8},{"damage":12,"enemies":"Gremlin Nob","floor":10,"turns":3},{"damage":10,"enemies":"downfall:FleeingMerchant","floor":11,"turns":5},{"damage":13,"enemies":"Exordium Wildlife","floor":13,"turns":4},{"damage":3,"enemies":"Red Slaver","floor":14,"turns":3},{"damage":0,"enemies":"2 Fungi Beasts","floor":15,"turns":3},{"damage":89,"enemies":"IC_STATUS_ARCHETYPE","floor":16,"turns":19},{"damage":3,"enemies":"Shell Parasite","floor":19,"turns":4},{"damage":1,"enemies":"3 Byrds","floor":20,"turns":3},{"damage":21,"enemies":"downfall:Augmenter","floor":22,"turns":6},{"damage":34,"enemies":"REME_1_Revenger","floor":26,"turns":4},{"damage":4,"enemies":"Cultist and Chosen","floor":29,"turns":5},{"damage":4,"enemies":"Chosen and Byrds","floor":30,"turns":3},{"damage":27,"enemies":"DF_ARCHETYPE_CLAW","floor":33,"turns":4},{"damage":3,"enemies":"Orb Walker","floor":36,"turns":3},{"damage":13,"enemies":"3 Shapes","floor":38,"turns":2},{"damage":4,"enemies":"downfall:FleeingMerchant","floor":39,"turns":4},{"damage":3,"enemies":"Transient","floor":42,"turns":5},{"damage":11,"enemies":"4 Shapes","floor":43,"turns":3},{"damage":4,"enemies":"downfall:FleeingMerchant","floor":44,"turns":2},{"damage":4,"enemies":"3 Darklings","floor":45,"turns":3},{"damage":3,"enemies":"Giant Head","floor":46,"turns":4},{"damage":3,"enemies":"Spire Growth","floor":47,"turns":2},{"damage":0,"enemies":"R_Hoarder","floor":48,"turns":3},{"damage":0,"enemies":"Jaw Worm Horde","floor":49,"turns":2},{"damage":13,"enemies":"SI_POISON_ARCHETYPE","floor":50,"turns":3},{"damage":22,"enemies":"downfall:CharBossMerchant","floor":53,"turns":5},{"damage":0,"enemies":"downfall:NeowBoss","floor":56,"turns":6},{"damage":30,"enemies":"downfall:NeowBossFinal","floor":57,"turns":5}],"seed_played":"-7358339289175215619","potions_obtained":[{"floor":8,"key":"Explosive Potion"},{"floor":10,"key":"Explosive Potion"},{"floor":13,"key":"Dexterity Potion"},{"floor":16,"key":"EssenceOfSteel"},{"floor":26,"key":"EntropicBrew"},{"floor":36,"key":"PowerPotion"},{"floor":38,"key":"Venom Potion"},{"floor":39,"key":"Guardian:BlockOnCardUsePotion"},{"floor":42,"key":"MagicPotion:ReiMu"},{"floor":43,"key":"Adrenaline Potion"},{"floor":53,"key":"PowerPotion"}],"is_trial":false,"path_per_floor":["R","M","M","?","M","R","T","E","?","E","$","R","M","M","M","B",null,"R","M","M","?","?","R","T","R","E","?","?","M","M","T","M","B",null,"R","M","?","M","$","?","T","M","M","$","M","E","M","E","M","B",null,null,"E","$","R","B","B",null],"character_chosen":"GUARDIAN","items_purchased":["Orrery","Guardian:Gem_Synthetic","Guardian:ExploitGems","Guardian:Gem_Orange","Guardian:TimeSifter"],"campfire_rested":0,"item_purchase_floors":[11,39,44,54,54],"current_hp_per_floor":[88,86,85,85,84,84,84,82,82,70,60,60,47,44,44,38,98,98,95,94,94,73,83,83,55,21,6,6,143,139,139,139,112,155,155,157,157,144,140,140,140,137,126,122,118,115,112,112,112,99,99,191,169,169,169,169,139],"gold":127,"neow_bonus":"TEN_PERCENT_HP_BONUS","is_daily":false,"chose_seed":false,"campfire_upgraded":3,"win_rate":0.0,"timestamp":1612581419,"path_taken":["R","M","M","?","M","R","T","E","?","E","?","R","M","M","M","BOSS","R","M","M","?","?","R","T","R","E","?","?","M","M","?","M","BOSS","R","M","?","M","$","?","T","M","M","$","M","E","M","E","M","BOSS","E","$","R","BOSS","BOSS"],"items_purchased_type":["Relic","Card","Card","Card","Card"],"build_version":"2020-12-22","purchased_purges":3,"victory":true,"max_hp_per_floor":[88,88,88,88,88,88,88,88,88,88,88,88,88,88,88,98,98,98,103,116,116,121,131,131,136,142,142,142,146,148,148,148,155,155,155,157,157,161,166,166,166,171,178,178,182,184,185,187,189,191,191,191,193,193,193,196,202],"relic_stats":{"Regal Pillow":0,"counters":[32,135],"Blue Candle":[18],"StoneCalendar":[0],"Juzu Bracelet":1,"Cursed Key":1,"obtain_stats":[{"ReplayFunnel":53,"Regal Pillow":31,"AT_ATBox":0,"StoneCalendar":17,"downfall:HeartBlessingGreen":18,"ice":0,"Replay:Multitool":8,"Juzu Bracelet":17,"Cursed Key":34,"hubris:Icosahedron":9,"HornCleat":41,"downfall:HeartBlessingBlue":23,"hubris:DeckOfHolding":24,"Replay:Bottled Steam":10,"AT_RedTearstoneRing":48,"downfall:HeartBlessingRed":6,"Blue Candle":18,"Guardian:ModeShifter":0,"White Beast Statue":37,"Calling Bell":17,"MutagenicStrength":22,"Orrery":11,"Molten Egg 2":26,"LetterFromLob":2,"Garlic":17,"hubris:Potato":46,"REME_ComplimentaryCards":0},{"ReplayFunnel":30,"Regal Pillow":16,"AT_ATBox":0,"StoneCalendar":10,"downfall:HeartBlessingGreen":10,"ice":0,"Replay:Multitool":4,"Juzu Bracelet":10,"Cursed Key":17,"hubris:Icosahedron":4,"HornCleat":20,"downfall:HeartBlessingBlue":13,"hubris:DeckOfHolding":13,"Replay:Bottled Steam":5,"AT_RedTearstoneRing":27,"downfall:HeartBlessingRed":3,"Blue Candle":10,"Guardian:ModeShifter":0,"White Beast Statue":18,"Calling Bell":10,"MutagenicStrength":13,"Orrery":6,"Molten Egg 2":14,"LetterFromLob":1,"Garlic":10,"hubris:Potato":25,"REME_ComplimentaryCards":0},{"ReplayFunnel":124,"Regal Pillow":79,"AT_ATBox":0,"StoneCalendar":54,"downfall:HeartBlessingGreen":54,"ice":0,"Replay:Multitool":17,"Juzu Bracelet":54,"Cursed Key":83,"hubris:Icosahedron":17,"HornCleat":92,"downfall:HeartBlessingBlue":67,"hubris:DeckOfHolding":67,"Replay:Bottled Steam":20,"AT_RedTearstoneRing":114,"downfall:HeartBlessingRed":9,"Blue Candle":54,"Guardian:ModeShifter":0,"White Beast Statue":86,"Calling Bell":54,"MutagenicStrength":67,"Orrery":25,"Molten Egg 2":71,"LetterFromLob":4,"Garlic":54,"hubris:Potato":109,"REME_ComplimentaryCards":0}]},"card_choices":[{"not_picked":["Guardian:Reroute","Guardian:TemporalStrike"],"picked":"Guardian:BronzeOrb","floor":2},{"not_picked":["Guardian:Gem_Red","Guardian:TemporalStrike"],"picked":"Guardian:Incinerate","floor":3},{"not_picked":["Guardian:PrismaticBeam","Guardian:Gem_Red"],"picked":"Guardian:TemporalShield","floor":5},{"not_picked":["Guardian:Gem_Blue","Guardian:BaubleBeam"],"picked":"Guardian:ChargeCore","floor":8},{"not_picked":["Guardian:SpikerProtocol","Guardian:Clone"],"picked":"Guardian:Planning","floor":10},{"not_picked":["Guardian:Clone","Guardian:Gem_Green","Guardian:ChargeCore"],"picked":"SKIP","floor":11},{"not_picked":["Guardian:ShieldCharger","Guardian:ArmoredProtocol"],"picked":"Guardian:Emergency","floor":11},{"not_picked":["Guardian:TemporalStrike","Guardian:Gem_Green"],"picked":"Guardian:Gem_Purple","floor":11},{"not_picked":["Guardian:Planning","Guardian:Preprogram","Guardian:ChargeCore"],"picked":"SKIP","floor":13},{"not_picked":["Guardian:VentSteam","Guardian:Planning"],"picked":"Guardian:Gem_Cyan","floor":14},{"not_picked":["Guardian:FloatingOrbs","Guardian:TimeBomb"],"picked":"Guardian:Gem_Red","floor":15},{"not_picked":["Guardian:Gem_Synthetic","Guardian:ConstructionForm"],"picked":"Guardian:StasisStrike","floor":16},{"not_picked":["Guardian:EvasiveProtocol","Guardian:Gem_Green"],"picked":"Guardian:TemporalStrike+1","floor":19},{"not_picked":["Guardian:PrimingBeam","Guardian:TimeBomb+1"],"picked":"Guardian:WalkerClaw","floor":20},{"not_picked":[],"picked":"J.A.X.","floor":22},{"not_picked":["Guardian:Reroute+1","Guardian:Incinerate+1"],"picked":"Guardian:ChargeCore+1","floor":26},{"not_picked":["Guardian:Repulse","Guardian:Preprogram"],"picked":"Guardian:Gem_Orange","floor":29},{"not_picked":["Guardian:VentSteam","Guardian:Harden"],"picked":"Guardian:Planning","floor":30},{"not_picked":["Guardian:RevengeProtocol","Guardian:AncientConstruct"],"picked":"Guardian:TimeSifter","floor":33},{"not_picked":["Guardian:Incinerate+1","Guardian:TemporalShield+1"],"picked":"Guardian:WalkerClaw+1","floor":36},{"not_picked":["Guardian:PrismaticBeam+1","Guardian:Reroute+1"],"picked":"Guardian:Gem_Purple","floor":37},{"not_picked":["Guardian:PrimingBeam+1","Guardian:ChargeCore+1"],"picked":"Guardian:Gem_Cyan","floor":38},{"not_picked":["Guardian:Gem_Green","Guardian:PrimingBeam+1"],"picked":"Guardian:DonusPower+1","floor":39},{"not_picked":["Guardian:BronzeArmor+1","Guardian:Planning+1","Guardian:MultiBeam+1"],"picked":"SKIP","floor":42},{"not_picked":["Guardian:PrimingBeam+1","Guardian:Gem_Purple"],"picked":"Guardian:Gem_Green","floor":43},{"not_picked":["Guardian:ShieldCharger+1","Guardian:Gem_Lightblue"],"picked":"Guardian:WalkerClaw+1","floor":44},{"not_picked":["Guardian:VentSteam+1","Guardian:Recover","Guardian:ShieldSpikes+1"],"picked":"SKIP","floor":45},{"not_picked":["Guardian:CrystalBeam+1","Guardian:FastForward"],"picked":"Guardian:MultiBeam+1","floor":46},{"not_picked":["Guardian:PiercingHide+1","Guardian:Suspension"],"picked":"Guardian:Gem_White","floor":47},{"not_picked":["Guardian:ChargeCore+1","Guardian:Gem_Synthetic"],"picked":"Guardian:DonusPower+1","floor":48},{"not_picked":["Guardian:TemporalStrike+1","Guardian:TimeBomb+1"],"picked":"Guardian:MultiBeam+1","floor":49},{"not_picked":["Guardian:TimeBomb+1","Guardian:ChargeCore+1"],"picked":"Guardian:Gem_Yellow","floor":53}],"player_experience":111181,"relics_obtained":[{"floor":2,"key":"LetterFromLob"},{"floor":8,"key":"Replay:Multitool"},{"floor":10,"key":"Replay:Bottled Steam"},{"floor":17,"key":"Juzu Bracelet"},{"floor":17,"key":"Garlic"},{"floor":17,"key":"StoneCalendar"},{"floor":18,"key":"Blue Candle"},{"floor":22,"key":"MutagenicStrength"},{"floor":24,"key":"hubris:DeckOfHolding"},{"floor":26,"key":"Molten Egg 2"},{"floor":31,"key":"Regal Pillow"},{"floor":37,"key":"White Beast Statue"},{"floor":41,"key":"HornCleat"},{"floor":46,"key":"hubris:Potato"},{"floor":48,"key":"AT_RedTearstoneRing"},{"floor":53,"key":"ReplayFunnel"}],"event_choices":[{"cards_removed":["Guardian:CurlUp"],"damage_healed":0,"gold_gain":0,"player_choice":"Give","damage_taken":0,"max_hp_gain":0,"max_hp_loss":0,"event_name":"betterNote:BetterNote","floor":21,"gold_loss":0,"cards_obtained":["None"]}],"is_beta":false,"boss_relics":[{"not_picked":["REME_LowDesire","hubris:VirtuousBlindfold"],"picked":"Calling Bell"},{"not_picked":["hubris:BlackHole","hubris:CrackedHourglass"],"picked":"Cursed Key"}],"items_purged_floors":[11,39,44],"is_endless":false,"potions_floor_spawned":[8,10,13,16,26,29,30,36,38,39,42,43,44,45,46,47,48,49,53],"ascension_level":0}}