{"host":"630px4nyj50z5id8","time":1612589016,"event":{"mods":["BaseMod","Better Note","Colored Powertips","Good Game Mod","Minty Spire (QoL Compilation)","Quick Restart","Rare Cards Sparkle","Relic Filter Mod","Replay The Spire","StSLib","Waifu the Spire"],"gold_per_floor":[117,134,151,171,187,214,214,247,272,272,45,71,71,21,21,21,21],"floor_reached":16,"language":"ZHS","playtime":833,"items_purged":["Strike_R"],"score":187,"play_id":"6f95f10c-6f10-4053-8ccb-6c3db72b3f65","local_time":"20210206132336","is_ascension_mode":true,"campfire_choices":[{"data":"Feed","floor":7.0,"key":"SMITH"},{"data":"Armaments","floor":10.0,"key":"SMITH"},{"data":"True Grit","floor":15,"key":"SMITH"}],"circlet_count":0,"master_deck":["Strike_R","Strike_R","Strike_R","Strike_R","Defend_R","Defend_R","Defend_R","Bash","SpiritShield","Feed+1","True Grit+1","ReplayTheSpireMod:Stacked","Seeing Red","Armaments+1","Spot Weakness","Pummel","ReplayTheSpireMod:Muscle Training"],"relics":["Burning Blood","REME:ComplimentaryCards","Replay:Accelerometer","Art of War","Boot","Strange Spoon","Juzu Bracelet"],"acts_visited":["Exordium"],"potions_floor_usage":[12,12],"damage_taken":[{"damage":10.0,"enemies":"Cultist","floor":1.0,"turns":5.0},{"damage":3.0,"enemies":"Small Slimes","floor":2.0,"turns":6.0},{"damage":1.0,"enemies":"2 Louse","floor":3.0,"turns":5.0},{"damage":6.0,"enemies":"2 Fungi Beasts","floor":4.0,"turns":7.0},{"damage":13.0,"enemies":"3 Louse","floor":5.0,"turns":5.0},{"damage":18.0,"enemies":"Gremlin Nob","floor":6.0,"turns":4.0},{"damage":25.0,"enemies":"3 Sentries","floor":8.0,"turns":11.0},{"damage":22,"enemies":"Lagavulin","floor":12,"turns":7},{"damage":46,"enemies":"Slime Boss","floor":16,"turns":8}],"seed_played":"-8802176403080656647","potions_obtained":[{"floor":2.0,"key":"Adrenaline Potion"},{"floor":5.0,"key":"Swift Potion"},{"floor":6.0,"key":"LiquidBronze"},{"floor":8.0,"key":"Dexterity Potion"}],"is_trial":false,"path_per_floor":["M","M","M","M","M","E","R","E","T","R","$","E","$","?","R","B"],"character_chosen":"IRONCLAD","items_purchased":["Strange Spoon"],"campfire_rested":0,"item_purchase_floors":[11],"current_hp_per_floor":[71,77,85,85,81,72,72,53,53,53,53,37,37,37,37,0,0],"gold":21,"neow_bonus":"ONE_RANDOM_RARE_CARD","is_daily":false,"chose_seed":false,"campfire_upgraded":3,"win_rate":0.0,"timestamp":1612589016,"path_taken":["M","M","M","?","M","E","R","E","T","R","$","E","?","?","R","BOSS"],"items_purchased_type":["Relic"],"build_version":"2020-12-22","purchased_purges":1,"victory":false,"max_hp_per_floor":[83,86,89,89,92,95,95,95,95,95,95,95,95,95,95,95,95],"card_choices":[{"not_picked":["Iron Wave","Cleave"],"picked":"True Grit","floor":1.0},{"not_picked":["Disarm","Flex"],"picked":"ReplayTheSpireMod:Stacked","floor":2.0},{"not_picked":["Pommel Strike","Twin Strike"],"picked":"Seeing Red","floor":3.0},{"not_picked":["ReplayTheSpireMod:Stacked","Feel No Pain"],"picked":"Armaments","floor":4.0},{"not_picked":["Twin Strike","Sentinel"],"picked":"Spot Weakness","floor":5.0},{"not_picked":["Warcry","Iron Wave"],"picked":"Pummel","floor":6.0},{"not_picked":["Cleave","Perfected Strike","Pommel Strike"],"picked":"SKIP","floor":8.0},{"not_picked":["Shockwave","ReplayTheSpireMod:Strike From Hell"],"picked":"ReplayTheSpireMod:Muscle Training","floor":12}],"player_experience":392168,"relics_obtained":[{"floor":6.0,"key":"Replay:Accelerometer"},{"floor":8.0,"key":"Art of War"},{"floor":9.0,"key":"Boot"},{"floor":12,"key":"Juzu Bracelet"}],"event_choices":[{"cards_removed":["Defend_R"],"damage_healed":0,"gold_gain":0,"player_choice":"Card Removal","damage_taken":0,"max_hp_gain":0,"max_hp_loss":0,"event_name":"The Cleric","floor":14,"gold_loss":50}],"is_beta":false,"boss_relics":[],"items_purged_floors":[11],"is_endless":false,"potions_floor_spawned":[2,5,6,8],"killed_by":"Slime Boss","ascension_level":7}}