{"host":"2ty4h143nj8vwezc","time":1612596931,"event":{"mods":["BaseMod","Colored Map","Googly Eyes","Highlight Path","Minty Spire (QoL Compilation)","Quick Restart","StSLib"],"gold_per_floor":[119,35,35,35,0,35,35,53,78,228,228,153,163,177,177,177,177],"floor_reached":16,"language":"ENG","playtime":286,"items_purged":["Doubt"],"score":246,"play_id":"20f063c6-18d8-4318-a85f-f8b44e4ce9ff","local_time":"20210206023531","is_ascension_mode":true,"campfire_choices":[{"data":"Accuracy","floor":7.0,"key":"SMITH"},{"floor":11.0,"key":"RECALL"},{"floor":15.0,"key":"REST"}],"circlet_count":0,"master_deck":["AscendersBane","Strike_G","Strike_G","Strike_G","Strike_G","Strike_G","Defend_G","Defend_G","Defend_G","Defend_G","Defend_G","Survivor","Neutralize","Well Laid Plans","Accuracy+1","All Out Attack","Glass Knife","Noxious Fumes"],"relics":["Ring of the Snake","NeowsBlessing","Happy Flower","Dream Catcher"],"acts_visited":["Exordium"],"potions_floor_usage":[16,16],"damage_taken":[{"damage":0.0,"enemies":"Cultist","floor":1.0,"turns":1.0},{"damage":0.0,"enemies":"Gremlin Nob","floor":6.0,"turns":1.0},{"damage":0.0,"enemies":"2 Louse","floor":8.0,"turns":1.0},{"damage":15.0,"enemies":"Small Slimes","floor":13.0,"turns":6.0},{"damage":11.0,"enemies":"2 Fungi Beasts","floor":14.0,"turns":3.0},{"damage":0,"enemies":"The Guardian","floor":16,"turns":3}],"seed_played":"2541589675451518475","potions_obtained":[{"floor":1.0,"key":"FearPotion"},{"floor":13.0,"key":"Poison Potion"}],"is_trial":false,"path_per_floor":["M","$","?","$","?","E","R","M","T","?","R","$","M","M","R","B"],"character_chosen":"THE_SILENT","items_purchased":["Well Laid Plans"],"campfire_rested":1,"item_purchase_floors":[2],"current_hp_per_floor":[59,59,59,59,59,59,59,59,59,59,59,59,44,33,52,52,52],"gold":177,"neow_bonus":"THREE_ENEMY_KILL","is_daily":false,"chose_seed":false,"campfire_upgraded":1,"win_rate":0.0,"timestamp":1612596931,"path_taken":["M","$","?","$","?","E","R","M","T","?","R","$","M","M","R","BOSS"],"items_purchased_type":["Card"],"build_version":"2020-12-22","purchased_purges":1,"victory":false,"max_hp_per_floor":[66,66,66,66,66,66,66,66,66,66,66,66,66,66,66,66,66],"card_choices":[{"not_picked":["Riddle With Holes","Dodge and Roll","Acrobatics"],"picked":"SKIP","floor":1.0},{"not_picked":["PiercingWail","Blade Dance"],"picked":"Accuracy","floor":6.0},{"not_picked":["Deflect","Underhanded Strike","Dagger Throw"],"picked":"SKIP","floor":8.0},{"not_picked":["Poisoned Stab","Slice"],"picked":"All Out Attack","floor":13.0},{"not_picked":["Skewer","Noxious Fumes"],"picked":"Glass Knife","floor":14.0},{"not_picked":["Deflect","Eviscerate"],"picked":"Noxious Fumes","floor":15.0}],"player_experience":346433,"relics_obtained":[{"floor":6.0,"key":"Happy Flower"},{"floor":9.0,"key":"Dream Catcher"}],"event_choices":[{"damage_healed":0.0,"max_hp_gain":0.0,"max_hp_loss":0.0,"gold_gain":0.0,"event_name":"The Cleric","player_choice":"Leave","floor":3.0,"gold_loss":0.0,"damage_taken":0.0},{"damage_healed":0.0,"max_hp_gain":0.0,"max_hp_loss":0.0,"gold_gain":0.0,"event_name":"World of Goop","player_choice":"Left Gold","floor":5.0,"gold_loss":35.0,"damage_taken":0.0},{"damage_healed":0.0,"max_hp_gain":0.0,"max_hp_loss":0.0,"gold_gain":150.0,"event_name":"Liars Game","player_choice":"AGREE","floor":10.0,"gold_loss":0.0,"damage_taken":0.0,"cards_obtained":["Doubt"]}],"is_beta":false,"boss_relics":[],"items_purged_floors":[12],"is_endless":false,"potions_floor_spawned":[1,13],"killed_by":"The Guardian","ascension_level":20}}