{"host":"o98f72bjn8jxgroo","time":1612630547,"event":{"mods":["Act Like it!","BaseMod","GifTheSpireLib","Jedi Mod","Minty Spire (QoL Compilation)","Relic Stats","Spicy Shops","StSLib","[IsaacMod]????"],"gold_per_floor":[115,128,128,33,58,58,79,79,79,92,92,167,167,183,183,311,311,334,347,472,490,508,508,522,557,557,682,707,732,732,755,755,885,885,899,668,688,688],"floor_reached":37,"language":"PTB","playtime":4413,"items_purged":[],"score":435,"play_id":"986b0b50-595d-4d46-ab09-49fdd2a98f79","local_time":"20210206145547","is_ascension_mode":false,"campfire_choices":[{"data":"Apotheosis","floor":6,"key":"SMITH"},{"data":"Fiend Fire","floor":8,"key":"SMITH"},{"data":"Searing Blow","floor":11,"key":"SMITH"},{"data":"Bloodletting","floor":13,"key":"SMITH"},{"data":"Searing Blow+1","floor":15,"key":"SMITH"},{"data":"Dark Embrace","floor":23,"key":"SMITH"},{"data":"DoctorFetus","floor":32,"key":"SMITH"}],"circlet_count":0,"master_deck":["Bash","DoctorFetus+1","Apotheosis+1","Fiend Fire+1","Searing Blow+2","Clumsy","Metallicize","Pummel","Carnage","Bloodletting+1","Clash","Demon Form","Inflame","Infernal Blade","Rupture","Dark Embrace+1","Combust","True Grit","Entrench+1","Berserk","Fire Breathing","jedi:unlimitedpower","Power Through","Intimidate","Brutality+1","jedi:harder","jedi:MakeshiftSword","jedi:harder","jedi:bloodyhammer","Dramatic Entrance","Offering"],"relics":["Burning Blood","HushsDoor","YumHeart","Golden Idol","Anchor","BookOfRevelations","Runic Pyramid","MoneyPower","Centennial Puzzle","FossilizedHelix","PillsDrop","Pandora\u0027s Box","Membership Card","jedi:arcanewood"],"acts_visited":["Exordium","TheCity","TheBeyond"],"potions_floor_usage":[16,18,22,25,25,27],"damage_taken":[{"damage":11,"enemies":"2 Louse","floor":1,"turns":3},{"damage":11,"enemies":"Jaw Worm","floor":2,"turns":2},{"damage":2,"enemies":"Cultist","floor":5,"turns":3},{"damage":2,"enemies":"2 Fungi Beasts","floor":7,"turns":3},{"damage":0,"enemies":"Exordium Thugs","floor":10,"turns":4},{"damage":0,"enemies":"Looter","floor":14,"turns":2},{"damage":19,"enemies":"The Guardian","floor":16,"turns":6},{"damage":8,"enemies":"Shell Parasite","floor":18,"turns":4},{"damage":18,"enemies":"3 Byrds","floor":19,"turns":4},{"damage":21,"enemies":"Snake Plant","floor":21,"turns":3},{"damage":22,"enemies":"Centurion and Healer","floor":22,"turns":5},{"damage":0,"enemies":"3 Cultists","floor":24,"turns":4},{"damage":21,"enemies":"Book of Stabbing","floor":25,"turns":4},{"damage":22,"enemies":"Colosseum Slavers","floor":27,"turns":4},{"damage":3,"enemies":"Colosseum Nobs","floor":27,"turns":3},{"damage":20,"enemies":"Shelled Parasite and Fungi","floor":29,"turns":4},{"damage":25,"enemies":"Centurion and Healer","floor":31,"turns":4},{"damage":0,"enemies":"Automaton","floor":33,"turns":7},{"damage":14,"enemies":"3 Shapes","floor":35,"turns":2},{"damage":28,"enemies":"3 Darklings","floor":37,"turns":6}],"seed_played":"3893627895198226729","potions_obtained":[{"floor":7,"key":"PowerPotion"},{"floor":10,"key":"ColorlessPotion"},{"floor":14,"key":"FearPotion"},{"floor":16,"key":"Fruit Juice"},{"floor":18,"key":"Fruit Juice"},{"floor":22,"key":"Energy Potion"},{"floor":24,"key":"DistilledChaos"},{"floor":31,"key":"Block Potion"},{"floor":35,"key":"Block Potion"}],"is_trial":false,"path_per_floor":["M","M","?","$","M","R","M","R","T","M","R","?","R","M","R","B",null,"M","M","?","M","M","R","M","E","T","?","T","M","?","M","R","B",null,"M","$","M"],"character_chosen":"IRONCLAD","items_purchased":["Anchor","Metallicize","Dramatic Entrance","Offering","Membership Card","jedi:arcanewood"],"campfire_rested":0,"item_purchase_floors":[4,4,34,34,36,36],"current_hp_per_floor":[76,71,51,51,55,55,59,80,80,80,80,69,69,75,75,67,85,88,90,90,75,59,59,65,75,75,62,62,73,73,54,54,60,84,76,76,79,79],"gold":688,"neow_bonus":"RANDOM_COLORLESS_2","is_daily":false,"chose_seed":false,"campfire_upgraded":7,"win_rate":0.0,"timestamp":1612630547,"path_taken":["M","M","?","$","?","R","M","R","T","M","R","?","R","M","R","BOSS","M","M","?","M","M","R","M","E","T","?","?","?","?","M","R","BOSS","M","?","?"],"items_purchased_type":["Relic","Card","Card","Card","Relic","Relic"],"build_version":"2020-12-22","purchased_purges":0,"victory":false,"max_hp_per_floor":[80,80,80,80,80,80,80,80,80,80,80,80,80,80,80,85,85,90,90,90,90,90,90,90,90,90,90,90,90,90,90,90,90,84,79,79,79,79],"relic_stats":{"Centennial Puzzle":[21],"counters":[20,77],"Golden Idol":160,"Pandora\u0027s Box":["Fire Breathing","jedi:unlimitedpower","Power Through","Intimidate","Brutality","jedi:harder","jedi:MakeshiftSword","jedi:harder","jedi:bloodyhammer"],"obtain_stats":[{"KeepersGift":0,"Golden Idol":3,"BookOfRevelations":9,"MoneyPower":25,"Burning Blood":0,"YumHeart":1,"Anchor":4,"Centennial Puzzle":26,"PillsDrop":27,"Pandora\u0027s Box":34,"Membership Card":36,"HushsDoor":0,"jedi:arcanewood":36,"FossilizedHelix":27,"Runic Pyramid":17},{"KeepersGift":0,"Golden Idol":2,"BookOfRevelations":4,"MoneyPower":13,"Burning Blood":0,"YumHeart":1,"Anchor":2,"Centennial Puzzle":13,"PillsDrop":15,"Pandora\u0027s Box":18,"Membership Card":19,"HushsDoor":0,"jedi:arcanewood":19,"FossilizedHelix":15,"Runic Pyramid":7},{"KeepersGift":0,"Golden Idol":5,"BookOfRevelations":11,"MoneyPower":47,"Burning Blood":0,"YumHeart":1,"Anchor":5,"Centennial Puzzle":47,"PillsDrop":54,"Pandora\u0027s Box":69,"Membership Card":71,"HushsDoor":0,"jedi:arcanewood":71,"FossilizedHelix":54,"Runic Pyramid":23}],"Burning Blood":108},"card_choices":[{"not_picked":[],"picked":"DoctorFetus","floor":0},{"not_picked":["Battery","Panache"],"picked":"Apotheosis","floor":0},{"not_picked":["Whirlwind","Combust"],"picked":"Fiend Fire","floor":1},{"not_picked":["Whirlwind","Warcry"],"picked":"Searing Blow","floor":2},{"not_picked":["Armaments","Pommel Strike"],"picked":"Pummel","floor":5},{"not_picked":["Bomb","Havoc"],"picked":"Carnage","floor":7},{"not_picked":["Havoc","Shrug It Off"],"picked":"Bloodletting","floor":10},{"not_picked":["jedi:controlledanger","Armaments"],"picked":"Clash","floor":14},{"not_picked":["Limit Break","Fiend Fire"],"picked":"Demon Form","floor":16},{"not_picked":["Whirlwind","Carnage","Armaments"],"picked":"SKIP","floor":18},{"not_picked":["Iron Wave","jedi:collectorstrike+1"],"picked":"Inflame","floor":19},{"not_picked":["Whirlwind","Cleave"],"picked":"Infernal Blade","floor":20},{"not_picked":["Sword Boomerang","Power Through"],"picked":"Rupture","floor":21},{"not_picked":["Clash","jedi:fear"],"picked":"Dark Embrace","floor":22},{"not_picked":["Thunderclap+1","Body Slam"],"picked":"Combust","floor":24},{"not_picked":["Exhume","Shrug It Off"],"picked":"True Grit","floor":25},{"not_picked":["Twin Strike","Body Slam"],"picked":"Entrench+1","floor":29},{"not_picked":["Rage","Metallicize","True Grit"],"picked":"SKIP","floor":31},{"not_picked":["Impervious","jedi:unlimitedpower"],"picked":"Berserk","floor":33},{"not_picked":["Body Slam","Havoc+1","Evolve+1"],"picked":"SKIP","floor":35},{"not_picked":["Clothesline","Fire Breathing+1","Anger+1"],"picked":"SKIP","floor":37}],"player_experience":274340,"relics_obtained":[{"floor":9,"key":"BookOfRevelations"},{"floor":25,"key":"MoneyPower"},{"floor":26,"key":"Centennial Puzzle"},{"floor":27,"key":"FossilizedHelix"},{"floor":27,"key":"PillsDrop"}],"event_choices":[{"damage_healed":0,"gold_gain":0,"player_choice":"Take Damage","damage_taken":20,"relics_obtained":["Golden Idol"],"max_hp_gain":0,"max_hp_loss":0,"event_name":"Golden Idol","floor":3,"gold_loss":0},{"damage_healed":0,"gold_gain":75,"player_choice":"Gather Gold","damage_taken":11,"max_hp_gain":0,"max_hp_loss":0,"event_name":"World of Goop","floor":12,"gold_loss":0},{"damage_healed":0,"gold_gain":0,"player_choice":"Fight","damage_taken":0,"max_hp_gain":0,"max_hp_loss":0,"event_name":"Colosseum","floor":27,"gold_loss":0},{"damage_healed":0,"gold_gain":0,"player_choice":"Fought Nobs","damage_taken":0,"max_hp_gain":0,"max_hp_loss":0,"event_name":"Colosseum","floor":27,"gold_loss":0},{"damage_healed":0,"gold_gain":0,"player_choice":"Simplicity","damage_taken":0,"max_hp_gain":0,"max_hp_loss":0,"event_name":"Back to Basics","floor":30,"gold_loss":0,"cards_upgraded":["Strike_R","Strike_R","Strike_R","Strike_R","Strike_R","Defend_R","Defend_R","Defend_R","Defend_R"]}],"is_beta":false,"boss_relics":[{"not_picked":["jedi:paperlyon","Fusion Hammer"],"picked":"Runic Pyramid"},{"not_picked":[]},{"not_picked":["Busted Crown","SacredBark"],"picked":"Pandora\u0027s Box"},{"not_picked":[]}],"items_purged_floors":[],"is_endless":false,"potions_floor_spawned":[7,10,14,16,18,22,24,27,31,35],"killed_by":"3 Darklings","ascension_level":0}}