{"host":"mnpd8gh7cwxsn5kh","time":1612613048,"event":{"mods":["BaseMod","Bestiary","Block Reminder","Colored Map","Colored Powertips","Highlight Path","Minty Spire (QoL Compilation)","Relic Sorter","Relic Stats"],"gold_per_floor":[213,213,223,69,80,80,109,138,162,190,190,218,218,229,229,326,326,326,326,326,326,326,326,326,326,326,326,67,67,67,67,67,67,67,67,67,67,67,67,67,67,67,67,67,67,67,67,67,67,67],"floor_reached":51,"language":"ENG","playtime":4898,"items_purged":["Strike_R","Wild Strike"],"score":1280,"play_id":"00a60118-3a72-482c-9365-556ee8f61f4c","local_time":"20210206130408","is_ascension_mode":true,"campfire_choices":[{"data":"Armaments","floor":6,"key":"SMITH"},{"floor":11,"key":"REST"},{"data":"Disarm","floor":13,"key":"SMITH"},{"data":"Uppercut","floor":15,"key":"SMITH"},{"data":"Spot Weakness","floor":32,"key":"SMITH"},{"data":"Demon Form","floor":41,"key":"SMITH"},{"floor":49,"key":"REST"}],"circlet_count":0,"master_deck":["AscendersBane","Defend_R+1","Defend_R+1","Bash","Armaments+1","Shrug It Off","Uppercut+1","Headbutt","Battle Trance","Disarm+1","Uppercut","Immolate","Bite","Bite","Bite","Bite","Bite","Twin Strike+1","RitualDagger","Shrug It Off","True Grit+1","Burning Pact","Body Slam+1","Feed","Spot Weakness+1","Disarm","Clothesline+1","Double Tap","Demon Form+1","Heavy Blade+1","Warcry+1","Sword Boomerang+1","Metallicize","Pommel Strike+1","Whirlwind+1","Transmutation","Seeing Red+1"],"relics":["Burning Blood","Orichalcum","Odd Mushroom","War Paint","Potion Belt","The Courier","Ectoplasm","Mercury Hourglass","Omamori","Thread and Needle","Unceasing Top","Sozu","Pocketwatch","Juzu Bracelet","Strawberry","Pantograph"],"acts_visited":["Exordium","TheCity","TheBeyond"],"potions_floor_usage":[7,7,23,25,31,33,33,42,48,50],"damage_taken":[{"damage":19,"enemies":"Jaw Worm","floor":1,"turns":7},{"damage":0,"enemies":"Small Slimes","floor":3,"turns":3},{"damage":0,"enemies":"2 Louse","floor":5,"turns":4},{"damage":20,"enemies":"Gremlin Nob","floor":7,"turns":5},{"damage":29,"enemies":"The Mushroom Lair","floor":8,"turns":6},{"damage":24,"enemies":"3 Sentries","floor":10,"turns":11},{"damage":14,"enemies":"Gremlin Nob","floor":12,"turns":5},{"damage":4,"enemies":"Exordium Wildlife","floor":14,"turns":6},{"damage":1,"enemies":"Hexaghost","floor":16,"turns":11},{"damage":0,"enemies":"Chosen","floor":18,"turns":4},{"damage":0,"enemies":"3 Byrds","floor":20,"turns":4},{"damage":10,"enemies":"Gremlin Leader","floor":23,"turns":8},{"damage":5,"enemies":"Centurion and Healer","floor":24,"turns":8},{"damage":11,"enemies":"Book of Stabbing","floor":25,"turns":5},{"damage":9,"enemies":"Shelled Parasite and Fungi","floor":27,"turns":4},{"damage":6,"enemies":"3 Cultists","floor":30,"turns":4},{"damage":8,"enemies":"Gremlin Leader","floor":31,"turns":6},{"damage":40,"enemies":"Automaton","floor":33,"turns":9},{"damage":13,"enemies":"Orb Walker","floor":35,"turns":6},{"damage":19,"enemies":"3 Darklings","floor":36,"turns":7},{"damage":2,"enemies":"Writhing Mass","floor":38,"turns":7},{"damage":2,"enemies":"Maw","floor":39,"turns":8},{"damage":44,"enemies":"Giant Head","floor":40,"turns":8},{"damage":35,"enemies":"Reptomancer","floor":42,"turns":6},{"damage":0,"enemies":"Transient","floor":44,"turns":5},{"damage":8,"enemies":"Nemesis","floor":45,"turns":5},{"damage":17,"enemies":"Spire Growth","floor":46,"turns":5},{"damage":40,"enemies":"Giant Head","floor":48,"turns":7},{"damage":62,"enemies":"Awakened One","floor":50,"turns":7}],"seed_played":"8309158077155717749","potions_obtained":[{"floor":1,"key":"AttackPotion"},{"floor":3,"key":"BlessingOfTheForge"},{"floor":7,"key":"Dexterity Potion"},{"floor":10,"key":"LiquidMemories"},{"floor":14,"key":"ColorlessPotion"},{"floor":20,"key":"ColorlessPotion"},{"floor":23,"key":"LiquidBronze"},{"floor":24,"key":"PowerPotion"},{"floor":31,"key":"Strength Potion"},{"floor":33,"key":"SneckoOil"}],"is_trial":false,"path_per_floor":["M","?","M","$","M","R","E","?","T","E","R","E","R","M","R","B",null,"M","?","M","?","?","E","M","E","T","M","$","?","M","E","R","B",null,"M","M","?","M","M","E","R","E","T","M","E","M","?","E","R","B",null],"character_chosen":"IRONCLAD","items_purchased":["Uppercut","Feed","Spot Weakness","Disarm"],"campfire_rested":2,"item_purchase_floors":[4,28,28,28],"current_hp_per_floor":[59,64,70,70,76,76,62,39,39,21,46,38,38,40,40,45,75,81,59,59,53,53,59,59,59,59,59,59,59,59,62,62,39,56,57,57,65,65,68,34,34,16,16,30,45,42,42,18,40,26],"gold":67,"neow_bonus":"HUNDRED_GOLD","is_daily":false,"chose_seed":false,"campfire_upgraded":5,"win_rate":0.0,"timestamp":1612613048,"path_taken":["M","?","M","$","M","R","E","?","T","E","R","E","R","M","R","BOSS","M","?","M","?","?","E","M","E","T","M","$","?","?","E","R","BOSS","M","M","?","M","M","E","R","E","T","M","E","M","?","E","R","BOSS"],"items_purchased_type":["Card","Card","Card","Card"],"build_version":"2020-12-22","purchased_purges":2,"victory":true,"max_hp_per_floor":[80,85,85,85,85,85,85,85,85,85,85,85,85,85,85,85,85,85,59,59,59,59,59,59,59,59,59,59,59,59,62,62,62,62,62,65,65,65,68,68,68,68,68,68,75,75,75,75,75,75],"relic_stats":{"Sozu":5,"counters":[29,181],"Pantograph":25,"Ectoplasm":549,"Juzu Bracelet":0,"Orichalcum":[546],"War Paint":["Defend_R","Defend_R"],"obtain_stats":[{"Potion Belt":10,"Thread and Needle":26,"The Courier":12,"Omamori":25,"Juzu Bracelet":42,"Orichalcum":7,"Odd Mushroom":8,"War Paint":9,"Burning Blood":0,"Mercury Hourglass":23,"Sozu":34,"Strawberry":45,"Pantograph":48,"Ectoplasm":17,"Unceasing Top":31,"Pocketwatch":40},{"Potion Belt":6,"Thread and Needle":14,"The Courier":7,"Omamori":14,"Juzu Bracelet":24,"Orichalcum":4,"Odd Mushroom":5,"War Paint":5,"Burning Blood":0,"Mercury Hourglass":12,"Sozu":18,"Strawberry":26,"Pantograph":28,"Ectoplasm":9,"Unceasing Top":17,"Pocketwatch":23},{"Potion Belt":36,"Thread and Needle":87,"The Courier":41,"Omamori":87,"Juzu Bracelet":152,"Orichalcum":19,"Odd Mushroom":25,"War Paint":25,"Burning Blood":0,"Mercury Hourglass":74,"Sozu":110,"Strawberry":162,"Pantograph":174,"Ectoplasm":58,"Unceasing Top":101,"Pocketwatch":146}],"Burning Blood":143,"Unceasing Top":[5],"Mercury Hourglass":[401],"Pocketwatch":[18]},"card_choices":[{"not_picked":["Thunderclap","Intimidate"],"picked":"Armaments","floor":1},{"not_picked":["Rage","Headbutt"],"picked":"Shrug It Off","floor":3},{"not_picked":["Havoc","Feel No Pain"],"picked":"Headbutt","floor":5},{"not_picked":["Whirlwind","Power Through"],"picked":"Battle Trance","floor":7},{"not_picked":["Wild Strike","Rage","Power Through"],"picked":"SKIP","floor":10},{"not_picked":["Havoc","Impervious"],"picked":"Disarm","floor":12},{"not_picked":["Flex","Armaments"],"picked":"Uppercut","floor":14},{"not_picked":["Double Tap","Bludgeon"],"picked":"Immolate","floor":16},{"not_picked":["Cleave","Heavy Blade","Sword Boomerang"],"picked":"SKIP","floor":18},{"not_picked":["Sever Soul","Headbutt"],"picked":"Twin Strike+1","floor":20},{"not_picked":["Wild Strike","Infernal Blade+1"],"picked":"Shrug It Off","floor":23},{"not_picked":["Uppercut","Body Slam"],"picked":"True Grit+1","floor":24},{"not_picked":["Clothesline","Dark Embrace"],"picked":"Burning Pact","floor":25},{"not_picked":["Havoc","Iron Wave+1"],"picked":"Body Slam+1","floor":27},{"not_picked":["Armaments+1","Body Slam"],"picked":"Clothesline+1","floor":30},{"not_picked":["Burning Pact","Power Through"],"picked":"Double Tap","floor":31},{"not_picked":["Double Tap","Brutality"],"picked":"Demon Form","floor":33},{"not_picked":["Rupture","Feel No Pain+1"],"picked":"Heavy Blade+1","floor":35},{"not_picked":["Spot Weakness","Anger+1"],"picked":"Warcry+1","floor":36},{"not_picked":["Havoc+1","Cleave","Pommel Strike"],"picked":"SKIP","floor":38},{"not_picked":["Pommel Strike","Clothesline","Warcry"],"picked":"SKIP","floor":39},{"not_picked":["Armaments","Double Tap"],"picked":"Sword Boomerang+1","floor":40},{"not_picked":["Perfected Strike+1","Clothesline"],"picked":"Metallicize","floor":42},{"not_picked":["Sentinel","Anger"],"picked":"Pommel Strike+1","floor":44},{"not_picked":["Wild Strike","Rage"],"picked":"Whirlwind+1","floor":45},{"not_picked":["Anger","Perfected Strike+1","Seeing Red"],"picked":"SKIP","floor":46},{"not_picked":["Forethought","Discovery"],"picked":"Transmutation","floor":47},{"not_picked":["Warcry","Sentinel"],"picked":"Seeing Red+1","floor":48}],"player_experience":334907,"relics_obtained":[{"floor":7,"key":"Orichalcum"},{"floor":8,"key":"Odd Mushroom"},{"floor":9,"key":"War Paint"},{"floor":10,"key":"Potion Belt"},{"floor":12,"key":"The Courier"},{"floor":23,"key":"Mercury Hourglass"},{"floor":25,"key":"Omamori"},{"floor":26,"key":"Thread and Needle"},{"floor":31,"key":"Unceasing Top"},{"floor":40,"key":"Pocketwatch"},{"floor":42,"key":"Juzu Bracelet"},{"floor":45,"key":"Strawberry"},{"floor":48,"key":"Pantograph"}],"event_choices":[{"damage_healed":0,"gold_gain":0,"player_choice":"Donut","damage_taken":0,"max_hp_gain":5,"max_hp_loss":0,"event_name":"Big Fish","floor":2,"gold_loss":0},{"damage_healed":0,"gold_gain":0,"player_choice":"Fought Mushrooms","damage_taken":0,"max_hp_gain":0,"max_hp_loss":0,"event_name":"Mushrooms","floor":8,"gold_loss":0},{"damage_healed":0,"gold_gain":0,"player_choice":"Became a vampire","damage_taken":0,"max_hp_gain":0,"max_hp_loss":26,"event_name":"Vampires","floor":19,"gold_loss":0,"cards_obtained":["Bite","Bite","Bite","Bite","Bite"]},{"damage_healed":0,"gold_gain":0,"player_choice":"Joined the Cult","damage_taken":6,"max_hp_gain":0,"max_hp_loss":0,"event_name":"Nest","floor":21,"gold_loss":0,"cards_obtained":["RitualDagger"]},{"damage_healed":0,"gold_gain":0,"cards_transformed":["Defend_R","Defend_R"],"player_choice":"Became Test Subject","damage_taken":0,"max_hp_gain":0,"max_hp_loss":0,"event_name":"Drug Dealer","floor":22,"gold_loss":0,"cards_obtained":["Dual Wield","Wild Strike"]},{"cards_removed":["Dual Wield"],"damage_healed":0,"gold_gain":0,"player_choice":"Purged","damage_taken":0,"max_hp_gain":0,"max_hp_loss":0,"event_name":"Purifier","floor":29,"gold_loss":0},{"damage_healed":16,"gold_gain":0,"player_choice":"Writhe","damage_taken":0,"max_hp_gain":0,"max_hp_loss":0,"event_name":"Winding Halls","floor":37,"gold_loss":0,"cards_obtained":["Writhe"]},{"damage_healed":0,"gold_gain":0,"player_choice":"Memory 1","damage_taken":0,"max_hp_gain":0,"max_hp_loss":0,"event_name":"SensoryStone","floor":47,"gold_loss":0}],"is_beta":false,"boss_relics":[{"not_picked":["Pandora\u0027s Box","Runic Dome"],"picked":"Ectoplasm"},{"not_picked":["SacredBark","Astrolabe"],"picked":"Sozu"}],"items_purged_floors":[4,28],"is_endless":false,"potions_floor_spawned":[1,3,7,10,14,20,23,24,31,33,36,39,44,46,48],"ascension_level":10}}