{"host":"p7cjtxxrilhp4dw7","time":1612606492,"event":{"mods":["BaseMod","Block Reminder","Colored Map","Curses Come First","Highlight Path","Minty Spire (QoL Compilation)","Replay The Spire","StSLib","The Hierophant"],"gold_per_floor":[116,129,141,141,157,192,192,222,275,275,294,294,307,80,80,175,175,192,209,209,134,191,191,205,232,232,232,248,263,277,38,38,139,139,152,152,198,198,218,218,249,266,266,276,311,323,181,181,181,181],"floor_reached":51,"language":"ENG","playtime":4987,"items_purged":[],"score":896,"play_id":"79c399d4-aee6-4449-ba2f-ef98d6c28996","local_time":"20210206031452","is_ascension_mode":true,"campfire_choices":[{"floor":7,"key":"REST"},{"floor":10,"key":"REST"},{"data":"Hologram","floor":12,"key":"SMITH"},{"floor":23,"key":"REST"},{"data":"Zap","floor":27,"key":"SMITH"},{"floor":32,"key":"REST"},{"floor":40,"key":"REST"},{"data":"Streamline","floor":49,"key":"SMITH"}],"circlet_count":0,"master_deck":["AscendersBane","Strike_B","Strike_B","Defend_B","Defend_B","Defend_B","Zap+1","Dualcast","Cold Snap","ReplaySolidLightProjector+1","Conserve Battery","Hologram+1","White Noise+1","Gash+1","Gash","Auto Shields","ReplayGash","Beam Cell","Scrape","Gash","Sweeping Beam+1","Go for the Eyes+1","FTL+1","Stack+1","Go for the Eyes+1","Rebound+1","Leap+1","Streamline+1","Seek","AbeCurse","Gash","Violence","Rip and Tear","Reprogram","Parasite","Sweeping Beam+1"],"relics":["Cracked Core","Mirror","Prayer Wheel","Shuriken","Happy Flower","Guide Book","Sozu","ReplayTheSpireMod:Lightbulb","Oddly Smooth Stone","Cables","Snack Pack","Abe\u0027s Treasure","Pocketwatch","Replay:Wax Seal","Golden Egg","Replay:Antivirus Software","Pet Ghost"],"acts_visited":["Exordium","TheCity","TheBeyond"],"potions_floor_usage":[6,8,16,18],"damage_taken":[{"damage":0,"enemies":"Small Slimes","floor":1,"turns":3},{"damage":0,"enemies":"Cultist","floor":2,"turns":3},{"damage":0,"enemies":"2 Louse","floor":3,"turns":2},{"damage":6,"enemies":"Looter","floor":5,"turns":3},{"damage":17,"enemies":"3 Sentries","floor":6,"turns":9},{"damage":19,"enemies":"Gremlin Nob","floor":8,"turns":5},{"damage":4,"enemies":"Large Slime","floor":11,"turns":6},{"damage":13,"enemies":"Exordium Wildlife","floor":13,"turns":6},{"damage":38,"enemies":"Hexaghost","floor":16,"turns":8},{"damage":12,"enemies":"2 Thieves","floor":18,"turns":3},{"damage":5,"enemies":"Chosen","floor":19,"turns":4},{"damage":3,"enemies":"Snecko","floor":24,"turns":4},{"damage":1,"enemies":"Gremlin Leader","floor":25,"turns":5},{"damage":5,"enemies":"Shelled Parasite and Fungi","floor":28,"turns":4},{"damage":1,"enemies":"Sentry and Sphere","floor":29,"turns":3},{"damage":2,"enemies":"Snake Plant","floor":30,"turns":4},{"damage":2,"enemies":"Champ","floor":33,"turns":8},{"damage":4,"enemies":"3 Shapes","floor":35,"turns":4},{"damage":34,"enemies":"2 Orb Walkers","floor":37,"turns":5},{"damage":9,"enemies":"3 Darklings","floor":39,"turns":4},{"damage":11,"enemies":"Giant Head","floor":41,"turns":6},{"damage":1,"enemies":"Writhing Mass","floor":42,"turns":6},{"damage":6,"enemies":"4 Shapes","floor":44,"turns":4},{"damage":0,"enemies":"Nemesis","floor":45,"turns":7},{"damage":0,"enemies":"Spire Growth","floor":46,"turns":4},{"damage":44,"enemies":"Replay:Hell Engine","floor":50,"turns":13}],"seed_played":"798450121522331476","potions_obtained":[{"floor":3,"key":"SkillPotion"},{"floor":6,"key":"SkillPotion"},{"floor":8,"key":"BlessingOfTheForge"},{"floor":16,"key":"Explosive Potion"}],"is_trial":false,"path_per_floor":["M","M","M","?","M","E","R","E","T","R","M","R","M","$","R_BF","B",null,"M","M","?","?","?","R","M","E","T","R","M","M","M","$","R","B",null,"M","?","?","?","M","R","E","M","T","M","E","M","?","$","R","B",null],"character_chosen":"DEFECT","items_purchased":["Scrape","Guide Book","Snack Pack"],"campfire_rested":5,"item_purchase_floors":[14,14,31],"current_hp_per_floor":[68,68,68,68,62,45,67,48,48,70,66,66,53,53,75,37,66,54,49,74,74,44,66,63,62,62,62,57,56,54,54,75,75,75,71,71,45,45,46,68,69,75,75,71,75,75,75,75,75,51],"gold":181,"neow_bonus":"REMOVE_CARD","is_daily":false,"chose_seed":false,"campfire_upgraded":3,"win_rate":0.0,"timestamp":1612606492,"path_taken":["M","M","M","?","M","E","R","E","T","R","M","R","M","?","R_BF","BOSS","M","M","?","?","?","R","?","E","T","R","M","M","M","$","R","BOSS","M","?","?","?","M","R","E","M","T","M","E","?","?","?","R","BOSS"],"items_purchased_type":["Card","Relic","Relic"],"build_version":"2020-12-22","purchased_purges":0,"victory":true,"max_hp_per_floor":[75,75,75,75,75,75,75,75,75,75,75,75,75,75,75,75,75,75,75,75,75,75,75,75,75,75,75,75,75,75,75,75,75,75,75,75,75,75,75,75,75,75,75,75,75,75,75,75,75,75],"card_choices":[{"not_picked":["Barrage","Leap"],"picked":"Cold Snap","floor":1},{"not_picked":["Heatsinks","Gash"],"picked":"ReplaySolidLightProjector","floor":2},{"not_picked":["Chaos","Leap"],"picked":"Conserve Battery","floor":3},{"not_picked":["Gash","Consume"],"picked":"Hologram","floor":5},{"not_picked":["Stack","Recycle"],"picked":"White Noise","floor":6},{"not_picked":["BasicCrystalCard","Steam"],"picked":"Gash","floor":8},{"not_picked":["Core Surge","Ball Lightning"],"picked":"Gash","floor":11},{"not_picked":["Sunder","Panic Button"],"picked":"Auto Shields","floor":11},{"not_picked":["Tempest","Sunder"],"picked":"ReplayGash","floor":13},{"not_picked":["Chill","Gash"],"picked":"Beam Cell","floor":13},{"not_picked":["Hello World","Rip and Tear"],"picked":"Gash","floor":18},{"not_picked":["Redo","Compile Driver","ReplayTheSpireMod:System Scan+1"],"picked":"SKIP","floor":18},{"not_picked":["Heatsinks","Storm"],"picked":"Sweeping Beam+1","floor":19},{"not_picked":["Coolheaded","Force Field"],"picked":"Go for the Eyes+1","floor":19},{"not_picked":["Self Repair+1","Gash"],"picked":"FTL+1","floor":22},{"not_picked":["Consume","Scrape"],"picked":"Stack+1","floor":24},{"not_picked":["Leap","Turbo","Rainbow"],"picked":"SKIP","floor":24},{"not_picked":["Compile Driver","ReplayTheSpireMod:GoodbyeWorld","ReplayTheSpireMod:Calculation Training"],"picked":"SKIP","floor":25},{"not_picked":["BasicCrystalCard+1","Hologram"],"picked":"Go for the Eyes+1","floor":28},{"not_picked":["Storm","Cold Snap"],"picked":"Rebound+1","floor":28},{"not_picked":["ReplaySort","Beam Cell"],"picked":"Leap+1","floor":29},{"not_picked":["ReplayTheSpireMod:Fabricate Wheel","Leap","Beam Cell"],"picked":"SKIP","floor":29},{"not_picked":["Double Energy","ReplaySolidLightProjector"],"picked":"Streamline","floor":30},{"not_picked":["Barrage","Cold Snap","Go for the Eyes+1"],"picked":"SKIP","floor":30},{"not_picked":["Electrodynamics","Biased Cognition"],"picked":"Seek","floor":33},{"not_picked":["Turbo","Redo"],"picked":"Gash","floor":35},{"not_picked":["Barrage+1","Steam Power+1","Compile Driver"],"picked":"SKIP","floor":35},{"not_picked":["Specialist","HandOfGreed"],"picked":"Violence","floor":36},{"not_picked":["Doom and Gloom","Redo+1"],"picked":"Rip and Tear","floor":39},{"not_picked":["Cold Snap+1","Leap","Turbo+1"],"picked":"SKIP","floor":39},{"not_picked":["Electrodynamics","Go for the Eyes+1"],"picked":"Reprogram","floor":41},{"not_picked":["Loop+1","BasicCrystalCard+1","Sunder"],"picked":"SKIP","floor":42},{"not_picked":["Genetic Algorithm","Force Field","Streamline+1"],"picked":"SKIP","floor":42},{"not_picked":["BootSequence+1","Ball Lightning"],"picked":"Sweeping Beam+1","floor":44},{"not_picked":["Turbo+1","Double Energy+1","Barrage"],"picked":"SKIP","floor":44},{"not_picked":["Rebound+1","Barrage+1","Turbo"],"picked":"SKIP","floor":45},{"not_picked":["Streamline","Panic Button","Storm"],"picked":"SKIP","floor":46},{"not_picked":["Go for the Eyes","Ball Lightning","Gash"],"picked":"SKIP","floor":46}],"player_experience":654616,"relics_obtained":[{"floor":6,"key":"Mirror"},{"floor":8,"key":"Shuriken"},{"floor":9,"key":"Happy Flower"},{"floor":22,"key":"ReplayTheSpireMod:Lightbulb"},{"floor":25,"key":"Oddly Smooth Stone"},{"floor":26,"key":"Cables"},{"floor":37,"key":"Pocketwatch"},{"floor":41,"key":"Replay:Wax Seal"},{"floor":43,"key":"Golden Egg"},{"floor":45,"key":"Replay:Antivirus Software"}],"event_choices":[{"cards_removed":["Defend_B"],"damage_healed":0,"gold_gain":0,"player_choice":"Card Removal","damage_taken":0,"max_hp_gain":0,"max_hp_loss":0,"event_name":"Wheel of Change","floor":4,"gold_loss":0},{"damage_healed":25,"gold_gain":0,"player_choice":"Heal","damage_taken":0,"max_hp_gain":0,"max_hp_loss":0,"event_name":"The Library","floor":20,"gold_loss":0},{"cards_removed":["Strike_B"],"damage_healed":0,"gold_gain":0,"player_choice":"Gave Gold","damage_taken":0,"max_hp_gain":0,"max_hp_loss":0,"event_name":"Beggar","floor":21,"gold_loss":75},{"damage_healed":0,"gold_gain":0,"player_choice":"Memory 1","damage_taken":0,"max_hp_gain":0,"max_hp_loss":0,"event_name":"SensoryStone","floor":36,"gold_loss":0},{"damage_healed":0,"gold_gain":0,"player_choice":"Fight","damage_taken":0,"max_hp_gain":0,"max_hp_loss":0,"event_name":"Mysterious Sphere","floor":37,"gold_loss":0},{"damage_healed":0,"gold_gain":0,"player_choice":"Ignored","damage_taken":0,"max_hp_gain":0,"max_hp_loss":0,"event_name":"SecretPortal","floor":38,"gold_loss":0},{"damage_healed":0,"gold_gain":0,"player_choice":"Paid Gold","damage_taken":0,"relics_obtained":["Pet Ghost"],"max_hp_gain":0,"max_hp_loss":0,"event_name":"WeMeetAgain","floor":47,"gold_loss":142}],"is_beta":false,"boss_relics":[{"not_picked":["Inserter","Replay:Wanted Poster"],"picked":"Sozu"},{"not_picked":["Painkiller Herb","FrozenCore"],"picked":"Abe\u0027s Treasure"}],"items_purged_floors":[],"is_endless":false,"potions_floor_spawned":[3,6,8,16,19,24,25,33,41,42,46],"ascension_level":10}}