{"host":"0r2yuz9akuqaukjg","time":1612655316,"event":{"mods":["2.2 Compatiblity","AchievementEnabler","BaseMod","Downfall","Hermit","Infinite Spire","Jorbs\u0027s Wanderer Trilogy","Lobotomy","LobotomyExtend","Minty Spire (QoL Compilation)","Reliquary","Replay The Spire","Spicy Shops","StSLib","The Bug Knight","The Construct","The Cursed","The Disciple","The Hierophant","The Jungle","The Marked","The Mystic","The Runesmith","The Servant 0.9.4"],"gold_per_floor":[122,189,217,217,238,238,279,279,326,326,360,360,394,394,394,427,427,437,460,460,470,484,515,528,558,558,17,17,17,30,41,41,143,143,160,175,175,192,208,59,86,86,139,149,160,160,173,191,191,191,191],"floor_reached":50,"language":"ENG","playtime":5297,"items_purged":["hierophant:Doubloon"],"score":613,"play_id":"e77b5e22-b5bc-47bb-95a3-5255b853e016","local_time":"20210206174836","daily_mods":["Draft"],"is_ascension_mode":true,"campfire_choices":[{"data":"hierophant:Alms","floor":6,"key":"SMITH"},{"data":"hierophant:Doomsaying","floor":8,"key":"SMITH"},{"floor":12,"key":"REST"},{"data":"hierophant:Repentance","floor":15,"key":"SMITH"},{"floor":32,"key":"REST"},{"floor":46,"key":"REST"},{"floor":49,"key":"REST"}],"circlet_count":0,"master_deck":["hierophant:RepressedViolence","hierophant:RepressedViolence","hierophant:Smite","hierophant:PristineSoul","hierophant:FaithHealing","hierophant:FlamingChariot","hierophant:SealAway","hierophant:Endure","hierophant:MorningPrayer","hierophant:PassingBell","hierophant:Upheaval","hierophant:Doomsaying+1","hierophant:Repentance+1","hierophant:MirrorShield+1","hierophant:HolyVerse","hierophant:Alms+1","hierophant:Flagellation","hierophant:Zeal","hierophant:Anathema","hierophant:Martyrdom","hierophant:PristineSoul+1","Decay","hierophant:Doomsaying+1","hierophant:SealAway+1"],"relics":["hierophant:PropheticMaskRelic","LetterFromLob","Orichalcum","infinitespire:EmpoweringShard","Lantern","Pondfish Scales","infinitespire:ShieldingShard","bronze:MakeshiftBattery","Red Mask","Quantum Egg","Torii","Akabeko","StrikeDummy","Eternal Feather","HandDrill","infinitespire:PuzzleCube","ChewingGum","HollowMod:JonisBlessing","reliquary:Firecrackers","Blood Vial"],"acts_visited":["Exordium","TheCity","TheBeyond"],"potions_floor_usage":[7,16,16,33,33,50,50],"damage_taken":[{"damage":2,"enemies":"Small Slimes","floor":1,"turns":4},{"damage":4,"enemies":"Jaw Worm","floor":3,"turns":4},{"damage":0,"enemies":"2 Louse","floor":5,"turns":2},{"damage":13,"enemies":"Lagavulin","floor":7,"turns":4},{"damage":20,"enemies":"Gremlin Nob","floor":11,"turns":4},{"damage":7,"enemies":"Lagavulin","floor":13,"turns":7},{"damage":19,"enemies":"The Guardian","floor":16,"turns":9},{"damage":0,"enemies":"3 Byrds","floor":18,"turns":2},{"damage":0,"enemies":"Masked Bandits","floor":19,"turns":2},{"damage":0,"enemies":"Shell Parasite","floor":21,"turns":3},{"damage":0,"enemies":"Snake Plant","floor":22,"turns":2},{"damage":24,"enemies":"Book of Stabbing","floor":23,"turns":5},{"damage":18,"enemies":"Snecko","floor":24,"turns":5},{"damage":8,"enemies":"Replay:Snechameleon","floor":25,"turns":3},{"damage":0,"enemies":"Cultist and Chosen","floor":30,"turns":2},{"damage":0,"enemies":"Snake Plant","floor":31,"turns":2},{"damage":24,"enemies":"Champ","floor":33,"turns":6},{"damage":0,"enemies":"3 Darklings","floor":35,"turns":3},{"damage":0,"enemies":"Orb Walker","floor":36,"turns":3},{"damage":32,"enemies":"Jaw Worm Horde","floor":38,"turns":5},{"damage":0,"enemies":"4 Shapes","floor":39,"turns":3},{"damage":0,"enemies":"HollowMod:StalkingDevout","floor":41,"turns":4},{"damage":0,"enemies":"Jaw Worm Horde","floor":44,"turns":2},{"damage":0,"enemies":"Transient","floor":45,"turns":5},{"damage":0,"enemies":"Sphere and 2 Shapes","floor":47,"turns":2},{"damage":0,"enemies":"Writhing Mass","floor":48,"turns":2},{"damage":83,"enemies":"Time Eater","floor":50,"turns":10}],"seed_played":"-6930129675598476060","potions_obtained":[{"floor":5,"key":"Fire Potion"},{"floor":7,"key":"Regen Potion"},{"floor":13,"key":"AttackPotion"},{"floor":16,"key":"SpeedPotion"},{"floor":21,"key":"Milkshake"},{"floor":23,"key":"Toxic Potion"},{"floor":35,"key":"FearPotion"},{"floor":36,"key":"DuplicationPotion"},{"floor":48,"key":"DuplicationPotion"}],"is_trial":true,"path_per_floor":["M","?","M","?","M","R","E","R","T","M","E","R","E","?","R","B",null,"M","?","AVR","M","M","E","M","E","T","$","?","?","M","M","R","B",null,"M","M","?","M","M","$","E","$","T","M","M","R","M","M","R","B"],"character_chosen":"HIEROPHANT","items_purchased":["Eternal Feather","HandDrill","infinitespire:PuzzleCube","HollowMod:JonisBlessing"],"campfire_rested":4,"item_purchase_floors":[27,27,27,40],"current_hp_per_floor":[73,73,69,66,66,66,53,53,53,53,33,55,48,48,48,44,75,75,75,75,75,75,51,33,25,25,25,25,25,25,25,59,35,75,75,75,75,43,43,43,43,43,43,43,43,75,75,75,75,0,0],"gold":191,"neow_bonus":"","is_daily":false,"chose_seed":false,"campfire_upgraded":3,"win_rate":0.0,"timestamp":1612655316,"path_taken":["M","?","M","?","M","R","E","R","T","M","E","R","E","?","R","BOSS","M","?","AVR","M","M","E","M","E","T","$","?","?","?","M","R","BOSS","M","M","?","M","M","$","E","?","T","M","M","R","?","M","R","BOSS"],"items_purchased_type":["Relic","Relic","Relic","Relic"],"build_version":"2020-12-22","purchased_purges":1,"victory":false,"max_hp_per_floor":[75,75,75,75,75,75,75,75,75,75,75,75,75,75,75,75,75,75,75,75,75,75,75,75,75,75,75,75,75,75,75,75,75,75,75,75,75,75,75,75,75,75,75,75,75,75,75,75,75,75,75],"card_choices":[{"not_picked":["hierophant:Community","hierophant:DisplayOfPower"],"picked":"hierophant:RepressedViolence","floor":0},{"not_picked":["hierophant:Blessing","hierophant:Endure"],"picked":"hierophant:RepressedViolence","floor":0},{"not_picked":["hierophant:Blessing","hierophant:Racketeering"],"picked":"hierophant:Smite","floor":0},{"not_picked":["hierophant:OrnateBuckler","hierophant:Purify"],"picked":"hierophant:PristineSoul","floor":0},{"not_picked":["hierophant:FieryStrike","hierophant:Sermon"],"picked":"hierophant:FaithHealing","floor":0},{"not_picked":["hierophant:AuricBeam","hierophant:Doubloon"],"picked":"hierophant:FlamingChariot","floor":0},{"not_picked":["hierophant:Remorse","hierophant:AuricBeam"],"picked":"hierophant:SealAway","floor":0},{"not_picked":["hierophant:FieryStrike","hierophant:CoinFling"],"picked":"hierophant:Doubloon","floor":0},{"not_picked":["hierophant:Alms","hierophant:SealAway"],"picked":"hierophant:Endure","floor":0},{"not_picked":["hierophant:OrnateBuckler","hierophant:EyeForCoin"],"picked":"hierophant:MorningPrayer","floor":0},{"not_picked":["hierophant:Shelter","hierophant:SecretStash"],"picked":"hierophant:PassingBell","floor":0},{"not_picked":["hierophant:Purify","hierophant:FieryStrike"],"picked":"hierophant:Upheaval","floor":0},{"not_picked":["hierophant:Embezzle","hierophant:Racketeering"],"picked":"hierophant:Doomsaying","floor":0},{"not_picked":["hierophant:Remorse","hierophant:OrnateBuckler"],"picked":"hierophant:Repentance","floor":0},{"not_picked":["hierophant:ThreeLashes","hierophant:OrnateBuckler"],"picked":"hierophant:MirrorShield","floor":0},{"not_picked":["hierophant:ThreeLashes","hierophant:Shelter"],"picked":"hierophant:HolyVerse","floor":1},{"not_picked":["hierophant:Remorse","hierophant:RustyCrate"],"picked":"hierophant:Alms","floor":3},{"not_picked":["hierophant:ArchangelShield","hierophant:Remorse","hierophant:HammerAndAnvil"],"picked":"SKIP","floor":5},{"not_picked":["hierophant:RepressedViolence","hierophant:Anathema"],"picked":"hierophant:Flagellation","floor":7},{"not_picked":["hierophant:CoinFling","hierophant:FlamingChariot","hierophant:Racketeering"],"picked":"SKIP","floor":11},{"not_picked":["hierophant:HammerAndAnvil","hierophant:Repentance"],"picked":"hierophant:Zeal","floor":13},{"not_picked":["hierophant:Invocation","hierophant:DivineIntervention"],"picked":"hierophant:Anathema","floor":16},{"not_picked":["hierophant:Doubloon+1","hierophant:Patience","hierophant:Zeal"],"picked":"SKIP","floor":18},{"not_picked":["hierophant:Doubloon+1","hierophant:Patience","hierophant:Zeal"],"picked":"SKIP","floor":18},{"not_picked":["hierophant:ConvertCurrency+1","hierophant:Chorus","hierophant:Blessing"],"picked":"SKIP","floor":21},{"not_picked":["hierophant:Doubloon","hierophant:DisplayOfPower","hierophant:MirrorShield"],"picked":"SKIP","floor":22},{"not_picked":["hierophant:Encroach","hierophant:Flagellation"],"picked":"hierophant:Martyrdom","floor":23},{"not_picked":["hierophant:Smite","hierophant:Martyrdom"],"picked":"hierophant:PristineSoul+1","floor":24},{"not_picked":["hierophant:CoinFling+1","hierophant:Batter","hierophant:PassingBell"],"picked":"SKIP","floor":25},{"not_picked":["hierophant:Endure","hierophant:Upheaval+1","hierophant:AuricBeam"],"picked":"SKIP","floor":30},{"not_picked":["hierophant:RustyCrate","hierophant:MirrorShield","hierophant:PassingBell"],"picked":"SKIP","floor":31},{"not_picked":["hierophant:MorningPrayer","hierophant:FlamingChariot","hierophant:Patience+1"],"picked":"SKIP","floor":35},{"not_picked":["hierophant:Racketeering+1","hierophant:EyeForCoin+1","hierophant:CoinFling+1"],"picked":"SKIP","floor":36},{"not_picked":["hierophant:CoinFling","hierophant:RepressedViolence+1"],"picked":"hierophant:SealAway+1","floor":38},{"not_picked":["hierophant:Dazzle","hierophant:Sermon+1","hierophant:Zeal+1"],"picked":"SKIP","floor":39},{"not_picked":["hierophant:DivineIntervention","hierophant:Blessing+1","hierophant:Smite+1"],"picked":"SKIP","floor":41},{"not_picked":["hierophant:ThreeLashes","hierophant:Glossolalia","hierophant:SealAway+1"],"picked":"SKIP","floor":44},{"not_picked":["hierophant:FieryStrike+1","hierophant:Community+1","hierophant:Levitation"],"picked":"SKIP","floor":45},{"not_picked":["hierophant:MorningPrayer","hierophant:ConvertCurrency","hierophant:MirrorShield"],"picked":"SKIP","floor":47},{"not_picked":["hierophant:Smite+1","hierophant:AuricShield","hierophant:RepressedViolence"],"picked":"SKIP","floor":48}],"player_experience":39520,"relics_obtained":[{"floor":1,"key":"LetterFromLob"},{"floor":7,"key":"infinitespire:EmpoweringShard"},{"floor":9,"key":"Lantern"},{"floor":11,"key":"Pondfish Scales"},{"floor":13,"key":"infinitespire:ShieldingShard"},{"floor":19,"key":"Red Mask"},{"floor":23,"key":"Torii"},{"floor":25,"key":"Akabeko"},{"floor":26,"key":"StrikeDummy"},{"floor":41,"key":"reliquary:Firecrackers"},{"floor":43,"key":"Blood Vial"}],"event_choices":[{"damage_healed":0,"gold_gain":67,"player_choice":"Gained Gold","damage_taken":0,"max_hp_gain":0,"max_hp_loss":0,"event_name":"Golden Wing","floor":2,"gold_loss":0},{"damage_healed":0,"gold_gain":0,"player_choice":"Success","damage_taken":3,"relics_obtained":["Orichalcum"],"max_hp_gain":0,"max_hp_loss":0,"event_name":"Scrap Ooze","floor":4,"gold_loss":0},{"damage_healed":0,"gold_gain":0,"player_choice":"Fought Bandits","damage_taken":0,"max_hp_gain":0,"max_hp_loss":0,"event_name":"Masked Bandits","floor":19,"gold_loss":0},{"damage_healed":0,"gold_gain":0,"player_choice":"Smashed Altar","damage_taken":0,"max_hp_gain":0,"max_hp_loss":0,"event_name":"Forgotten Altar","floor":28,"gold_loss":0,"cards_obtained":["Decay"]},{"damage_healed":0,"gold_gain":0,"player_choice":"Copied","damage_taken":0,"max_hp_gain":0,"max_hp_loss":0,"event_name":"Duplicator","floor":29,"gold_loss":0,"cards_obtained":["hierophant:Doomsaying"]},{"damage_healed":0,"gold_gain":0,"player_choice":"Upgraded","damage_taken":0,"max_hp_gain":0,"max_hp_loss":0,"event_name":"Upgrade Shrine","floor":37,"gold_loss":0,"cards_upgraded":["hierophant:MirrorShield"]}],"is_beta":false,"boss_relics":[{"not_picked":["reliquary:RedCape","Snecko Eye"],"picked":"bronze:MakeshiftBattery"},{"not_picked":["SacredBark","sneckomod:SneckoTalon"],"picked":"ChewingGum"}],"items_purged_floors":[20],"is_endless":false,"potions_floor_spawned":[5,7,13,16,21,23,24,25,31,35,36,41,44,45,48],"killed_by":"Time Eater","ascension_level":1}}