{"host":"2lo6hma6kymb0g9i","time":1612590280,"event":{"mods":["BaseMod","Colored Map","DeckTracker","Minty Spire (QoL Compilation)"],"gold_per_floor":[111,111,111,186,186,186,22,43,97,97,118,118,131,175,175,268,268,288,312,336,261,261,261],"floor_reached":22,"language":"JPN","playtime":1284,"items_purged":["Strike_R"],"score":368,"play_id":"c0d2126e-28ba-4071-9a5c-5aff250a603a","local_time":"20210206144440","is_ascension_mode":true,"campfire_choices":[{"floor":6.0,"key":"REST"},{"floor":15.0,"key":"REST"}],"circlet_count":0,"master_deck":["AscendersBane","Strike_R","Defend_R","Defend_R","Defend_R","Defend_R","Bash","Disarm","Shrug It Off","Headbutt","Clash","Immolate","Body Slam+1"],"relics":["Burning Blood","Golden Idol","Medical Kit","Dream Catcher","Bag of Preparation","Orichalcum","Runic Cube"],"acts_visited":["Exordium","TheCity"],"potions_floor_usage":[],"damage_taken":[{"damage":4.0,"enemies":"Jaw Worm","floor":1.0,"turns":6.0},{"damage":9.0,"enemies":"2 Louse","floor":8.0,"turns":4.0},{"damage":5.0,"enemies":"Small Slimes","floor":11.0,"turns":8.0},{"damage":10.0,"enemies":"2 Fungi Beasts","floor":13.0,"turns":6.0},{"damage":48.0,"enemies":"Gremlin Nob","floor":14.0,"turns":6.0},{"damage":20.0,"enemies":"Hexaghost","floor":16.0,"turns":11.0},{"damage":28.0,"enemies":"2 Thieves","floor":18.0,"turns":3.0},{"damage":25.0,"enemies":"Chosen","floor":19.0,"turns":6.0},{"damage":13.0,"enemies":"Snecko","floor":20.0,"turns":8.0},{"damage":8,"enemies":"Cultist and Chosen","floor":22,"turns":3}],"seed_played":"-1805467334146597956","potions_obtained":[{"floor":11.0,"key":"FearPotion"},{"floor":14.0,"key":"LiquidBronze"},{"floor":19.0,"key":"SkillPotion"}],"is_trial":false,"path_per_floor":["M","?","?","?","?","R","$","M","T","?","M","T","M","E","R","B",null,"M","M","M","$","M"],"character_chosen":"IRONCLAD","items_purchased":["Medical Kit"],"campfire_rested":2,"item_purchase_floors":[7],"current_hp_per_floor":[68,73,48,37,37,58,58,55,55,55,56,56,52,10,31,17,59,37,18,11,11,3,3],"gold":261,"neow_bonus":"REMOVE_TWO","is_daily":false,"chose_seed":false,"campfire_upgraded":0,"win_rate":0.0,"timestamp":1612590280,"path_taken":["M","?","?","?","?","R","$","M","T","?","M","?","?","E","R","BOSS","M","M","M","$","M"],"items_purchased_type":["Relic"],"build_version":"2020-12-22","purchased_purges":1,"victory":false,"max_hp_per_floor":[68,73,73,73,73,73,73,73,73,73,73,73,73,73,73,73,73,73,73,73,73,73,73],"card_choices":[{"not_picked":["Thunderclap","Cleave"],"picked":"Disarm","floor":1.0},{"not_picked":["Wild Strike","Heavy Blade","Flex"],"picked":"SKIP","floor":8.0},{"not_picked":["Heavy Blade","Reckless Charge","Intimidate"],"picked":"SKIP","floor":11.0},{"not_picked":["Hemokinesis","Twin Strike"],"picked":"Shrug It Off","floor":13.0},{"not_picked":["Cleave","Thunderclap"],"picked":"Headbutt","floor":14.0},{"not_picked":["Flex","Rage"],"picked":"Clash","floor":15.0},{"not_picked":["Demon Form","Offering"],"picked":"Immolate","floor":16.0},{"not_picked":["Dark Embrace","Cleave","Anger"],"picked":"SKIP","floor":18.0},{"not_picked":["Spot Weakness","Anger","Sword Boomerang"],"picked":"SKIP","floor":19.0},{"not_picked":["Perfected Strike","Inflame"],"picked":"Body Slam+1","floor":20.0}],"player_experience":1125621,"relics_obtained":[{"floor":9.0,"key":"Dream Catcher"},{"floor":12.0,"key":"Bag of Preparation"},{"floor":14.0,"key":"Orichalcum"}],"event_choices":[{"damage_healed":0.0,"max_hp_gain":5.0,"max_hp_loss":0.0,"gold_gain":0.0,"event_name":"Big Fish","player_choice":"Donut","floor":2.0,"gold_loss":0.0,"damage_taken":0.0},{"damage_healed":0.0,"max_hp_gain":0.0,"max_hp_loss":0.0,"gold_gain":0.0,"event_name":"Golden Idol","player_choice":"Take Damage","floor":3.0,"gold_loss":0.0,"damage_taken":25.0,"relics_obtained":["Golden Idol"]},{"damage_healed":0.0,"max_hp_gain":0.0,"max_hp_loss":0.0,"gold_gain":75.0,"event_name":"World of Goop","player_choice":"Gather Gold","floor":4.0,"gold_loss":0.0,"damage_taken":11.0},{"damage_healed":0.0,"max_hp_gain":0.0,"max_hp_loss":0.0,"gold_gain":0.0,"event_name":"Liars Game","player_choice":"Ignored","floor":5.0,"gold_loss":0.0,"damage_taken":0.0},{"cards_removed":["Strike_R"],"damage_healed":0.0,"max_hp_gain":0.0,"max_hp_loss":0.0,"gold_gain":0.0,"event_name":"Living Wall","player_choice":"Forget","floor":10.0,"gold_loss":0.0,"damage_taken":0.0}],"is_beta":false,"boss_relics":[{"not_picked":["Busted Crown","Philosopher\u0027s Stone"],"picked":"Runic Cube"}],"items_purged_floors":[21],"is_endless":false,"potions_floor_spawned":[11,14,19],"killed_by":"Cultist and Chosen","ascension_level":20}}