{"host":"5n1fl7z5i1vf7jan","time":1612571596,"event":{"mods":["BaseMod","Minty Spire (QoL Compilation)","Quick Restart","Relic Stats"],"gold_per_floor":[114,125,125,24,40,40,55,82,158,168,196,196,229,249,249,320,320,336,354,354,6,23,23,33,33,60,90,90,122,122,151,151,225,225,237,262,274,274,274],"floor_reached":38,"language":"ENG","playtime":1640,"items_purged":["Strike_R"],"score":890,"play_id":"d318b56a-7a56-4a58-8fa4-b38de9f8e186","local_time":"20210205163316","is_ascension_mode":true,"campfire_choices":[{"data":"Uppercut","floor":6.0,"key":"SMITH"},{"floor":12.0,"key":"REST"},{"data":"Spot Weakness","floor":15.0,"key":"SMITH"},{"floor":23.0,"key":"REST"},{"floor":28.0,"key":"REST"},{"floor":32.0,"key":"REST"}],"circlet_count":0,"master_deck":["AscendersBane","Strike_R","Strike_R","Strike_R","Defend_R","Defend_R","Defend_R","Defend_R","Bash","Uppercut+1","Anger","Shrug It Off","Spot Weakness+1","Pommel Strike","Sword Boomerang","Metallicize","Battle Trance","Limit Break","Corruption","Immolate","Bludgeon","Pummel","Dark Embrace","True Grit","Power Through+1","Reaper","True Grit","Ghostly Armor"],"relics":["SlaversCollar","Torii","Gremlin Horn","Bag of Preparation","The Courier","Black Star","Mummified Hand","FaceOfCleric","PreservedInsect","Paper Frog","Centennial Puzzle","Anchor","Juzu Bracelet","Dream Catcher","Ancient Tea Set","Runic Pyramid","Champion Belt"],"acts_visited":["Exordium","TheCity","TheBeyond"],"potions_floor_usage":[],"damage_taken":[{"damage":2.0,"enemies":"2 Louse","floor":1.0,"turns":3.0},{"damage":6.0,"enemies":"Cultist","floor":2.0,"turns":3.0},{"damage":7.0,"enemies":"Jaw Worm","floor":5.0,"turns":2.0},{"damage":2.0,"enemies":"Red Slaver","floor":7.0,"turns":5.0},{"damage":7.0,"enemies":"Lagavulin","floor":8.0,"turns":7.0},{"damage":1.0,"enemies":"Gremlin Gang","floor":10.0,"turns":3.0},{"damage":10.0,"enemies":"Gremlin Nob","floor":11.0,"turns":4.0},{"damage":3.0,"enemies":"3 Sentries","floor":13.0,"turns":4.0},{"damage":1.0,"enemies":"Looter","floor":14.0,"turns":3.0},{"damage":23.0,"enemies":"Slime Boss","floor":16.0,"turns":6.0},{"damage":20.0,"enemies":"2 Thieves","floor":18.0,"turns":4.0},{"damage":7.0,"enemies":"3 Byrds","floor":19.0,"turns":4.0},{"damage":0.0,"enemies":"3 Cultists","floor":20.0,"turns":1.0},{"damage":13.0,"enemies":"Snecko","floor":22.0,"turns":5.0},{"damage":8.0,"enemies":"Chosen and Byrds","floor":24.0,"turns":5.0},{"damage":21.0,"enemies":"Slavers","floor":27.0,"turns":4.0},{"damage":15.0,"enemies":"Book of Stabbing","floor":29.0,"turns":4.0},{"damage":0.0,"enemies":"Gremlin Leader","floor":31.0,"turns":3.0},{"damage":39.0,"enemies":"Automaton","floor":33.0,"turns":8.0},{"damage":47.0,"enemies":"3 Shapes","floor":35.0,"turns":7.0},{"damage":4.0,"enemies":"Mind Bloom Boss Battle","floor":36.0,"turns":6.0},{"damage":98,"enemies":"3 Darklings","floor":37,"turns":8},{"damage":18,"enemies":"4 Shapes","floor":38,"turns":3}],"seed_played":"-1472598583881923407","potions_obtained":[{"floor":1.0,"key":"FairyPotion"},{"floor":7.0,"key":"Explosive Potion"},{"floor":14.0,"key":"Energy Potion"},{"floor":18.0,"key":"DuplicationPotion"},{"floor":19.0,"key":"SmokeBomb"},{"floor":27.0,"key":"Swift Potion"},{"floor":37,"key":"DistilledChaos"}],"is_trial":false,"path_per_floor":["M","M","?","$","M","R","M","E","T","M","E","R","E","M","R","B",null,"M","M","M","$","M","R","M","?","T","E","R","E","?","E","R","B",null,"M","?","M","M"],"character_chosen":"IRONCLAD","items_purchased":["Shrug It Off","Immolate","Mummified Hand"],"campfire_rested":4,"item_purchase_floors":[4,21,21],"current_hp_per_floor":[66,60,60,60,53,53,51,44,44,43,33,55,52,51,51,28,63,43,36,36,36,23,45,37,37,37,17,39,25,25,26,49,11,62,37,55,16,0,0],"gold":274,"neow_bonus":"BOSS_RELIC","is_daily":false,"chose_seed":false,"campfire_upgraded":2,"win_rate":0.0,"timestamp":1612571596,"path_taken":["M","M","?","$","M","R","M","E","T","M","E","R","E","M","R","BOSS","M","?","M","$","M","R","M","?","T","E","R","E","?","E","R","BOSS","M","?","M","M"],"items_purchased_type":["Card","Card","Relic"],"build_version":"2020-12-22","purchased_purges":1,"victory":false,"max_hp_per_floor":[75,75,75,75,75,75,75,75,75,75,75,75,75,75,75,75,75,75,75,75,75,75,75,75,75,75,76,76,77,77,78,78,79,79,80,81,82,82,82],"relic_stats":{"Torii":42,"Gremlin Horn":[18,21],"counters":[23,102],"PreservedInsect":136,"Bag of Preparation":[32],"Juzu Bracelet":2,"Centennial Puzzle":[17],"Dream Catcher":1,"FaceOfCleric":7,"Mummified Hand":[28],"Black Star":3,"Champion Belt":[2],"obtain_stats":[{"Torii":8,"Gremlin Horn":9,"The Courier":13,"PreservedInsect":26,"Bag of Preparation":11,"Juzu Bracelet":29,"Ancient Tea Set":31,"Burning Blood":0,"SlaversCollar":0,"Centennial Puzzle":27,"Anchor":29,"Dream Catcher":31,"FaceOfCleric":25,"Mummified Hand":21,"Black Star":17,"Champion Belt":36,"Paper Frog":27,"Runic Pyramid":34},{"Torii":5,"Gremlin Horn":5,"The Courier":8,"PreservedInsect":15,"Bag of Preparation":7,"Juzu Bracelet":17,"Ancient Tea Set":18,"Burning Blood":0,"SlaversCollar":0,"Centennial Puzzle":16,"Anchor":17,"Dream Catcher":18,"FaceOfCleric":15,"Mummified Hand":13,"Black Star":10,"Champion Belt":21,"Paper Frog":16,"Runic Pyramid":19},{"Torii":20,"Gremlin Horn":20,"The Courier":31,"PreservedInsect":59,"Bag of Preparation":27,"Juzu Bracelet":67,"Ancient Tea Set":70,"Burning Blood":0,"SlaversCollar":0,"Centennial Puzzle":63,"Anchor":67,"Dream Catcher":70,"FaceOfCleric":59,"Mummified Hand":49,"Black Star":40,"Champion Belt":91,"Paper Frog":63,"Runic Pyramid":78}]},"card_choices":[{"not_picked":["Dual Wield","Clash"],"picked":"Uppercut","floor":1.0},{"not_picked":["Sever Soul","Thunderclap"],"picked":"Anger","floor":2.0},{"not_picked":["Burning Pact","Rage"],"picked":"Spot Weakness","floor":5.0},{"not_picked":["Iron Wave","Sword Boomerang"],"picked":"Pommel Strike","floor":7.0},{"not_picked":["Havoc","Perfected Strike"],"picked":"Sword Boomerang","floor":8.0},{"not_picked":["Body Slam","Searing Blow"],"picked":"Metallicize","floor":10.0},{"not_picked":["Brutality","Warcry"],"picked":"Battle Trance","floor":11.0},{"not_picked":["Disarm","Clothesline"],"picked":"Limit Break","floor":13.0},{"not_picked":["Sentinel","Clothesline","Warcry"],"picked":"SKIP","floor":14.0},{"not_picked":["Offering","Demon Form"],"picked":"Corruption","floor":16.0},{"not_picked":["Rampage","Anger","Pommel Strike"],"picked":"SKIP","floor":18.0},{"not_picked":["Thunderclap","Spot Weakness","Body Slam"],"picked":"SKIP","floor":19.0},{"not_picked":["Armaments","Reckless Charge","Twin Strike"],"picked":"SKIP","floor":22.0},{"not_picked":["Flex","Fire Breathing+1"],"picked":"Bludgeon","floor":24.0},{"not_picked":["Thunderclap","Headbutt"],"picked":"Pummel","floor":27.0},{"not_picked":["Berserk","Wild Strike+1"],"picked":"Dark Embrace","floor":29.0},{"not_picked":["Pommel Strike","Blood for Blood","Anger"],"picked":"SKIP","floor":31.0},{"not_picked":["Twin Strike","Entrench"],"picked":"Power Through+1","floor":32.0},{"not_picked":["Double Tap","Corruption"],"picked":"Reaper","floor":33.0},{"not_picked":["Pommel Strike","Cleave"],"picked":"True Grit","floor":35.0},{"not_picked":["Uppercut+1","Body Slam+1"],"picked":"Ghostly Armor","floor":37}],"player_experience":323210,"relics_obtained":[{"floor":8.0,"key":"Torii"},{"floor":9.0,"key":"Gremlin Horn"},{"floor":11.0,"key":"Bag of Preparation"},{"floor":13.0,"key":"The Courier"},{"floor":26.0,"key":"PreservedInsect"},{"floor":27.0,"key":"Paper Frog"},{"floor":27.0,"key":"Centennial Puzzle"},{"floor":29.0,"key":"Anchor"},{"floor":29.0,"key":"Juzu Bracelet"},{"floor":31.0,"key":"Dream Catcher"},{"floor":31.0,"key":"Ancient Tea Set"},{"floor":36.0,"key":"Champion Belt"}],"event_choices":[{"cards_removed":["Strike_R"],"damage_healed":0.0,"max_hp_gain":0.0,"max_hp_loss":0.0,"gold_gain":0.0,"event_name":"Purifier","player_choice":"Purged","floor":3.0,"gold_loss":0.0,"damage_taken":0.0},{"damage_healed":0.0,"max_hp_gain":0.0,"max_hp_loss":0.0,"gold_gain":0.0,"event_name":"FaceTrader","player_choice":"Trade","floor":25.0,"gold_loss":0.0,"damage_taken":0.0,"relics_obtained":["FaceOfCleric"]},{"damage_healed":0.0,"max_hp_gain":0.0,"max_hp_loss":0.0,"gold_gain":0.0,"event_name":"Match and Keep!","player_choice":"1 cards matched","floor":30.0,"gold_loss":0.0,"damage_taken":0.0,"cards_obtained":["True Grit"]},{"damage_healed":0.0,"max_hp_gain":0.0,"max_hp_loss":0.0,"gold_gain":0.0,"event_name":"MindBloom","player_choice":"Fight","floor":36.0,"gold_loss":0.0,"damage_taken":0.0}],"is_beta":false,"boss_relics":[{"not_picked":["Empty Cage","Coffee Dripper"],"picked":"Black Star"},{"not_picked":["Velvet Choker","Astrolabe"],"picked":"Runic Pyramid"}],"items_purged_floors":[4],"is_endless":false,"potions_floor_spawned":[1,7,8,14,16,18,19,27,31,37],"killed_by":"4 Shapes","ascension_level":17}}