{"host":"ibckqdmmf9y74ymf","time":1612622855,"event":{"mods":["2.2 Compatiblity","BaseMod","Colored Map","Curses Come First","Highlight Path","Minty Spire (QoL Compilation)","Quick Restart","Rare Cards Sparkle","Relic Stats","StSLib"],"gold_per_floor":[111,121,133,133,149,149,176,193,216,216,242,242,257,287,287,287,287],"floor_reached":16,"language":"ENG","playtime":519,"items_purged":[],"score":244,"play_id":"ed88aa2c-ac73-4d66-a892-c22cf001e060","local_time":"20210206154735","is_ascension_mode":true,"campfire_choices":[{"data":"Dagger Spray","floor":6.0,"key":"SMITH"},{"data":"Neutralize","floor":10.0,"key":"SMITH"},{"floor":12.0,"key":"REST"},{"data":"Dodge and Roll","floor":15.0,"key":"SMITH"}],"circlet_count":0,"master_deck":["AscendersBane","Strike_G","Strike_G","Strike_G","Defend_G","Defend_G","Defend_G","Defend_G","Defend_G","Survivor","Neutralize+1","Tactician","Glass Knife+1","Dagger Spray+1","Flying Knee","Poisoned Stab","Dodge and Roll+1","Deflect","Blur"],"relics":["Ring of the Snake","Strawberry","Orichalcum","Oddly Smooth Stone","Potion Belt"],"acts_visited":["Exordium"],"potions_floor_usage":[],"damage_taken":[{"damage":1.0,"enemies":"Small Slimes","floor":1.0,"turns":3.0},{"damage":0.0,"enemies":"Cultist","floor":2.0,"turns":4.0},{"damage":0.0,"enemies":"Jaw Worm","floor":3.0,"turns":3.0},{"damage":17.0,"enemies":"Gremlin Gang","floor":5.0,"turns":6.0},{"damage":15.0,"enemies":"Lagavulin","floor":7.0,"turns":4.0},{"damage":3.0,"enemies":"Looter","floor":8.0,"turns":3.0},{"damage":13.0,"enemies":"3 Sentries","floor":11.0,"turns":7.0},{"damage":2.0,"enemies":"Blue Slaver","floor":13.0,"turns":2.0},{"damage":15.0,"enemies":"Gremlin Nob","floor":14.0,"turns":4.0},{"damage":19,"enemies":"Slime Boss","floor":16,"turns":7}],"seed_played":"-7670814431107364505","potions_obtained":[{"floor":2.0,"key":"SpeedPotion"},{"floor":5.0,"key":"FearPotion"},{"floor":7.0,"key":"Energy Potion"},{"floor":13.0,"key":"BlessingOfTheForge"}],"is_trial":false,"path_per_floor":["M","M","M","?","M","R","E","M","T","R","E","R","M","E","R","B"],"character_chosen":"THE_SILENT","items_purchased":[],"campfire_rested":1,"item_purchase_floors":[],"current_hp_per_floor":[58,58,58,58,41,41,33,30,30,30,17,37,35,20,20,1,1],"gold":287,"neow_bonus":"TRANSFORM_TWO_CARDS","is_daily":false,"chose_seed":false,"campfire_upgraded":3,"win_rate":0.0,"timestamp":1612622855,"path_taken":["M","M","M","?","M","R","E","M","T","R","E","R","M","E","R","BOSS"],"items_purchased_type":[],"build_version":"2020-12-22","purchased_purges":0,"victory":false,"max_hp_per_floor":[60,60,60,60,60,60,67,67,67,67,67,67,67,67,67,67,67],"relic_stats":{"counters":[10,43],"Orichalcum":[30],"obtain_stats":[{"Potion Belt":14,"Strawberry":7,"Oddly Smooth Stone":11,"Orichalcum":9,"Ring of the Snake":0},{"Potion Belt":9,"Strawberry":5,"Oddly Smooth Stone":7,"Orichalcum":6,"Ring of the Snake":0},{"Potion Belt":36,"Strawberry":20,"Oddly Smooth Stone":30,"Orichalcum":23,"Ring of the Snake":0}],"Ring of the Snake":[20]},"card_choices":[{"not_picked":["Dodge and Roll","Backflip"],"picked":"Dagger Spray","floor":1.0},{"not_picked":["Choke","Bouncing Flask"],"picked":"Flying Knee","floor":2.0},{"not_picked":["Acrobatics","Expertise"],"picked":"Poisoned Stab","floor":3.0},{"not_picked":["Dagger Spray","Quick Slash","Setup"],"picked":"SKIP","floor":5.0},{"not_picked":["Outmaneuver","Dagger Spray","Finisher"],"picked":"SKIP","floor":7.0},{"not_picked":["Underhanded Strike","Accuracy","Dagger Spray"],"picked":"SKIP","floor":8.0},{"not_picked":["Doppelganger","Calculated Gamble"],"picked":"Dodge and Roll","floor":11.0},{"not_picked":["Slice","Outmaneuver"],"picked":"Deflect","floor":13.0},{"not_picked":["Dodge and Roll","Underhanded Strike"],"picked":"Blur","floor":14.0}],"player_experience":684332,"relics_obtained":[{"floor":7.0,"key":"Strawberry"},{"floor":9.0,"key":"Orichalcum"},{"floor":11.0,"key":"Oddly Smooth Stone"},{"floor":14.0,"key":"Potion Belt"}],"event_choices":[{"damage_healed":0.0,"max_hp_gain":0.0,"max_hp_loss":0.0,"gold_gain":0.0,"event_name":"Upgrade Shrine","player_choice":"Upgraded","floor":4.0,"gold_loss":0.0,"damage_taken":0.0,"cards_upgraded":["Glass Knife"]}],"is_beta":false,"boss_relics":[],"items_purged_floors":[],"is_endless":false,"potions_floor_spawned":[2,5,7,8,13],"killed_by":"Slime Boss","ascension_level":20}}