{"host":"8u7tvcybuv0u72fd","time":1612593748,"event":{"mods":["BaseMod","BetterRewards","Colored Map","Colored Powertips","Minty Spire (QoL Compilation)","Quick Restart","Shop Mod"],"gold_per_floor":[119,119,134,134,152,183,183,194,194,94,127,139,164,1,1,104,104,115,134,145,145,145,145,158,183,258,258,278,293,319,339,339,440,440,456,476,190,190,208,208,238,248,301,336,336,352,352,26,26,26,26,26,26,51,51],"floor_reached":56,"language":"ENG","playtime":2826,"items_purged":["Strike_R","Regret","Strike_R","Strike_R"],"score":1784,"play_id":"70c9d978-9bf2-4c9d-8e5e-e419f89c7b8d","local_time":"20210206014228","is_ascension_mode":false,"campfire_choices":[{"data":"Body Slam","floor":7.0,"key":"SMITH"},{"data":"Rage","floor":12.0,"key":"SMITH"},{"data":"Shrug It Off","floor":15.0,"key":"SMITH"},{"data":"Headbutt","floor":23.0,"key":"SMITH"},{"floor":27,"key":"RECALL"},{"data":"Defend_R","floor":32,"key":"SMITH"},{"data":"Defend_R","floor":40,"key":"SMITH"},{"data":"Demon Form","floor":45,"key":"SMITH"},{"data":"Seeing Red","floor":47,"key":"SMITH"},{"data":"Blind","floor":49,"key":"SMITH"},{"data":"Defend_R","floor":52,"key":"SMITH"}],"circlet_count":0,"master_deck":["Strike_R+1","Strike_R+1","Defend_R","Defend_R+1","Defend_R+1","Defend_R+1","Bash+1","Headbutt+1","Body Slam+1","Rage+1","Shrug It Off+1","Bludgeon+1","Twin Strike+1","Offering","Cleave+1","Demon Form+1","Seeing Red+1","Blind+1","Juggernaut"],"relics":["Burning Blood","Incense Burner","Kunai","Potion Belt","White Beast Statue","Medical Kit","Membership Card","Eternal Feather","Pantograph","Sundial","ClockworkSouvenir","MerchantsRug","Ice Cream","Oddly Smooth Stone","Velvet Choker","Shuriken","HornCleat","Whetstone","Runic Pyramid","Vajra","Magic Flower","Charon\u0027s Ashes","Ancient Tea Set","PreservedInsect","Pear","Pen Nib"],"acts_visited":["Exordium","TheCity","TheBeyond","TheEnding"],"potions_floor_usage":[25,25,30,30,41,42,55,55,55,55,55,55,55,55,55],"damage_taken":[{"damage":0.0,"enemies":"Small Slimes","floor":1.0,"turns":3.0},{"damage":0.0,"enemies":"2 Louse","floor":3.0,"turns":2.0},{"damage":3.0,"enemies":"Jaw Worm","floor":5.0,"turns":3.0},{"damage":25.0,"enemies":"Lagavulin","floor":6.0,"turns":5.0},{"damage":8.0,"enemies":"3 Louse","floor":8.0,"turns":4.0},{"damage":1.0,"enemies":"Gremlin Nob","floor":11.0,"turns":3.0},{"damage":14.0,"enemies":"Red Slaver","floor":13.0,"turns":3.0},{"damage":19.0,"enemies":"The Guardian","floor":16.0,"turns":10.0},{"damage":13.0,"enemies":"3 Byrds","floor":18.0,"turns":5.0},{"damage":10.0,"enemies":"Chosen","floor":19.0,"turns":3.0},{"damage":0.0,"enemies":"Centurion and Healer","floor":20.0,"turns":5.0},{"damage":11.0,"enemies":"Sentry and Sphere","floor":24.0,"turns":4.0},{"damage":5,"enemies":"Slavers","floor":25,"turns":4},{"damage":0,"enemies":"Shelled Parasite and Fungi","floor":28,"turns":3},{"damage":8,"enemies":"Centurion and Healer","floor":29,"turns":4},{"damage":4,"enemies":"Book of Stabbing","floor":30,"turns":3},{"damage":0,"enemies":"Sentry and Sphere","floor":31,"turns":3},{"damage":25,"enemies":"Collector","floor":33,"turns":10},{"damage":6,"enemies":"3 Shapes","floor":35,"turns":4},{"damage":3,"enemies":"Orb Walker","floor":36,"turns":3},{"damage":6,"enemies":"Transient","floor":39,"turns":5},{"damage":6,"enemies":"Nemesis","floor":41,"turns":3},{"damage":6,"enemies":"Sphere and 2 Shapes","floor":42,"turns":3},{"damage":6,"enemies":"Giant Head","floor":44,"turns":5},{"damage":0,"enemies":"Jaw Worm Horde","floor":46,"turns":3},{"damage":25,"enemies":"Donu and Deca","floor":50,"turns":8},{"damage":17,"enemies":"Shield and Spear","floor":54,"turns":4},{"damage":7,"enemies":"The Heart","floor":55,"turns":7}],"seed_played":"8866162861199844557","potions_obtained":[{"floor":1.0,"key":"LiquidBronze"},{"floor":3.0,"key":"EntropicBrew"},{"floor":5.0,"key":"DistilledChaos"},{"floor":6.0,"key":"Strength Potion"},{"floor":8.0,"key":"Strength Potion"},{"floor":11.0,"key":"Swift Potion"},{"floor":13.0,"key":"SkillPotion"},{"floor":16.0,"key":"Fruit Juice"},{"floor":18.0,"key":"Fruit Juice"},{"floor":19.0,"key":"DuplicationPotion"},{"floor":20.0,"key":"HeartOfIron"},{"floor":24.0,"key":"Fire Potion"},{"floor":25,"key":"EntropicBrew"},{"floor":28,"key":"SneckoOil"},{"floor":29,"key":"ColorlessPotion"},{"floor":30,"key":"Fruit Juice"},{"floor":31,"key":"Fire Potion"},{"floor":33,"key":"PowerPotion"},{"floor":41,"key":"SteroidPotion"},{"floor":42,"key":"DuplicationPotion"},{"floor":44,"key":"ColorlessPotion"},{"floor":46,"key":"BloodPotion"}],"is_trial":false,"path_per_floor":["M","?","M","?","M","E","R","M","T","$","E","R","M","$","R","B",null,"M","M","M","?","$","R","M","E","T","R","M","M","E","M","R","B",null,"M","M","$","?","M","R","E","M","T","E","R","M","R","$","R","B",null,"R","$","E","B",null],"character_chosen":"IRONCLAD","items_purchased":["Incense Burner","Kunai","Potion Belt","White Beast Statue","Medical Kit","Fruit Juice","Membership Card","Headbutt","SkillPotion","ClockworkSouvenir","Explosive Potion","MerchantsRug","Ice Cream","Oddly Smooth Stone","Shrug It Off","Vajra","Magic Flower","PreservedInsect","Pear","Blind"],"campfire_rested":0,"item_purchase_floors":[0,0,0,0,0,0,0,0,0,10,10,14,14,14,14,37,37,48,48,48],"current_hp_per_floor":[43,43,49,49,52,33,39,37,37,37,42,48,40,40,46,63,90,88,84,90,90,90,95,90,91,91,95,95,93,100,100,100,81,100,100,100,100,100,100,100,100,100,100,100,100,100,100,110,110,94,110,110,110,102,110],"gold":51,"neow_bonus":"","is_daily":false,"chose_seed":false,"campfire_upgraded":10,"win_rate":0.0,"timestamp":1612593748,"path_taken":["M","?","M","?","M","E","R","M","T","?","E","R","M","$","R","BOSS","M","M","M","?","$","R","?","E","T","R","?","?","E","M","R","BOSS","M","M","$","?","M","R","E","M","T","E","R","M","R","$","R","BOSS","R","$","E","BOSS"],"items_purchased_type":["Relic","Relic","Relic","Relic","Relic","Potion","Relic","Card","Potion","Relic","Potion","Relic","Relic","Relic","Card","Relic","Relic","Relic","Relic","Card"],"build_version":"2020-12-22","purchased_purges":4,"victory":true,"max_hp_per_floor":[85,85,85,85,85,85,85,85,85,85,85,85,85,85,85,90,90,95,95,95,95,95,95,95,95,95,95,95,95,100,100,100,100,100,100,100,100,100,100,100,100,100,100,100,100,100,100,110,110,110,110,110,110,110,110],"card_choices":[{"not_picked":["Thunderclap","Headbutt","Rage"],"picked":"SKIP","floor":1.0},{"not_picked":["Perfected Strike","Flex"],"picked":"Body Slam","floor":3.0},{"not_picked":["Pummel","Wild Strike","Warcry"],"picked":"SKIP","floor":5.0},{"not_picked":["Shockwave","Feel No Pain","Searing Blow"],"picked":"SKIP","floor":6.0},{"not_picked":["Rupture","Dual Wield"],"picked":"Rage","floor":8.0},{"not_picked":["True Grit","Wild Strike","Shockwave"],"picked":"SKIP","floor":11.0},{"not_picked":["True Grit","Wild Strike","Shockwave"],"picked":"SKIP","floor":11.0},{"not_picked":["Armaments","Hemokinesis","Sever Soul"],"picked":"SKIP","floor":13.0},{"not_picked":["Reaper","Fiend Fire"],"picked":"Bludgeon","floor":16.0},{"not_picked":["Cleave+1","Body Slam","Whirlwind"],"picked":"SKIP","floor":18.0},{"not_picked":["Evolve+1","Battle Trance","True Grit"],"picked":"SKIP","floor":19.0},{"not_picked":["Spot Weakness","Headbutt","Clothesline"],"picked":"SKIP","floor":20.0},{"not_picked":["Flex","Havoc","Perfected Strike+1"],"picked":"SKIP","floor":24.0},{"not_picked":["Carnage","Brutality","Dual Wield+1"],"picked":"SKIP","floor":25},{"not_picked":["Wild Strike","Iron Wave"],"picked":"Twin Strike+1","floor":28},{"not_picked":["Headbutt+1","Carnage","Shrug It Off"],"picked":"SKIP","floor":29},{"not_picked":["Blood for Blood","Sword Boomerang"],"picked":"Inflame+1","floor":30},{"not_picked":["Carnage","Feel No Pain+1","Clash"],"picked":"SKIP","floor":31},{"not_picked":["Brutality","Immolate"],"picked":"Offering","floor":33},{"not_picked":["Sentinel","True Grit","Cleave"],"picked":"SKIP","floor":35},{"not_picked":["Burning Pact+1","Twin Strike+1","Reckless Charge+1"],"picked":"SKIP","floor":36},{"not_picked":["Spot Weakness+1","Headbutt+1"],"picked":"Cleave+1","floor":39},{"not_picked":["Pommel Strike+1","Spot Weakness+1","Armaments+1"],"picked":"SKIP","floor":41},{"not_picked":["Cleave+1","Sword Boomerang"],"picked":"Demon Form","floor":42},{"not_picked":["Body Slam+1","Headbutt"],"picked":"Seeing Red","floor":44},{"not_picked":["Power Through","Warcry+1","Cleave"],"picked":"SKIP","floor":46},{"not_picked":["Anger","Perfected Strike"],"picked":"Juggernaut","floor":54}],"player_experience":1505072,"relics_obtained":[{"floor":6.0,"key":"Pantograph"},{"floor":9.0,"key":"Sundial"},{"floor":11.0,"key":"MawBank"},{"floor":25,"key":"Shuriken"},{"floor":26,"key":"HornCleat"},{"floor":30,"key":"Whetstone"},{"floor":41,"key":"Charon\u0027s Ashes"},{"floor":44,"key":"Ancient Tea Set"},{"floor":54,"key":"Pen Nib"}],"event_choices":[{"damage_healed":0.0,"max_hp_gain":0.0,"max_hp_loss":0.0,"gold_gain":0.0,"event_name":"Living Wall","player_choice":"Grow","floor":2.0,"gold_loss":0.0,"damage_taken":0.0,"cards_upgraded":["Bash"]},{"damage_healed":0.0,"max_hp_gain":0.0,"max_hp_loss":0.0,"gold_gain":0.0,"event_name":"Big Fish","player_choice":"Box","floor":4.0,"gold_loss":0.0,"damage_taken":0.0,"relics_obtained":["Eternal Feather"],"cards_obtained":["Regret"]},{"damage_healed":0.0,"max_hp_gain":0.0,"max_hp_loss":0.0,"gold_gain":0.0,"event_name":"Upgrade Shrine","player_choice":"Upgraded","floor":21.0,"gold_loss":0.0,"damage_taken":0.0,"cards_upgraded":["Bludgeon"]},{"cards_removed":["Inflame"],"damage_healed":0,"gold_gain":0,"player_choice":"Removed Power","damage_taken":0,"max_hp_gain":0,"max_hp_loss":0,"event_name":"Falling","floor":38,"gold_loss":0}],"is_beta":false,"boss_relics":[{"not_picked":["Astrolabe","SlaversCollar"],"picked":"Velvet Choker"},{"not_picked":["Sozu","Black Star"],"picked":"Runic Pyramid"}],"items_purged_floors":[0,14,37,48],"is_endless":false,"potions_floor_spawned":[1,3,5,6,8,11,13,16,18,19,20,24,25,28,29,30,31,33,35,36,39,41,42,44,46,54],"ascension_level":0}}