{"host":"szp1d6dso4pv7ddl","time":1612588175,"event":{"mods":["AchievementEnabler","Alarm Clock","BaseMod","Bestiary","Block Reminder","Colored Map","Colored Powertips","Curses Come First","Dark Map","Displayed Cursed Tome","Highlight Path","Minty Spire (QoL Compilation)","Permanent Neow","Quick Restart","Relic Sorter","Relic Stats","StSLib","Synergy Search"],"gold_per_floor":[116,129,204,204,204,204,204,204,204,115,132,144,156,1,1,1,1],"floor_reached":16,"language":"ENG","playtime":694,"items_purged":[],"score":171,"play_id":"e07669dd-9228-4543-b290-0514613540cc","local_time":"20210205210935","is_ascension_mode":true,"campfire_choices":[{"data":"Bash","floor":6,"key":"SMITH"},{"floor":8,"key":"REST"},{"data":"Carnage","floor":15,"key":"SMITH"}],"circlet_count":0,"master_deck":["AscendersBane","Strike_R","Strike_R","Strike_R","Strike_R","Strike_R+1","Defend_R","Defend_R","Defend_R+1","Defend_R","Bash+1","Feed","Sword Boomerang","Pommel Strike","Hemokinesis","Headbutt","Disarm","Cleave","Carnage+1","Exhume"],"relics":["Burning Blood","Strawberry","Bronze Scales"],"acts_visited":["Exordium"],"potions_floor_usage":[2,15],"damage_taken":[{"damage":20,"enemies":"Small Slimes","floor":1,"turns":7},{"damage":2,"enemies":"2 Louse","floor":2,"turns":2},{"damage":2,"enemies":"Cultist","floor":11,"turns":2},{"damage":18,"enemies":"Lots of Slimes","floor":12,"turns":3},{"damage":13,"enemies":"3 Louse","floor":13,"turns":6},{"damage":53,"enemies":"Hexaghost","floor":16,"turns":7}],"seed_played":"6596896756863854946","potions_obtained":[{"floor":1,"key":"Fire Potion"},{"floor":12,"key":"BloodPotion"}],"is_trial":false,"path_per_floor":["M","M","?","?","?","R","?","R","T","$","M","M","M","$","R","B"],"character_chosen":"IRONCLAD","items_purchased":["Hemokinesis","Carnage","Exhume"],"campfire_rested":1,"item_purchase_floors":[10,14,14],"current_hp_per_floor":[57,64,53,42,42,42,16,42,42,42,46,37,33,33,51,0,0],"gold":1,"neow_bonus":"THREE_RARE_CARDS","is_daily":false,"chose_seed":false,"campfire_upgraded":2,"win_rate":0.0,"timestamp":1612588175,"path_taken":["M","M","?","?","?","R","?","R","T","?","M","M","M","$","R","BOSS"],"items_purchased_type":["Card","Card","Card"],"build_version":"2020-12-22","purchased_purges":0,"victory":false,"max_hp_per_floor":[78,81,81,88,88,88,88,88,88,88,88,91,94,94,94,94,94],"relic_stats":{"counters":[6,27],"Bronze Scales":[63],"obtain_stats":[{"Strawberry":4,"Bronze Scales":9,"Burning Blood":0},{"Strawberry":2,"Bronze Scales":2,"Burning Blood":0},{"Strawberry":9,"Bronze Scales":9,"Burning Blood":0}],"Burning Blood":30},"card_choices":[{"not_picked":["Offering","Exhume"],"picked":"Feed","floor":0},{"not_picked":["Warcry","Wild Strike"],"picked":"Sword Boomerang","floor":1},{"not_picked":["Seeing Red","Perfected Strike"],"picked":"Pommel Strike","floor":2},{"not_picked":["Body Slam","Evolve"],"picked":"Headbutt","floor":11},{"not_picked":["Pommel Strike","Warcry"],"picked":"Disarm","floor":12},{"not_picked":["Ghostly Armor","Feed"],"picked":"Cleave","floor":13}],"player_experience":1374392,"relics_obtained":[{"floor":9,"key":"Bronze Scales"}],"event_choices":[{"damage_healed":0,"gold_gain":75,"player_choice":"Gather Gold","damage_taken":11,"max_hp_gain":0,"max_hp_loss":0,"event_name":"World of Goop","floor":3,"gold_loss":0},{"damage_healed":0,"gold_gain":0,"player_choice":"Success","damage_taken":18,"relics_obtained":["Strawberry"],"max_hp_gain":0,"max_hp_loss":0,"event_name":"Scrap Ooze","floor":4,"gold_loss":0},{"cards_removed":["Pain"],"damage_healed":0,"gold_gain":0,"player_choice":"Forget","damage_taken":0,"max_hp_gain":0,"max_hp_loss":0,"event_name":"Living Wall","floor":5,"gold_loss":0},{"damage_healed":0,"gold_gain":0,"player_choice":"Entered Light","damage_taken":26,"max_hp_gain":0,"max_hp_loss":0,"event_name":"Shining Light","floor":7,"gold_loss":0,"cards_upgraded":["Strike_R","Defend_R"]}],"is_beta":false,"boss_relics":[],"items_purged_floors":[],"is_endless":false,"potions_floor_spawned":[1,12],"killed_by":"Hexaghost","ascension_level":18}}