{"host":"344lv32hnei0mdhu","time":1612585957,"event":{"mods":["Act Like it!","BaseMod","Better Match","Better Sensory Stone","Better Skull","Better Third Choice","Better Vampires","Colored Powertips","Highlight Path","Minty Spire (QoL Compilation)","Quick Restart","Random Character Button","Rare Cards Sparkle","StSLib"],"gold_per_floor":[119,119,119,135,135,135,84,84,135,166,179,179,203,226,226,347,347,366,366,391,173,197,197,197,197,221,241,9,9,42,55,55,55,55],"floor_reached":33,"language":"ENG","playtime":1391,"items_purged":["Parasite"],"score":450,"play_id":"0825ea2b-655c-450a-9c69-b8ca8a184810","local_time":"20210205223237","is_ascension_mode":true,"campfire_choices":[{"floor":6.0,"key":"REST"},{"data":"WaveOfTheHand","floor":12.0,"key":"SMITH"},{"data":"Eruption","floor":15.0,"key":"SMITH"},{"floor":23.0,"key":"REST"},{"data":"WheelKick","floor":25.0,"key":"SMITH"},{"floor":29.0,"key":"RECALL"},{"floor":32.0,"key":"REST"}],"circlet_count":0,"master_deck":["AscendersBane","Strike_P","Strike_P","Strike_P","Strike_P","Defend_P","Defend_P","Defend_P+1","Defend_P","Eruption+1","Vigilance+1","BowlingBash","WheelKick+1","ClearTheMind+1","ReachHeaven","WaveOfTheHand+1","BattleHymn","FollowUp","DevaForm","Evaluate+1","WaveOfTheHand+1","LessonLearned+1","Swivel"],"relics":["PureWater","NeowsBlessing","Golden Idol","Omamori","Bird Faced Urn","Calling Bell","Orichalcum","Singing Bowl","Pocketwatch","War Paint","CultistMask","The Courier"],"acts_visited":["Exordium","TheCity"],"potions_floor_usage":[33],"damage_taken":[{"damage":0.0,"enemies":"Small Slimes","floor":1.0,"turns":1.0},{"damage":0.0,"enemies":"2 Louse","floor":4.0,"turns":1.0},{"damage":0.0,"enemies":"Gremlin Nob","floor":10.0,"turns":1.0},{"damage":0.0,"enemies":"Jaw Worm","floor":11.0,"turns":3.0},{"damage":0.0,"enemies":"Gremlin Gang","floor":13.0,"turns":3.0},{"damage":9.0,"enemies":"Blue Slaver","floor":14.0,"turns":6.0},{"damage":46.0,"enemies":"Hexaghost","floor":16.0,"turns":12.0},{"damage":3.0,"enemies":"Chosen","floor":18.0,"turns":4.0},{"damage":15.0,"enemies":"Spheric Guardian","floor":20.0,"turns":5.0},{"damage":7.0,"enemies":"3 Cultists","floor":22.0,"turns":6.0},{"damage":17.0,"enemies":"Centurion and Healer","floor":27.0,"turns":6.0},{"damage":37.0,"enemies":"Slavers","floor":30.0,"turns":5.0},{"damage":12.0,"enemies":"Cultist and Chosen","floor":31.0,"turns":6.0},{"damage":44,"enemies":"Collector","floor":33,"turns":6}],"seed_played":"8146877343490063807","potions_obtained":[{"floor":4.0,"key":"DistilledChaos"},{"floor":10.0,"key":"BottledMiracle"},{"floor":14.0,"key":"EssenceOfSteel"},{"floor":20.0,"key":"LiquidBronze"},{"floor":31.0,"key":"Dexterity Potion"}],"is_trial":false,"path_per_floor":["M","?","?","M","?","R","$","?","T","E","M","R","M","M","R","B",null,"M","?","M","$","M","R","?","R","T","M","$","R","E","M","R","B"],"character_chosen":"WATCHER","items_purchased":["ClearTheMind","War Paint","LessonLearned","Swivel"],"campfire_rested":3,"item_purchase_floors":[7,21,28,28],"current_hp_per_floor":[65,65,47,47,47,68,68,72,72,72,72,72,72,64,64,20,59,60,60,51,51,46,67,67,67,67,54,54,54,23,15,38,0,0],"gold":55,"neow_bonus":"THREE_ENEMY_KILL","is_daily":false,"chose_seed":false,"campfire_upgraded":3,"win_rate":0.0,"timestamp":1612585957,"path_taken":["M","?","?","M","?","R","$","?","T","E","?","R","M","?","R","BOSS","M","?","?","$","M","R","?","R","T","M","$","R","E","M","R","BOSS"],"items_purchased_type":["Card","Relic","Card","Card"],"build_version":"2020-12-22","purchased_purges":1,"victory":false,"max_hp_per_floor":[72,72,72,72,72,72,72,72,72,72,72,72,72,72,72,72,72,72,72,74,71,73,73,73,73,73,75,75,75,77,79,79,79,79],"card_choices":[{"not_picked":["ClearTheMind","Prostrate"],"picked":"BowlingBash","floor":1.0},{"not_picked":["CutThroughFate","Prostrate"],"picked":"WheelKick","floor":4.0},{"not_picked":["FlyingSleeves","Evaluate"],"picked":"ReachHeaven","floor":10.0},{"not_picked":["FollowUp","Consecrate"],"picked":"WaveOfTheHand","floor":11.0},{"not_picked":["Vengeance","ForeignInfluence"],"picked":"BattleHymn","floor":13.0},{"not_picked":["SashWhip","CrushJoints"],"picked":"FollowUp","floor":14.0},{"not_picked":["Ragnarok","Brilliance"],"picked":"DevaForm","floor":16.0},{"not_picked":["PathToVictory","InnerPeace"],"picked":"Evaluate+1","floor":18.0},{"not_picked":["BowlingBash","Consecrate","FlyingSleeves+1"],"picked":"Singing Bowl","floor":20.0},{"not_picked":["MentalFortress","Collect","CutThroughFate+1"],"picked":"Singing Bowl","floor":22.0},{"not_picked":["Collect+1","SandsOfTime","Pray"],"picked":"Singing Bowl","floor":27.0},{"not_picked":["EmptyFist","CutThroughFate","PathToVictory"],"picked":"Singing Bowl","floor":30.0},{"not_picked":["CarveReality","Meditate+1","CutThroughFate+1"],"picked":"Singing Bowl","floor":31.0}],"player_experience":407593,"relics_obtained":[{"floor":9.0,"key":"Omamori"},{"floor":10.0,"key":"Bird Faced Urn"},{"floor":17.0,"key":"Orichalcum"},{"floor":17.0,"key":"Singing Bowl"},{"floor":17.0,"key":"Pocketwatch"},{"floor":30.0,"key":"The Courier"}],"event_choices":[{"damage_healed":0.0,"max_hp_gain":0.0,"max_hp_loss":0.0,"gold_gain":0.0,"event_name":"Golden Wing","player_choice":"Ignored","floor":2.0,"gold_loss":0.0,"damage_taken":0.0},{"damage_healed":0.0,"max_hp_gain":0.0,"max_hp_loss":0.0,"gold_gain":0.0,"event_name":"Golden Idol","player_choice":"Take Damage","floor":3.0,"gold_loss":0.0,"damage_taken":18.0,"relics_obtained":["Golden Idol"]},{"damage_healed":0.0,"max_hp_gain":0.0,"max_hp_loss":0.0,"gold_gain":1.0,"event_name":"betterStone:BetterStone","player_choice":"1","floor":5.0,"gold_loss":0.0,"damage_taken":0.0},{"damage_healed":18.0,"max_hp_gain":0.0,"max_hp_loss":0.0,"gold_gain":0.0,"event_name":"Mushrooms","player_choice":"Healed and dodged fight","floor":8.0,"gold_loss":0.0,"damage_taken":0.0,"cards_obtained":["Parasite"]},{"damage_healed":0.0,"max_hp_gain":0.0,"max_hp_loss":0.0,"gold_gain":0.0,"event_name":"Duplicator","player_choice":"Copied","floor":19.0,"gold_loss":0.0,"damage_taken":0.0,"cards_obtained":["WaveOfTheHand"]},{"damage_healed":0.0,"max_hp_gain":0.0,"max_hp_loss":0.0,"gold_gain":0.0,"event_name":"FaceTrader","player_choice":"Trade","floor":24.0,"gold_loss":0.0,"damage_taken":0.0,"relics_obtained":["CultistMask"]}],"is_beta":false,"boss_relics":[{"not_picked":["SlaversCollar","Cursed Key"],"picked":"Calling Bell"}],"items_purged_floors":[21],"is_endless":false,"potions_floor_spawned":[4,10,14,20,31],"killed_by":"Collector","ascension_level":11}}