{"host":"81h68oe4mr04pk3r","time":1612603874,"event":{"mods":["Act Like it!","Aspiration","BaseMod","BetterRewards","Colored Map","Colored Powertips","Conspire","Downfall","Gensokyo","Hallownest","Hermit","Hubris","Infinite Spire","Jorbs\u0027s Wanderer Trilogy","Koishi","Lobotomy","LobotomyExtend","Marisa????????","Minty Spire (QoL Compilation)","Quick Restart","Reimu??????","Remilia??????","StSLib","The Bug Knight","The Construct","The Cursed","The Disciple","The Servant 0.9.4"],"gold_per_floor":[112,42,2,14,14,14,14,14],"floor_reached":7,"language":"ENG","playtime":430,"items_purged":[],"score":39,"play_id":"5acf0508-2e4f-4119-a16c-f29d4e082fe1","local_time":"20210206013114","is_ascension_mode":false,"campfire_choices":[{"data":"HollowMod:ShadowDash","floor":6,"key":"SMITH"}],"circlet_count":0,"master_deck":["HollowMod:NailStrikeStart","HollowMod:NailStrikeStart","HollowMod:NailStrikeStart","HollowMod:NailStrikeStart+1","HollowMod:QuickDashStart+1","HollowMod:QuickDashStart","HollowMod:QuickDashStart","HollowMod:QuickDashStart","HollowMod:FocusHealStart","HollowMod:PogoStrike","HollowMod:ShadowDash+1","HollowMod:DungDefenderAura","HollowMod:CrystalDash"],"relics":["HollowMod:VesselMask","hubris:SlimyHat","LetterFromLob"],"acts_visited":["Gensokyo:Gensokyo"],"potions_floor_usage":[],"damage_taken":[{"damage":5,"enemies":"Gensokyo:3_Fairies","floor":1,"turns":5},{"damage":6,"enemies":"Gensokyo:Python","floor":4,"turns":4},{"damage":88,"enemies":"Gensokyo:Aya","floor":7,"turns":12}],"seed_played":"5279545345831109945","potions_obtained":[{"floor":1,"key":"Fire Potion"},{"floor":4,"key":"sneckomod:MuddlingPotion"}],"is_trial":false,"path_per_floor":["M","?","$","M","COS","R","E"],"character_chosen":"THE_BUGKNIGHT","items_purchased":["HollowMod:DungDefenderAura"],"campfire_rested":0,"item_purchase_floors":[3],"current_hp_per_floor":[70,70,70,64,64,64,0,0],"gold":14,"neow_bonus":"RANDOM_COMMON_RELIC","is_daily":false,"chose_seed":false,"campfire_upgraded":1,"win_rate":0.0,"timestamp":1612603874,"path_taken":["M","?","$","M","COS","R","E"],"items_purchased_type":["Card"],"build_version":"2020-12-22","purchased_purges":0,"victory":false,"max_hp_per_floor":[75,75,75,75,75,75,75,75],"card_choices":[{"not_picked":["HollowMod:InfectedCysts","HollowMod:NewLittleFool"],"picked":"HollowMod:ShadowDash","floor":1},{"not_picked":["HollowMod:NewLittleFool","HollowMod:BaldurShell"],"picked":"HollowMod:CrystalDash","floor":4}],"player_experience":223549,"relics_obtained":[{"floor":1,"key":"LetterFromLob"}],"event_choices":[],"is_beta":false,"boss_relics":[],"items_purged_floors":[],"is_endless":false,"potions_floor_spawned":[1,4],"killed_by":"Gensokyo:Aya","ascension_level":0}}