{"host":"zmilr51mkqu4u6kc","time":1612575098,"event":{"mods":["AchievementEnabler","BaseMod","BetterRewards","Card Forge","Colored Map","Colored Powertips","Downfall","Friendly Minions","Highlight Path","Infinite Spire","KinomotoSakuraMod(????)","Marisa????????","Minty Spire (QoL Compilation)","Quick Restart","READ ME - Guardian Mod","Rare Cards Sparkle","Replay The Spire","Shop Mod","StSLib"],"gold_per_floor":[99,115,115,115,115,126,126,26,38,66,84,33,61,85,100,202,202,2,21,121,121,133,145,168,168,19,79,79,79,79,129,162,282,282,282,318,318,371,411,411,411,466,525,525,525,565,609,660,721,862,862,862,888,888,888,927,948,948,980,830,897,897,915,915,963,989,1123,1123,1123,1164,1201,1201,1224,1224,1290,767,819,819,854,900,941,996,1022,1142,1142,1142,1176,1224,1276,1303,1362,1439,1495,792,792,833,833,833,833,888,1032,1032,1032,1070,1098,1127,1127,1127,1180,1210,478,535,60,90,90,90,122,233,233,233,268,268,268,268,268,323,323,402,85,102,133,133,133,173,270,270,270,318,343,406,438,479,562,562,600,674,723,723,723,390,424,547,547,624,156,156,188,188,188],"floor_reached":157,"language":"ENG","playtime":17360,"items_purged":[],"score":3560,"play_id":"4c6685f8-0f2b-49fb-82eb-4949b004a2e3","local_time":"20210206023137","is_ascension_mode":false,"campfire_choices":[{"floor":1.0,"key":"RECALL"},{"floor":8.0,"key":"REST"},{"floor":18.0,"key":"DIG"},{"floor":30.0,"key":"REST"},{"floor":35.0,"key":"REST"},{"floor":44.0,"key":"REST"},{"floor":52.0,"key":"DIG"},{"floor":64.0,"key":"REST"},{"floor":69.0,"key":"REST"},{"floor":95.0,"key":"REST"},{"floor":108.0,"key":"REST"}],"circlet_count":1,"master_deck":["champ:Strike","champ:Strike","champ:Strike","champ:Strike","champ:Defend","champ:Defend","champ:Defend","champ:Defend","champ:Execute+1","champ:Taunt+1","champ:AdrenalArmor+1","champ:FaceSlap+1","champ:FocusedBerserking+1","champ:RisingSlash+1","champ:Encircle+1","champ:UltimateStance+1","champ:ArenaPreparation+1","champ:Lariat+1","champ:PreciseThrust+1","champ:HoldFirm+1","champ:IronFortress+1","champ:VampiricStrike+1","champ:BringItOn+1","champ:EnragedBash+1","infinitespire:FutureSight+1","champ:CrownThrow+1","Pot Of Greed+1","Pot Of Greed+1","RitualDagger+1","champ:MurderStrike+1","champ:FanOfKnives+1","champ:DefensiveShout+1","champ:BringItOn+1","champ:GladiatorForm+1","champ:Backstep+1","Pot Of Greed+1","champ:Haymaker+1","champ:GutPunch+1","champ:SteelEdge+1","champ:IronFortress+1","champ:HeartStrike+1","champ:MurderStrike+1","infinitespire:FinalStrike+1","champ:PerfectedStrike+1","champ:DeathBlow+1","champ:PerfectedStrike+1","Pot Of Greed+1","champ:FaceSlap+1","champ:SteelEdge+1","ReplayTheSpireMod:??????????????????????+1","champ:BerserkersShout+1","champ:PerfectedStrike+1","champ:FocusedBerserking+1","expansioncontent:StudyTheSpire+1","champ:CrookedStrike+1","champ:RisingSlash+1","champ:PerfectedStrike+1","champ:TripleStrike+1","Pot Of Greed+1","champ:Improvising+1","champ:SetATrap+1","champ:DefensiveShout+1","champ:DefensiveShout+1","champ:HoldFirm+1","champ:DefensiveShout+1","expansioncontent:DashGenerateEvil+1","infinitespire:Starlight+1","infinitespire:NeuralNetwork+1","infinitespire:Collect+1","Pot Of Greed+1","champ:TripleStrike+1","champ:StanceDance+1","expansioncontent:DashGenerateEvil+1","Replay:SS_forest_2+1","champ:GladiatorForm+1","champ:Improvising+1","champ:PerfectedStrike+1","champ:CalledShot+1","champ:CalledShot+1","champ:BringItOn+1","champ:StrikeOfGenius+1","champ:PerfectedStrike","Pot Of Greed","RitualDagger","expansioncontent:QuickStudy","champ:Devastate","champ:RapidStrikes+1","champ:Encircle+1","champ:FlashCut","champ:Parry+1","champ:BerserkersShout","champ:HoldFirm","champ:RisingSlash+1"],"relics":["champ:ChampionCrown","Hammer of Thor","Seething Fire","Anvil of the Gods","downfall:HeartBlessingRed","Thread and Needle","Gambling Chip","Nunchaku","Circlet","downfall:HeartBlessingGreen","Juzu Bracelet","Philosopher\u0027s Stone","Bottled Tornado","Replay:Bandana","Grinning Jar","WingedGreaves","Replay:Wax Seal","Fusion Hammer","ReplayTheSpireMod:Ring of Addiction","ReplayTheSpireMod:Ring of Challenge","Chameleon Ring","White Beast Statue","Torii","Simple Rune","Gremlin Horn","Bottled Lightning","ClockworkSouvenir","Painkiller Herb","Eternal Feather","Medical Kit","Toy Ornithopter","MerchantsRug","downfall:RedIOU","infinitespire:BottledMercury","Boot","Ginger","Mirror","infinitespire:ShieldingShard","WarpedTongs","Black Star","Pet Ghost","Orrery","Tiny Chest","Toolbox","Divine Protection","Vajra","Busted Crown","ReplayTheSpireMod:Ninjato","champ:GladiatorsBookOfMartialProwess","downfall:RedIOU","Happy Flower","Nloth\u0027s Gift","SacredBark","Replay:Ringing Soul","infinitespire:Cupcake","Ice Cream","Replay:Rubber Ducky"],"acts_visited":["Exordium","TheCity","TheBeyond","Exordium","TheCity","TheBeyond","Exordium","TheCity","TheBeyond","TheEnding"],"potions_floor_usage":[139,141,143,145,147,152,152,152,157,157,157],"damage_taken":[{"damage":20.0,"enemies":"Cultist","floor":2.0,"turns":4.0},{"damage":25.0,"enemies":"Small Slimes","floor":6.0,"turns":3.0},{"damage":15.0,"enemies":"2 Louse","floor":9.0,"turns":2.0},{"damage":48.0,"enemies":"Gremlin Nob","floor":10.0,"turns":3.0},{"damage":20.0,"enemies":"Blue Slaver","floor":11.0,"turns":2.0},{"damage":65.0,"enemies":"downfall:FleeingMerchant","floor":12.0,"turns":4.0},{"damage":20.0,"enemies":"Replay:BlueRogue","floor":13.0,"turns":3.0},{"damage":25.0,"enemies":"Exordium Wildlife","floor":15.0,"turns":2.0},{"damage":61.0,"enemies":"SI_SHIV_ARCHETYPE","floor":16.0,"turns":7.0},{"damage":55.0,"enemies":"3 Byrds","floor":19.0,"turns":3.0},{"damage":60.0,"enemies":"Centurion and Healer","floor":22.0,"turns":4.0},{"damage":27.0,"enemies":"Snake Plant","floor":23.0,"turns":4.0},{"damage":35.0,"enemies":"downfall:FleeingMerchant","floor":26.0,"turns":4.0},{"damage":91.0,"enemies":"Nightmare","floor":27.0,"turns":5.0},{"damage":20.0,"enemies":"Snecko","floor":32.0,"turns":4.0},{"damage":72.0,"enemies":"IC_MUSHROOM_ARCHETYPE","floor":33.0,"turns":5.0},{"damage":25.0,"enemies":"3 Darklings","floor":36.0,"turns":3.0},{"damage":10.0,"enemies":"Orb Walker","floor":39.0,"turns":3.0},{"damage":88.0,"enemies":"Jaw Worm Horde","floor":42.0,"turns":4.0},{"damage":107.0,"enemies":"Nightmare","floor":43.0,"turns":7.0},{"damage":48.0,"enemies":"Sphere and 2 Shapes","floor":46.0,"turns":3.0},{"damage":35.0,"enemies":"4 Shapes","floor":47.0,"turns":3.0},{"damage":45.0,"enemies":"Writhing Mass","floor":48.0,"turns":3.0},{"damage":15.0,"enemies":"Spire Growth","floor":49.0,"turns":3.0},{"damage":124.0,"enemies":"WA_ARCHETYPE_DIVINITY","floor":50.0,"turns":11.0},{"damage":15.0,"enemies":"Small Slimes","floor":53.0,"turns":2.0},{"damage":15.0,"enemies":"Jaw Worm","floor":56.0,"turns":2.0},{"damage":0.0,"enemies":"2 Louse","floor":57.0,"turns":1.0},{"damage":5.0,"enemies":"Large Slime","floor":59.0,"turns":1.0},{"damage":151.0,"enemies":"Nightmare_Alpha","floor":61.0,"turns":9.0},{"damage":0.0,"enemies":"2 Fungi Beasts","floor":63.0,"turns":2.0},{"damage":0.0,"enemies":"Large Slime","floor":65.0,"turns":2.0},{"damage":0.0,"enemies":"3 Louse","floor":66.0,"turns":1.0},{"damage":65.0,"enemies":"Slime Boss","floor":67.0,"turns":5.0},{"damage":30.0,"enemies":"Shell Parasite","floor":70.0,"turns":2.0},{"damage":5.0,"enemies":"Shelled Parasite and Fungi","floor":71.0,"turns":1.0},{"damage":5.0,"enemies":"Snecko","floor":73.0,"turns":1.0},{"damage":7.0,"enemies":"Replay:Snechameleon","floor":75.0,"turns":2.0},{"damage":0.0,"enemies":"downfall:FleeingMerchant","floor":76.0,"turns":1.0},{"damage":30.0,"enemies":"Slavers","floor":77.0,"turns":2.0},{"damage":0.0,"enemies":"Nightmare","floor":79.0,"turns":1.0},{"damage":5.0,"enemies":"3 Cultists","floor":80.0,"turns":2.0},{"damage":30.0,"enemies":"Shelled Parasite and Fungi","floor":81.0,"turns":3.0},{"damage":66.0,"enemies":"Snecko","floor":83.0,"turns":3.0},{"damage":121.0,"enemies":"Champ","floor":84.0,"turns":7.0},{"damage":35.0,"enemies":"3 Shapes","floor":87.0,"turns":2.0},{"damage":25.0,"enemies":"Orb Walker","floor":88.0,"turns":3.0},{"damage":131.0,"enemies":"Writhing Mass","floor":89.0,"turns":4.0},{"damage":65.0,"enemies":"4 Shapes","floor":90.0,"turns":2.0},{"damage":31.0,"enemies":"3 Darklings","floor":91.0,"turns":3.0},{"damage":101.0,"enemies":"Giant Head","floor":92.0,"turns":5.0},{"damage":66.0,"enemies":"Spire Growth","floor":93.0,"turns":3.0},{"damage":38.0,"enemies":"4 Shapes","floor":96.0,"turns":3.0},{"damage":117.0,"enemies":"Transient","floor":100.0,"turns":5.0},{"damage":102.0,"enemies":"Awakened One","floor":101.0,"turns":6.0},{"damage":24.0,"enemies":"Cultist","floor":104.0,"turns":2.0},{"damage":4.0,"enemies":"Small Slimes","floor":105.0,"turns":1.0},{"damage":0.0,"enemies":"infinitespire:Voidling","floor":106.0,"turns":1.0},{"damage":2.0,"enemies":"Replay:BlueRogue","floor":109.0,"turns":3.0},{"damage":18.0,"enemies":"3 Louse","floor":110.0,"turns":2.0},{"damage":0.0,"enemies":"3 Sentries","floor":112.0,"turns":3.0},{"damage":0.0,"enemies":"2 Fungi Beasts","floor":114.0,"turns":2.0},{"damage":21.0,"enemies":"Exordium Wildlife","floor":117.0,"turns":1.0},{"damage":92.0,"enemies":"Hexaghost","floor":118.0,"turns":3.0},{"damage":8.0,"enemies":"Shell Parasite","floor":121.0,"turns":2.0},{"damage":0.0,"enemies":"Book of Stabbing","floor":126.0,"turns":2.0},{"damage":18.0,"enemies":"Replay:Snechameleon","floor":128.0,"turns":3.0},{"damage":0.0,"enemies":"Spheric Guardian","floor":130.0,"turns":1.0},{"damage":13.0,"enemies":"3 Cultists","floor":131.0,"turns":2.0},{"damage":8.0,"enemies":"Centurion and Healer","floor":134.0,"turns":2.0},{"damage":0.0,"enemies":"Automaton","floor":135.0,"turns":1.0},{"damage":0.0,"enemies":"3 Darklings","floor":138.0,"turns":3.0},{"damage":0,"enemies":"Orb Walker","floor":139,"turns":1},{"damage":0,"enemies":"Transient","floor":140,"turns":5},{"damage":0,"enemies":"3 Darklings","floor":141,"turns":2},{"damage":5,"enemies":"Jaw Worm Horde","floor":142,"turns":1},{"damage":25,"enemies":"R_Hoarder","floor":143,"turns":3},{"damage":0,"enemies":"Spire Growth","floor":145,"turns":3},{"damage":40,"enemies":"Nemesis","floor":146,"turns":3},{"damage":26,"enemies":"4 Shapes","floor":147,"turns":2},{"damage":5,"enemies":"Writhing Mass","floor":151,"turns":4},{"damage":73,"enemies":"Time Eater","floor":152,"turns":6},{"damage":47,"enemies":"ME_ARCHETYPE_MERCHANT","floor":154,"turns":7},{"damage":622,"enemies":"IC_STATUS_ARCHETYPE","floor":157,"turns":80}],"seed_played":"6665036793073747410","potions_obtained":[{"floor":10.0,"key":"Death Potion"},{"floor":11.0,"key":"SteroidPotion"},{"floor":15.0,"key":"Doom Potion"},{"floor":27.0,"key":"Weak Potion"},{"floor":32.0,"key":"Toxic Potion"},{"floor":33.0,"key":"Dexterity Potion"},{"floor":40.0,"key":"champ:OpenerPotion"},{"floor":42.0,"key":"Flashbang"},{"floor":43.0,"key":"sneckomod:MuddlingPotion"},{"floor":47.0,"key":"ColorlessPotion"},{"floor":50.0,"key":"Adrenaline Potion"},{"floor":61.0,"key":"Fire Potion"},{"floor":67.0,"key":"FairyPotion"},{"floor":79.0,"key":"Adrenaline Potion"},{"floor":80.0,"key":"Explosive Potion"},{"floor":84.0,"key":"sneckomod:MuddlingPotion"},{"floor":86.0,"key":"Strength Potion"},{"floor":88.0,"key":"bronze:BurnAndBuffPotion"},{"floor":89.0,"key":"Adrenaline Potion"},{"floor":90.0,"key":"bronze:BurnAndBuffPotion"},{"floor":91.0,"key":"SpeedPotion"},{"floor":92.0,"key":"Block Potion"},{"floor":93.0,"key":"Fire Potion"},{"floor":96.0,"key":"Adrenaline Potion"},{"floor":97.0,"key":"Slimebound:ThreeZeroPotion"},{"floor":100.0,"key":"DuplicationPotion"},{"floor":101.0,"key":"AttackPotion"},{"floor":103.0,"key":"Flashbang"},{"floor":104.0,"key":"SkillPotion"},{"floor":110.0,"key":"DuplicationPotion"},{"floor":112.0,"key":"Venom Potion"},{"floor":114.0,"key":"Languid Potion"},{"floor":117.0,"key":"Explosive Potion"},{"floor":118.0,"key":"BlessingOfTheForge"},{"floor":120.0,"key":"DistilledChaos"},{"floor":120.0,"key":"Energy Potion"},{"floor":121.0,"key":"Swift Potion"},{"floor":126.0,"key":"Toxic Potion"},{"floor":131.0,"key":"PowerPotion"},{"floor":134.0,"key":"SkillPotion"},{"floor":138,"key":"Adrenaline Potion"},{"floor":139,"key":"Adrenaline Potion"},{"floor":141,"key":"SkillPotion"},{"floor":143,"key":"AttackPotion"},{"floor":145,"key":"Swift Potion"},{"floor":146,"key":"Regen Potion"},{"floor":147,"key":"Doom Potion"},{"floor":151,"key":"hexamod:SoulburnPotion"},{"floor":152,"key":"champ:OpenerPotion"},{"floor":154,"key":"Dexterity Potion"},{"floor":156,"key":"PowerPotion"}],"is_trial":false,"path_per_floor":["R","M","?","?","?","M","T","R","M","E","M","$","E","T","M","B",null,"R_BF","M","?","AVR","M","M","T","?","$","NM","?","?","R","T","M","B",null,"R","M","AVR","?","M","?","T","M","NM","R","?","M","M","M","M","B",null,"R_BF","M","?","?","M","M","T","M","?","NM","AVR","M","R","M","M","B",null,"T","?","?","?","?","?","E","T","E","?","NM","?","?","?","?","B",null,"T","?","?","?","?","?","E","?","T","T","?","T","AVR","?","?","B",null,"T","?","?","?","?","T","E","?","T","E","T","?","?","?","?","B",null,"T","?","AVR","?","?","?","E","T","E","T","?","?","T","?","?","B",null,"T","?","?","?","?","?","E","?","?","E","?","?","?","?","?","B",null,"E","T","T","B"],"character_chosen":"THE_CHAMP","items_purchased":["champ:ArenaPreparation","Grinning Jar","Eternal Feather","Medical Kit","Toy Ornithopter","expansioncontent:StudyTheSpire","MerchantsRug","expansioncontent:DashGenerateEvil","Ginger","Mirror","ReplayFunnel","Pet Ghost","expansioncontent:DashGenerateEvil+1","Replay:SS_forest_2","Orrery","Tiny Chest","Toolbox","Divine Protection","expansioncontent:QuickStudy","Happy Flower","Ice Cream","Replay:Rubber Ducky"],"campfire_rested":8,"item_purchase_floors":[12,26,76,76,76,76,76,94,94,94,111,111,111,111,111,113,113,113,129,129,155,155],"current_hp_per_floor":[99,99,99,99,64,64,64,93,93,75,75,75,75,75,75,69,99,109,109,114,114,114,107,107,107,107,86,86,86,114,114,114,112,114,114,114,114,114,114,114,114,61,54,88,88,75,75,75,75,41,110,110,108,108,105,103,103,103,101,111,70,70,70,103,103,103,103,109,109,97,97,97,97,89,82,82,72,72,72,77,77,77,76,60,103,103,78,78,65,70,44,53,57,57,101,83,101,101,98,96,91,96,96,96,94,94,104,102,102,102,102,102,102,102,102,88,100,8,100,100,100,98,98,98,90,96,96,96,96,94,94,94,94,94,94,94,94,92,92,92,92,92,92,92,92,77,66,35,35,104,105,108,108,111,111,109,0,0,0],"gold":188,"neow_bonus":"TEN_PERCENT_HP_BONUS","is_daily":false,"chose_seed":false,"campfire_upgraded":0,"win_rate":0.0,"timestamp":1612575097,"path_taken":["R","M","?","?","?","?","T","R","M","E","M","$","E","?","M","BOSS","R_BF","M","?","AVR","M","M","T","?","?","NM","?","?","R","?","M","BOSS","R","M","AVR","?","M","?","T","M","NM","R","?","M","M","M","M","BOSS","R_BF","M","?","?","M","M","T","M","?","NM","AVR","M","R","M","M","BOSS","T","?","?","?","?","?","E","T","E","?","NM","?","?","?","?","BOSS","T","?","?","?","?","?","E","?","T","T","?","T","AVR","?","?","BOSS","T","?","?","?","?","T","E","?","T","E","T","?","?","?","?","BOSS","T","?","AVR","?","?","?","E","T","E","?","?","?","T","?","?","BOSS","T","?","?","?","?","?","E","?","?","E","?","?","?","?","?","BOSS","E","T","T","BOSS"],"items_purchased_type":["Card","Relic","Relic","Relic","Relic","Card","Relic","Card","Relic","Relic","Relic","Relic","Card","Card","Relic","Relic","Relic","Relic","Card","Relic","Relic","Relic"],"build_version":"2020-12-22","purchased_purges":0,"victory":false,"max_hp_per_floor":[99,99,99,99,99,99,99,99,99,99,99,99,99,99,99,99,99,109,109,114,114,114,114,114,114,114,114,114,114,114,114,114,114,114,114,114,114,114,114,114,114,114,114,114,114,114,112,112,112,110,110,110,108,108,105,103,103,103,101,111,111,111,111,111,111,109,109,109,109,107,107,107,105,105,105,103,103,103,103,103,103,103,103,103,103,103,103,101,101,101,101,101,101,101,101,101,101,101,98,96,96,96,96,96,94,94,104,102,102,102,102,102,102,102,102,100,100,100,100,100,100,98,98,98,96,96,96,96,96,94,94,94,94,94,94,94,94,92,92,92,92,92,92,92,92,92,92,92,92,104,105,108,108,111,111,109,109,109,109],"card_choices":[{"not_picked":["champ:CrownThrow","champ:Shatter"],"picked":"champ:AdrenalArmor","floor":2.0},{"not_picked":["champ:DefensiveShout","champ:FlashCut"],"picked":"champ:FaceSlap","floor":6.0},{"not_picked":["champ:Shatter","champ:CrownThrow"],"picked":"champ:FocusedBerserking","floor":9.0},{"not_picked":["champ:DefensiveShout","champ:FancyFootwork"],"picked":"champ:RisingSlash","floor":10.0},{"not_picked":["champ:Circumvent","champ:FocusedBerserking"],"picked":"champ:Encircle","floor":11.0},{"not_picked":["champ:DefensiveShout","champ:TornadoPunch"],"picked":"champ:UltimateStance","floor":12.0},{"not_picked":["champ:DefensiveShout","champ:GutPunch"],"picked":"champ:Lariat","floor":13.0},{"not_picked":["champ:Encircle","champ:TornadoPunch"],"picked":"champ:PreciseThrust","floor":15.0},{"not_picked":["champ:CheapShot","champ:Devastate"],"picked":"champ:HoldFirm","floor":16.0},{"not_picked":["champ:ShieldSlam","champ:Lariat"],"picked":"champ:IronFortress+1","floor":19.0},{"not_picked":["champ:CrownThrow","champ:PerfectedStrike+1"],"picked":"champ:BringItOn","floor":22.0},{"not_picked":["champ:BladeFlurry","champ:Circumvent+1"],"picked":"champ:EnragedBash","floor":23.0},{"not_picked":["infinitespire:TheBestDefense","infinitespire:FinalStrike"],"picked":"infinitespire:FutureSight","floor":25.0},{"not_picked":["champ:LastStand","champ:Endure"],"picked":"champ:CrownThrow","floor":26.0},{"not_picked":["champ:PerfectedStrike","champ:CrownThrow"],"picked":"champ:EndlessRage+1","floor":27.0},{"not_picked":["champ:SkillfulDodge","champ:Circumvent"],"picked":"champ:MurderStrike","floor":32.0},{"not_picked":["champ:SwordThrow","champ:IgnorePain"],"picked":"champ:LastStand","floor":33.0},{"not_picked":["champ:StanceDance+1","champ:PerfectedStrike"],"picked":"champ:FanOfKnives","floor":36.0},{"not_picked":["champ:Shatter","champ:DeathBlow+1"],"picked":"champ:DefensiveShout+1","floor":39.0},{"not_picked":["champ:PerfectedStrike+1","champ:Circumvent+1"],"picked":"champ:BringItOn+1","floor":42.0},{"not_picked":["champ:BerserkersShout","champ:PerfectedStrike"],"picked":"champ:GladiatorForm","floor":43.0},{"not_picked":["champ:PreemptiveStrike","champ:EnGarde+1"],"picked":"champ:BladeFlurry+1","floor":46.0},{"not_picked":["champ:Circumvent","champ:FalseCounter"],"picked":"champ:Backstep","floor":47.0},{"not_picked":["champ:SkillfulDodge","champ:BerserkersShout+1"],"picked":"champ:Haymaker+1","floor":48.0},{"not_picked":["champ:PerfectedStrike+1","champ:FocusedBerserking"],"picked":"champ:GutPunch+1","floor":49.0},{"not_picked":["champ:SwordThrow","champ:DancingMaster"],"picked":"champ:SteelEdge","floor":50.0},{"not_picked":["champ:GladiatorStyle","champ:DefensiveShout"],"picked":"champ:IronFortress","floor":53.0},{"not_picked":["champ:BladeFlurry","champ:GutPunch"],"picked":"champ:HeartStrike","floor":56.0},{"not_picked":["champ:Circumvent","champ:FlashCut","champ:DefensiveShout"],"picked":"SKIP","floor":57.0},{"not_picked":["champ:PerfectedStrike","champ:CrownThrow"],"picked":"champ:MurderStrike","floor":59.0},{"not_picked":["ReplayTheSpireMod:Chaos Vortex","infinitespire:Punishment"],"picked":"infinitespire:FinalStrike","floor":61.0},{"not_picked":["champ:FancyFootwork","champ:TornadoPunch"],"picked":"champ:PerfectedStrike","floor":61.0},{"not_picked":["champ:BladeFlurry","champ:TornadoPunch"],"picked":"champ:DeathBlow","floor":63.0},{"not_picked":["champ:BringItOn","champ:CrookedStrike"],"picked":"champ:PerfectedStrike","floor":65.0},{"not_picked":["champ:PerfectedStrike","champ:AdrenalArmor"],"picked":"champ:FaceSlap","floor":66.0},{"not_picked":["champ:TripleStrike","champ:MurderStrike"],"picked":"champ:SteelEdge","floor":67.0},{"not_picked":["infinitespire:Oblivion","ReplayTheSpireMod:Echoes of Time"],"picked":"ReplayTheSpireMod:??????????????????????","floor":67.0},{"not_picked":["champ:PreciseThrust","champ:Circumvent"],"picked":"champ:BerserkersShout","floor":70.0},{"not_picked":["champ:Endure","champ:PreciseThrust+1","champ:Backstep+1"],"picked":"SKIP","floor":71.0},{"not_picked":["champ:BringItOn+1","champ:GutPunch+1"],"picked":"champ:PerfectedStrike","floor":73.0},{"not_picked":["champ:DefensiveShout","champ:CheapShot","champ:Haymaker"],"picked":"SKIP","floor":75.0},{"not_picked":["champ:FaceSlap","champ:PerfectedStrike"],"picked":"champ:FocusedBerserking","floor":76.0},{"not_picked":["champ:Circumvent","champ:StanceDance"],"picked":"champ:CrookedStrike","floor":77.0},{"not_picked":["champ:DeathBlow+1","champ:Backstep","champ:EndlessRage"],"picked":"SKIP","floor":79.0},{"not_picked":["champ:Haymaker+1","champ:CrookedStrike"],"picked":"champ:RisingSlash","floor":80.0},{"not_picked":["champ:TornadoPunch+1","champ:CrownThrow+1","champ:Shatter+1"],"picked":"SKIP","floor":81.0},{"not_picked":["champ:Lariat+1","champ:BerserkersShout+1"],"picked":"champ:PerfectedStrike","floor":82.0},{"not_picked":["champ:SetATrap","champ:RisingSlash"],"picked":"champ:TripleStrike","floor":83.0},{"not_picked":["champ:CheapShot","champ:MurderStrike"],"picked":"champ:Improvising","floor":84.0},{"not_picked":["champ:BringItOn+1","champ:CrookedStrike"],"picked":"champ:SetATrap+1","floor":87.0},{"not_picked":["champ:CrownThrow","champ:ArenaPreparation"],"picked":"champ:DefensiveShout","floor":88.0},{"not_picked":["champ:Circumvent+1","champ:PreemptiveStrike+1","champ:GladiatorStyle"],"picked":"SKIP","floor":89.0},{"not_picked":["champ:Circumvent","champ:BladeFlurry"],"picked":"champ:DefensiveShout","floor":90.0},{"not_picked":["champ:FanOfKnives","champ:BladeFlurry","champ:LastStand"],"picked":"SKIP","floor":91.0},{"not_picked":["champ:CrownThrow","champ:IronFortress"],"picked":"champ:HoldFirm","floor":92.0},{"not_picked":["champ:FaceSlap+1","champ:FocusedDefense"],"picked":"champ:DefensiveShout+1","floor":93.0},{"not_picked":["champ:PreemptiveStrike","champ:BringItOn","champ:EnragedBash+1"],"picked":"SKIP","floor":96.0},{"not_picked":["champ:CrookedStrike+1","champ:EndlessRage+1","champ:Haymaker+1"],"picked":"SKIP","floor":100.0},{"not_picked":["champ:HeavySlash","champ:SwordThrow"],"picked":"champ:TripleStrike","floor":101.0},{"not_picked":["champ:RisingSlash","champ:GladiatorStyle","champ:PreemptiveStrike"],"picked":"SKIP","floor":104.0},{"not_picked":["champ:RapidStrikes","champ:Backstep"],"picked":"champ:StanceDance","floor":105.0},{"not_picked":["champ:StanceDance","champ:GutPunch","champ:HeartStrike"],"picked":"SKIP","floor":106.0},{"not_picked":["champ:Circumvent","champ:BerserkersShout","champ:GutPunch"],"picked":"SKIP","floor":109.0},{"not_picked":["champ:BladeFlurry","champ:DefensiveShout","champ:BerserkersShout"],"picked":"SKIP","floor":110.0},{"not_picked":["champ:StanceDance","champ:CalledShot"],"picked":"champ:GladiatorForm","floor":111.0},{"not_picked":["champ:Duel","champ:Shatter"],"picked":"champ:Improvising","floor":111.0},{"not_picked":["champ:AdrenalArmor","champ:Backstep"],"picked":"champ:PerfectedStrike","floor":111.0},{"not_picked":["champ:GutPunch","champ:RecklessLeap"],"picked":"champ:CalledShot","floor":112.0},{"not_picked":["champ:BerserkersShout","champ:DefensiveShout"],"picked":"champ:CalledShot","floor":114.0},{"not_picked":["champ:StanceDance","champ:EnGarde"],"picked":"champ:BringItOn","floor":117.0},{"not_picked":["champ:HoldFirm","champ:DancingMaster"],"picked":"champ:StrikeOfGenius","floor":118.0},{"not_picked":[],"picked":"champ:PerfectedStrike","floor":121.0},{"not_picked":["champ:AdrenalArmor"],"picked":"SKIP","floor":126.0},{"not_picked":["champ:Encircle"],"picked":"SKIP","floor":128.0},{"not_picked":["champ:BladeFlurry+1"],"picked":"SKIP","floor":130.0},{"not_picked":["champ:Encircle"],"picked":"SKIP","floor":131.0},{"not_picked":["champ:TripleStrike"],"picked":"SKIP","floor":134.0},{"not_picked":[],"picked":"champ:Devastate","floor":135.0},{"not_picked":["champ:AdrenalArmor+1"],"picked":"SKIP","floor":138},{"not_picked":[],"picked":"champ:RapidStrikes+1","floor":139},{"not_picked":["champ:TornadoPunch+1"],"picked":"SKIP","floor":140},{"not_picked":[],"picked":"champ:Encircle+1","floor":141},{"not_picked":["champ:PreciseThrust"],"picked":"SKIP","floor":142},{"not_picked":[],"picked":"champ:FlashCut","floor":143},{"not_picked":["champ:ArenaPreparation"],"picked":"SKIP","floor":145},{"not_picked":[],"picked":"champ:Parry+1","floor":146},{"not_picked":["champ:AdrenalArmor"],"picked":"SKIP","floor":147},{"not_picked":[],"picked":"champ:BerserkersShout","floor":151},{"not_picked":[],"picked":"champ:HoldFirm","floor":152},{"not_picked":[],"picked":"champ:RisingSlash+1","floor":154}],"player_experience":126408,"relics_obtained":[{"floor":10.0,"key":"Thread and Needle"},{"floor":13.0,"key":"Gambling Chip"},{"floor":14.0,"key":"Nunchaku"},{"floor":18.0,"key":"Juzu Bracelet"},{"floor":24.0,"key":"Replay:Bandana"},{"floor":27.0,"key":"WingedGreaves"},{"floor":31.0,"key":"Replay:Wax Seal"},{"floor":38.0,"key":"Bag of Preparation"},{"floor":40.0,"key":"ReplayTheSpireMod:Ring of Addiction"},{"floor":40.0,"key":"ReplayTheSpireMod:Ring of Challenge"},{"floor":40.0,"key":"Chameleon Ring"},{"floor":40.0,"key":"White Beast Statue"},{"floor":41.0,"key":"Torii"},{"floor":43.0,"key":"Simple Rune"},{"floor":52.0,"key":"Gremlin Horn"},{"floor":58.0,"key":"Bottled Lightning"},{"floor":82.0,"key":"infinitespire:BottledMercury"},{"floor":91.0,"key":"Boot"},{"floor":149,"key":"Replay:Ringing Soul"}],"event_choices":[{"cards_removed":["champ:LastStand"],"damage_healed":0.0,"max_hp_gain":0.0,"max_hp_loss":0.0,"gold_gain":0.0,"event_name":"Falling","player_choice":"Removed Power","floor":45.0,"gold_loss":0.0,"damage_taken":0.0},{"damage_healed":0.0,"max_hp_gain":0.0,"max_hp_loss":0.0,"gold_gain":0.0,"event_name":"Vampires","player_choice":"Ignored","floor":72.0,"gold_loss":0.0,"damage_taken":0.0},{"damage_healed":0.0,"max_hp_gain":0.0,"max_hp_loss":0.0,"gold_gain":0.0,"event_name":"Accursed Blacksmith","player_choice":"Rummage","floor":99.0,"gold_loss":0.0,"damage_taken":0.0,"relics_obtained":["WarpedTongs"],"cards_obtained":["Pain"]},{"damage_healed":0.0,"max_hp_gain":0.0,"max_hp_loss":0.0,"gold_gain":0.0,"event_name":"Scrap Ooze","player_choice":"Success","floor":116.0,"gold_loss":0.0,"damage_taken":12.0,"relics_obtained":["Vajra"]}],"is_beta":false,"boss_relics":[{"not_picked":["Coffee Dripper","ReplayTheSpireMod:DimensionalGlitch"],"picked":"vexMod:TanglingVine"},{"not_picked":["vexMod:EndlessSickness","Pandora\u0027s Box"],"picked":"vexMod:CursedCompass"},{"not_picked":["Kintsugi","Replay:Bronze Core","Runic Pyramid"]},{"not_picked":["Replay:Ancient Bell","Replay:Grab Bag"],"picked":"Painkiller Herb"},{"not_picked":["Replay:Drink Me","ReplayTheSpireMod:SealedPack"],"picked":"Circlet"},{"not_picked":["Sozu","Calling Bell"],"picked":"Black Star"},{"not_picked":["Kintsugi","champ:ChampionCrownUpgraded"],"picked":"Busted Crown"},{"not_picked":["ChewingGum","ReplayTheSpireMod:SealedPack"],"picked":"SacredBark"},{"not_picked":["Snecko Eye","Empty Cage"],"picked":"infinitespire:Cupcake"}],"items_purged_floors":[],"is_endless":true,"potions_floor_spawned":[10,11,15,19,27,32,33,42,43,46,47,48,49,50,53,56,57,59,61,63,65,66,67,70,71,73,75,76,77,79,80,81,83,84,87,88,89,90,91,92,93,96,100,101,104,105,106,109,110,112,114,117,118,121,126,128,130,131,134,135,138,139,140,141,142,143,145,146,147,151,152,154],"killed_by":"IC_STATUS_ARCHETYPE","ascension_level":0}}