{"host":"9qqzuwmq0ewk38qb","time":1612598905,"event":{"mods":["BaseMod","Downfall","Highlight Path","Marisa????????","Minty Spire (QoL Compilation)","StSLib","The Jungle","The Servant 0.9.4"],"gold_per_floor":[109,184,35,48,48,78,78,96,178,178,203,217,231,247,247,247,247],"floor_reached":16,"language":"ENG","playtime":1066,"items_purged":[],"score":127,"play_id":"5d808298-4555-492c-9534-95e253938105","local_time":"20210206000825","is_ascension_mode":false,"campfire_choices":[{"data":"Collect","floor":7,"key":"SMITH"},{"floor":10,"key":"REST"},{"data":"BowlingBash","floor":15,"key":"SMITH"}],"circlet_count":0,"master_deck":["Strike_P","Strike_P","Strike_P","Strike_P","Defend_P","Defend_P","Defend_P","Defend_P","Eruption","Vigilance","JustLucky","Crescendo","Collect+1","WheelKick","FlyingSleeves","Worship","BowlingBash+1"],"relics":["PureWater","NeowsBlessing","PreservedInsect","Bronze Scales","Mercury Hourglass","Blood Vial"],"acts_visited":["Exordium"],"potions_floor_usage":[16,16,16],"damage_taken":[{"damage":0,"enemies":"Small Slimes","floor":1,"turns":2},{"damage":0,"enemies":"Jaw Worm","floor":4,"turns":1},{"damage":0,"enemies":"Lagavulin","floor":6,"turns":1},{"damage":7,"enemies":"2 Louse","floor":8,"turns":1},{"damage":0,"enemies":"Gremlin Gang","floor":12,"turns":3},{"damage":3,"enemies":"Lots of Slimes","floor":13,"turns":2},{"damage":0,"enemies":"2 Fungi Beasts","floor":14,"turns":2},{"damage":80,"enemies":"The Guardian","floor":16,"turns":6}],"seed_played":"5309042121004871210","potions_obtained":[{"floor":1,"key":"SkillPotion"},{"floor":8,"key":"SpeedPotion"},{"floor":13,"key":"CultistPotion"}],"is_trial":false,"path_per_floor":["M","?","$","M","?","E","R","M","T","R","T","M","M","M","R","B"],"character_chosen":"WATCHER","items_purchased":["PreservedInsect"],"campfire_rested":1,"item_purchase_floors":[3],"current_hp_per_floor":[72,61,61,61,61,61,61,54,54,72,72,72,69,71,71,0,0],"gold":247,"neow_bonus":"THREE_ENEMY_KILL","is_daily":false,"chose_seed":false,"campfire_upgraded":2,"win_rate":0.0,"timestamp":1612598905,"path_taken":["M","?","$","M","?","E","R","M","T","R","?","M","M","M","R","BOSS"],"items_purchased_type":["Relic"],"build_version":"2020-12-22","purchased_purges":0,"victory":false,"max_hp_per_floor":[72,72,72,72,72,72,72,72,72,72,72,72,72,72,72,72,72],"card_choices":[{"not_picked":["Perseverance","ClearTheMind"],"picked":"JustLucky","floor":1},{"not_picked":["Study","EmptyBody"],"picked":"Crescendo","floor":4},{"not_picked":["Halt","FollowUp"],"picked":"Collect","floor":6},{"not_picked":["CrushJoints","Crescendo"],"picked":"WheelKick","floor":8},{"not_picked":["EmptyBody","Omniscience"],"picked":"FlyingSleeves","floor":12},{"not_picked":["Crescendo","EmptyFist"],"picked":"Worship","floor":13},{"not_picked":["Pray","Meditate"],"picked":"BowlingBash","floor":14}],"player_experience":537776,"relics_obtained":[{"floor":6,"key":"Bronze Scales"},{"floor":9,"key":"Mercury Hourglass"},{"floor":11,"key":"Blood Vial"}],"event_choices":[{"damage_healed":0,"gold_gain":75,"player_choice":"Gather Gold","damage_taken":11,"max_hp_gain":0,"max_hp_loss":0,"event_name":"World of Goop","floor":2,"gold_loss":0},{"damage_healed":0,"gold_gain":0,"player_choice":"Ignored","damage_taken":0,"max_hp_gain":0,"max_hp_loss":0,"event_name":"Golden Wing","floor":5,"gold_loss":0}],"is_beta":false,"boss_relics":[],"items_purged_floors":[],"is_endless":false,"potions_floor_spawned":[1,8,13],"killed_by":"The Guardian","ascension_level":0}}