{"host":"ig3ferjl2vi2q99g","time":1612637731,"event":{"mods":["AchievementEnabler","BaseMod","Colored Map","Colored Powertips","Hermit","Minty Spire (QoL Compilation)","Permanent Neow","Quick Restart","SacredBarkPlus","StSLib"],"gold_per_floor":[369,385,385,385,89,122,122,137,160,160,130,160,176,194,194,297,297,315,329,341,351,365,365,399,498,498,518,518,546,5,5,5,102,102,113,130,5,5,22,22,48,48,48,58,108,108,160,86,86,86,86],"floor_reached":50,"language":"ENG","playtime":4150,"items_purged":["Regret","Strike_B","Strike_B"],"score":576,"play_id":"9436ce45-c0ca-4b40-a8f2-829e2a594840","local_time":"20210206195531","is_ascension_mode":true,"campfire_choices":[{"data":"Apotheosis","floor":7.0,"key":"SMITH"},{"floor":10.0,"key":"REST"},{"floor":15.0,"key":"REST"},{"floor":23.0,"key":"RECALL"},{"data":"Go for the Eyes","floor":28.0,"key":"SMITH"},{"floor":32.0,"key":"REST"},{"data":"Genetic Algorithm","floor":40,"key":"SMITH"},{"floor":42,"key":"REST"},{"data":"Zap","floor":49,"key":"PURGE"}],"circlet_count":0,"master_deck":["Strike_B","Strike_B+1","Defend_B","Defend_B","Defend_B","Dualcast","Reprogram","Hologram+1","Apotheosis+1","Beam Cell+1","Reinforced Body","Reprogram","Genetic Algorithm+1","Rebound","All For One","Gash","Hyperbeam","Self Repair+1","Go for the Eyes+1","Beam Cell","Auto Shields","Gash","Conserve Battery","Scrape+1","Hyperbeam+1","Go for the Eyes+1","Auto Shields","Buffer","Steam+1","Reinforced Body+1","Steam+1","Hologram+1"],"relics":["Cracked Core","Prayer Wheel","TungstenRod","Whetstone","Dream Catcher","Nunchaku","Black Star","Bag of Marbles","Bottled Flame","Red Mask","Molten Egg 2","SlaversCollar","Toxic Egg 2","Turnip","Anchor","Peace Pipe","Ice Cream"],"acts_visited":["Exordium","TheCity","TheBeyond"],"potions_floor_usage":[33,35,47,50],"damage_taken":[{"damage":1.0,"enemies":"2 Louse","floor":1.0,"turns":2.0},{"damage":1.0,"enemies":"Jaw Worm","floor":2.0,"turns":4.0},{"damage":48.0,"enemies":"Gremlin Nob","floor":6.0,"turns":6.0},{"damage":0.0,"enemies":"Small Slimes","floor":8.0,"turns":3.0},{"damage":0.0,"enemies":"Lagavulin","floor":12.0,"turns":6.0},{"damage":9.0,"enemies":"3 Louse","floor":13.0,"turns":5.0},{"damage":0.0,"enemies":"Large Slime","floor":14.0,"turns":7.0},{"damage":29.0,"enemies":"Slime Boss","floor":16.0,"turns":11.0},{"damage":1.0,"enemies":"Chosen","floor":18.0,"turns":3.0},{"damage":15.0,"enemies":"Spheric Guardian","floor":19.0,"turns":7.0},{"damage":13.0,"enemies":"Snake Plant","floor":20.0,"turns":5.0},{"damage":10.0,"enemies":"Cultist and Chosen","floor":21.0,"turns":6.0},{"damage":11.0,"enemies":"Shelled Parasite and Fungi","floor":22.0,"turns":10.0},{"damage":27.0,"enemies":"Gremlin Leader","floor":24.0,"turns":7.0},{"damage":0.0,"enemies":"Centurion and Healer","floor":27.0,"turns":4.0},{"damage":23.0,"enemies":"Masked Bandits","floor":29.0,"turns":6.0},{"damage":22,"enemies":"Automaton","floor":33,"turns":9},{"damage":14,"enemies":"3 Darklings","floor":35,"turns":7},{"damage":3,"enemies":"Orb Walker","floor":36,"turns":5},{"damage":19,"enemies":"Transient","floor":39,"turns":5},{"damage":28,"enemies":"Giant Head","floor":41,"turns":9},{"damage":2,"enemies":"4 Shapes","floor":44,"turns":5},{"damage":0,"enemies":"Mind Bloom Boss Battle","floor":45,"turns":5},{"damage":15,"enemies":"2 Orb Walkers","floor":47,"turns":6},{"damage":80,"enemies":"Time Eater","floor":50,"turns":12}],"seed_played":"-5409184390528362187","potions_obtained":[{"floor":1.0,"key":"AttackPotion"},{"floor":6.0,"key":"ColorlessPotion"},{"floor":11.0,"key":"Ancient Potion"},{"floor":11.0,"key":"BlessingOfTheForge"},{"floor":16.0,"key":"FocusPotion"},{"floor":18.0,"key":"Weak Potion"},{"floor":29.0,"key":"Weak Potion"},{"floor":33,"key":"Fire Potion"},{"floor":39,"key":"Block Potion"},{"floor":44,"key":"SneckoOil"}],"is_trial":false,"path_per_floor":["M","M","?","T","$","E","R","M","T","R","?","E","M","M","R","B",null,"M","M","M","M","M","R","E","?","T","M","R","?","$","$","R","B",null,"M","M","$","?","M","R","E","R","T","M","?","?","?","$","R","B"],"character_chosen":"DEFECT","items_purchased":["Apotheosis","Beam Cell","Molten Egg 2","Scrape+1","FairyPotion","Steam+1","Hologram+1"],"campfire_rested":4,"item_purchase_floors":[5,5,30,30,30,48,48],"current_hp_per_floor":[67,66,66,66,66,18,18,18,18,38,38,38,29,29,49,20,68,67,62,59,59,58,58,41,41,41,41,41,28,28,28,48,26,68,64,68,68,68,59,59,41,61,61,59,59,59,54,54,54,0,0],"gold":86,"neow_bonus":"TWO_FIFTY_GOLD","is_daily":false,"chose_seed":false,"campfire_upgraded":3,"win_rate":0.0,"timestamp":1612637731,"path_taken":["M","M","?","?","$","E","R","M","T","R","?","E","M","M","R","BOSS","M","M","?","M","M","R","E","?","T","M","R","?","?","$","R","BOSS","M","M","$","?","M","R","E","R","T","?","?","?","?","?","R","BOSS"],"items_purchased_type":["Card","Card","Relic","Card","Potion","Card","Card"],"build_version":"2020-12-22","purchased_purges":3,"victory":false,"max_hp_per_floor":[68,68,68,68,68,68,68,68,68,68,68,68,68,68,68,68,68,68,68,68,68,68,68,68,68,68,68,68,68,68,68,68,68,68,68,68,68,68,68,68,68,68,68,68,68,68,68,68,68,68,68],"card_choices":[{"not_picked":["Redo","Turbo"],"picked":"Reprogram","floor":1.0},{"not_picked":["Hello World","Multi-Cast"],"picked":"Hologram","floor":2.0},{"not_picked":["Stack","Sweeping Beam"],"picked":"Reinforced Body","floor":6.0},{"not_picked":["Turbo","Redo"],"picked":"Reprogram","floor":8.0},{"not_picked":["Coolheaded","Loop","Compile Driver"],"picked":"SKIP","floor":8.0},{"not_picked":["Hello World","Ball Lightning"],"picked":"Genetic Algorithm","floor":12.0},{"not_picked":["Loop","Consume"],"picked":"Rebound","floor":13.0},{"not_picked":["Cold Snap","Barrage","Leap"],"picked":"SKIP","floor":13.0},{"not_picked":["Gash","Compile Driver"],"picked":"All For One","floor":14.0},{"not_picked":["Recycle","Compile Driver","Heatsinks"],"picked":"SKIP","floor":14.0},{"not_picked":["Turbo","Stack"],"picked":"Gash","floor":15.0},{"not_picked":["Electrodynamics","Fission"],"picked":"Hyperbeam","floor":16.0},{"not_picked":["Barrage","Reprogram"],"picked":"Self Repair+1","floor":18.0},{"not_picked":["Defragment+1","Conserve Battery","Self Repair+1"],"picked":"SKIP","floor":18.0},{"not_picked":["Defragment+1","Conserve Battery","Self Repair+1"],"picked":"SKIP","floor":18.0},{"not_picked":["Stack+1","Compile Driver"],"picked":"Go for the Eyes","floor":19.0},{"not_picked":["Compile Driver+1","Rainbow"],"picked":"Beam Cell","floor":19.0},{"not_picked":["Ball Lightning","Hello World+1"],"picked":"Auto Shields","floor":20.0},{"not_picked":["Sweeping Beam","Barrage+1","Turbo"],"picked":"SKIP","floor":20.0},{"not_picked":["Sunder","Recycle+1","Cold Snap"],"picked":"SKIP","floor":21.0},{"not_picked":["Ball Lightning+1","Compile Driver","Cold Snap"],"picked":"SKIP","floor":21.0},{"not_picked":["Reprogram","Compile Driver"],"picked":"Gash","floor":22.0},{"not_picked":["Sweeping Beam","Leap+1","Turbo"],"picked":"SKIP","floor":22.0},{"not_picked":["Steam Power","Streamline","Barrage"],"picked":"SKIP","floor":24.0},{"not_picked":["Doom and Gloom","Coolheaded"],"picked":"Conserve Battery","floor":27.0},{"not_picked":["Multi-Cast","Beam Cell","Redo"],"picked":"SKIP","floor":27.0},{"not_picked":["Amplify","Multi-Cast"],"picked":"Hyperbeam+1","floor":33},{"not_picked":["Conserve Battery+1","Turbo"],"picked":"Go for the Eyes+1","floor":35},{"not_picked":["Chill","Heatsinks","Fusion"],"picked":"SKIP","floor":35},{"not_picked":["Hologram","Fusion"],"picked":"Auto Shields","floor":36},{"not_picked":["Beam Cell+1","Defragment+1","Rebound+1"],"picked":"SKIP","floor":36},{"not_picked":["Force Field","Conserve Battery+1","Steam Power"],"picked":"SKIP","floor":39},{"not_picked":["Rebound+1","Coolheaded","Go for the Eyes+1"],"picked":"SKIP","floor":39},{"not_picked":["Steam Power+1","Creative AI"],"picked":"Buffer","floor":41},{"not_picked":["Compile Driver+1","Ball Lightning+1"],"picked":"Steam+1","floor":44},{"not_picked":["Glacier+1","Double Energy+1"],"picked":"Reinforced Body+1","floor":44}],"player_experience":322311,"relics_obtained":[{"floor":4.0,"key":"TungstenRod"},{"floor":6.0,"key":"Whetstone"},{"floor":9.0,"key":"Dream Catcher"},{"floor":12.0,"key":"Nunchaku"},{"floor":24.0,"key":"Bag of Marbles"},{"floor":24.0,"key":"Bottled Flame"},{"floor":29.0,"key":"Red Mask"},{"floor":41,"key":"Toxic Egg 2"},{"floor":41,"key":"Turnip"},{"floor":43,"key":"Anchor"},{"floor":45,"key":"Peace Pipe"},{"floor":47,"key":"Ice Cream"}],"event_choices":[{"damage_healed":0.0,"max_hp_gain":0.0,"max_hp_loss":0.0,"gold_gain":0.0,"event_name":"Big Fish","player_choice":"Box","floor":3.0,"gold_loss":0.0,"damage_taken":0.0,"relics_obtained":["Prayer Wheel"],"cards_obtained":["Regret"]},{"damage_healed":0.0,"max_hp_gain":0.0,"max_hp_loss":0.0,"gold_gain":0.0,"event_name":"The Woman in Blue","player_choice":"Bought 2 Potions","floor":11.0,"gold_loss":0.0,"damage_taken":0.0},{"damage_healed":0.0,"max_hp_gain":0.0,"max_hp_loss":0.0,"gold_gain":99.0,"event_name":"Nest","player_choice":"Stole From Cult","floor":25.0,"gold_loss":0.0,"damage_taken":0.0},{"damage_healed":0.0,"max_hp_gain":0.0,"max_hp_loss":0.0,"gold_gain":0.0,"event_name":"Masked Bandits","player_choice":"Fought Bandits","floor":29.0,"gold_loss":0.0,"damage_taken":0.0},{"damage_healed":0,"gold_gain":0,"player_choice":"Forge","damage_taken":0,"max_hp_gain":0,"max_hp_loss":0,"event_name":"Accursed Blacksmith","floor":38,"gold_loss":0,"cards_upgraded":["Hologram"]},{"damage_healed":0,"gold_gain":0,"player_choice":"Fight","damage_taken":0,"max_hp_gain":0,"max_hp_loss":0,"event_name":"MindBloom","floor":45,"gold_loss":0},{"cards_removed":["Defend_B"],"damage_healed":0,"gold_gain":0,"player_choice":"Removed Skill","damage_taken":0,"max_hp_gain":0,"max_hp_loss":0,"event_name":"Falling","floor":46,"gold_loss":0},{"damage_healed":0,"gold_gain":0,"player_choice":"Fight","damage_taken":0,"max_hp_gain":0,"max_hp_loss":0,"event_name":"Mysterious Sphere","floor":47,"gold_loss":0}],"is_beta":false,"boss_relics":[{"not_picked":["Snecko Eye","Tiny House"],"picked":"Black Star"},{"not_picked":["Velvet Choker","Runic Dome"],"picked":"SlaversCollar"}],"items_purged_floors":[5,30,37],"is_endless":false,"potions_floor_spawned":[1,6,12,16,18,21,29,33,39,44,45,47],"killed_by":"Time Eater","ascension_level":1}}