{"host":"liwj66r6jjqhm4vi","time":1612644579,"event":{"mods":["BaseMod","Colored Map","Downfall","Minty Spire (QoL Compilation)","Replay The Spire","StSLib"],"gold_per_floor":[99,113,113,19,119,119,119,119,119,119,119],"floor_reached":9,"language":"ENG","playtime":671,"items_purged":[],"score":47,"play_id":"9f25098c-6d5a-42d1-a7c7-58b51dcaf996","local_time":"20210206154939","is_ascension_mode":false,"campfire_choices":[{"data":"champ:Taunt","floor":1,"key":"SMITH"},{"data":"champ:GladiatorForm","floor":6,"key":"SMITH"},{"data":"champ:Encircle","floor":8,"key":"SMITH"}],"circlet_count":0,"master_deck":["champ:Strike","champ:Strike","champ:Defend","champ:Defend","champ:Execute","champ:Taunt+1","champ:FocusedBerserking","champ:CalledShot","champ:RecklessLeap","champ:Encircle+1","champ:Improvising+1","champ:GladiatorForm+1","champ:Endure"],"relics":["champ:ChampionCrown","Replay:Kaleidoscope"],"acts_visited":["Exordium"],"potions_floor_usage":[9],"damage_taken":[{"damage":35,"enemies":"Jaw Worm","floor":2,"turns":4},{"damage":45,"enemies":"downfall:FleeingMerchant","floor":4,"turns":4},{"damage":59,"enemies":"downfall:Heads","floor":5,"turns":6},{"damage":43,"enemies":"3 Sentries","floor":9,"turns":6}],"seed_played":"3718652911814222955","potions_obtained":[{"floor":3,"key":"LiquidBronze"},{"floor":3,"key":"Cursed Concoction"},{"floor":3,"key":"EssenceOfSteel"}],"is_trial":false,"path_per_floor":["R","M","?","$","?","R","T","R","E"],"character_chosen":"THE_CHAMP","items_purchased":["champ:Improvising"],"campfire_rested":0,"item_purchase_floors":[4],"current_hp_per_floor":[81,76,76,76,42,42,42,42,0,0,0],"gold":119,"neow_bonus":"TRANSFORM_TWO_CARDS","is_daily":false,"chose_seed":false,"campfire_upgraded":3,"win_rate":0.0,"timestamp":1612644579,"path_taken":["R","M","?","?","?","R","T","R","E"],"items_purchased_type":["Card"],"build_version":"2020-12-22","purchased_purges":0,"victory":false,"max_hp_per_floor":[81,81,81,81,81,81,81,81,81,81,81],"card_choices":[{"not_picked":["champ:BringItOn","champ:BladeFlurry"],"picked":"champ:RecklessLeap","floor":2},{"not_picked":["champ:SetATrap","champ:Backstep"],"picked":"champ:Encircle","floor":4},{"not_picked":["champ:Duel","champ:GutPunch"],"picked":"champ:Endure","floor":5}],"player_experience":178235,"relics_obtained":[{"floor":7,"key":"Replay:Kaleidoscope"}],"event_choices":[{"damage_healed":0,"gold_gain":0,"player_choice":"Got Potions","damage_taken":0,"max_hp_gain":0,"max_hp_loss":0,"event_name":"Lab","floor":3,"gold_loss":0}],"is_beta":false,"boss_relics":[],"items_purged_floors":[],"is_endless":false,"potions_floor_spawned":[],"killed_by":"3 Sentries","ascension_level":0}}