{"host":"sq533724ysd7e9og","time":1612597721,"event":{"mods":["AchievementEnabler","Act Like it!","Aspiration","Astrologer","BaseMod","Better Note","Better Third Choice","CapriCore","Colored Map","Conspire","Custom Start","Dio Mod","Dota2Spire","Friendly Minions","Gensokyo","Halation","Hermit","HololiveMod","Hubris","Infinite Spire","Koishi","KomeijiMod","LagranYue(?????)","Lobotomy","LobotomyExtend","Mad Scientist","Marisa????????","Minty Spire (QoL Compilation)","MostiFishMod","Replay The Spire","SOS???????","Shade Mod","Small Relic Pack","StSLib","The Administrix","The Animator","The Cursed","The Forsaken","The Gatherer","The Kombatant","The Servant 0.9.4","The Wild Card","Waifu the Spire","Yakumo Yukari mod","Yohane!","Yuyuko","??????REMEMod"],"gold_per_floor":[10,10,10,10,10,35,45,45,45,45,64,78,78,92,92,190,190,190,210,71,86,96,96,129,129,129,148,148,164,164,164,164,164,164],"floor_reached":33,"language":"ENG","playtime":2082,"items_purged":[],"score":315,"play_id":"77f26b38-33e3-450e-9cef-3a66be014488","local_time":"25640206144841","is_ascension_mode":false,"campfire_choices":[{"data":"Koishi:PerfectMindControl","floor":8,"key":"SMITH"},{"data":"Yohane:Livestream_Donation","floor":10,"key":"SMITH"},{"floor":15,"key":"REST"},{"floor":23,"key":"RECALL"},{"floor":32,"key":"REST"}],"circlet_count":0,"master_deck":["Yohane:Strike_Grey","Yohane:Strike_Grey","Yohane:Strike_Grey","Yohane:Defend_Grey","Yohane:Defend_Grey","Yohane:Defend_Grey","Yohane:Little_Demon_Lily","Yohane:Well_Laid_Ambush","Koishi:PerfectMindControl+1","Yohane:My_Mai_Tonight","Yohane:Energy_Change","Yohane:Sloth","Yohane:Envious","Yohane:Unstable_World","REME_HeartOfCthun","REME_TwoStrings","Yohane:Livestream_Donation+1","Yohane:Grand_Entrance","Yohane:Adept_Technology","Yohane:Dark_Rest","Grand Finale","Venomology","Well Laid Plans","Yohane:Kowareyasuki","Yohane:Energetic_Performance","Yohane:Little_Demon_Recruit+1","Yohane:Livestream_Donation","Yohane:Ice_Cream_Assault","Yohane:Impressive_Display+1","Yohane:Dark_Shield","Yohane:Dark_Shield+1","Carnage","Yohane:Adept_Technology","Yohane:Hell_Zone","Yohane:Allure_of_Darkness","Yohane:Dark_Shield","Yohane:Grace_Under_Fire","REME_Flogging","REME_ShortnessOfBreath"],"relics":["Yohane:AngelWings","DaveBox","REME_ComplimentaryCards","LagranYue:RandomDrawCardRelic","halation:VictoryRuler","DiscerningMonocle","SynthV:TestCard","LetterFromLob","Ring of Fury","Ring of Peace","Dota2Spire:PhaseBoots","REME_IWantAll","Membership Card","Vajra","hubris:BottledRain","conspire:RoyalGoblet","BirthdayGift-Tetrahedron","halation:BottledLove","Gensokyo:ChorusOfJoy","Pocketwatch","Lantern","Ying"],"acts_visited":["Gensokyo:Gensokyo","Gensokyo:Gensokyoer"],"potions_floor_usage":[6,14,16,16,16,29,29,33,33],"damage_taken":[{"damage":10.0,"enemies":"Gensokyo:2_Kodama","floor":1.0,"turns":5.0},{"damage":26,"enemies":"Gensokyo:Aya","floor":6,"turns":6},{"damage":0,"enemies":"Gensokyo:Python","floor":7,"turns":3},{"damage":0,"enemies":"Gensokyo:Gryphon","floor":11,"turns":2},{"damage":0,"enemies":"Gensokyo:Kitsune","floor":12,"turns":2},{"damage":0,"enemies":"Gensokyo:2_Rabbits","floor":14,"turns":1},{"damage":43,"enemies":"Gensokyo:Yukari","floor":16,"turns":11},{"damage":12,"enemies":"Gensokyo:AngelMirror","floor":19,"turns":5},{"damage":3,"enemies":"Gensokyo:3_Dogs","floor":21,"turns":2},{"damage":2,"enemies":"Gensokyo:Chomper_and_Gloop","floor":22,"turns":3},{"damage":7,"enemies":"Gensokyo:Koishi","floor":24,"turns":5},{"damage":22,"enemies":"Gensokyo:Swordslinger","floor":27,"turns":3},{"damage":17,"enemies":"Gensokyo:Slime_Group","floor":29,"turns":3},{"damage":37,"enemies":"Gensokyo:Kaguya","floor":33,"turns":5}],"seed_played":"-2971018302806987051","potions_obtained":[{"floor":1.0,"key":"ColorlessPotion"},{"floor":11,"key":"Explosive Potion"},{"floor":12,"key":"Elixir"},{"floor":14,"key":"Reflective Coating"},{"floor":21,"key":"LiquidBronze"},{"floor":27,"key":"SpeedPotion"}],"is_trial":false,"path_per_floor":["M","COS","?","?","$","E","M","R","T","R","M","M","?","M","R","B",null,"M","M","COS","M","M","R","E","?","T","M","?","M","?","$","R","B"],"character_chosen":"FallenAngel","items_purchased":["Dota2Spire:PhaseBoots","REME_IWantAll","Membership Card","Yohane:Grace_Under_Fire","Yohane:Energy_Change","Yohane:Sloth","Yohane:Envious","Yohane:Unstable_World","REME_HeartOfCthun","REME_TwoStrings","Adrenaline Potion","ColorlessPotion","Yohane:Adept_Technology","Yohane:Hell_Zone","Yohane:Allure_of_Darkness","Yohane:Dark_Shield","Yohane:Grace_Under_Fire","REME_Flogging","Pocketwatch","Lantern","Ying","REME_ShortnessOfBreath","Fire Potion","Dota2Spire:HealingSalve","Reflective Coating"],"campfire_rested":2,"item_purchase_floors":[5,5,5,5,5,5,5,5,5,5,5,5,31,31,31,31,31,31,31,31,31,31,31,31,31],"current_hp_per_floor":[50,50,50,60,60,34,34,34,34,34,34,34,34,34,52,17,60,60,48,48,55,53,53,46,46,46,24,24,7,7,7,25,0,0],"gold":164,"neow_bonus":"ONE_RARE_RELIC","is_daily":false,"chose_seed":false,"campfire_upgraded":2,"win_rate":0.0,"timestamp":1612597721,"path_taken":["M","COS","?","?","$","E","M","R","T","R","M","M","?","?","R","BOSS","M","M","COS","M","M","R","E","?","T","M","?","M","?","$","R","BOSS"],"items_purchased_type":["Relic","Relic","Relic","Card","Card","Card","Card","Card","Card","Card","Potion","Potion","Card","Card","Card","Card","Card","Card","Relic","Card","Relic","Card","Potion","Potion","Potion"],"build_version":"2020-12-22","purchased_purges":0,"victory":false,"max_hp_per_floor":[60,60,60,60,60,60,60,60,60,60,60,60,60,60,60,60,60,60,60,60,60,60,60,60,60,60,60,60,60,60,60,60,60,60],"card_choices":[{"not_picked":["Yohane:Inspiration","Yohane:Lailapse"],"picked":"Yohane:My_Mai_Tonight","floor":1.0},{"not_picked":["Yohane:Misfortune","Yohane:Awaken_The_Power","Yohane:Perfection","Yohane:Modore"],"picked":"Yohane:Livestream_Donation","floor":6},{"not_picked":["Yohane:Livestream_Donation","Yohane:Inspiration","Yohane:Envious","Yohane:Little_Demon_Support"],"picked":"Yohane:Grand_Entrance","floor":7},{"not_picked":["Yohane:Witch_Trick","Yohane:Runaway_Umbrella","Yohane:Miracle_Wave","Yohane:Kowareyasuki"],"picked":"Yohane:Adept_Technology","floor":11},{"not_picked":["Yohane:Ice_Cream_Assault","Yohane:Backfoot","Yohane:Miracle_Wave","Yohane:Scorn"],"picked":"Yohane:Dark_Rest","floor":12},{"not_picked":["Yohane:Little_Demon_Support","Yohane:Angel_Tears","Yohane:Yousoro","Yohane:Wrath"],"picked":"Yohane:Kowareyasuki","floor":14},{"not_picked":["Yohane:Awaken_The_Power","Yohane:Shadow_Gate","Yohane:Take_Flight","Yohane:Stealth_Mode"],"picked":"Yohane:Energetic_Performance","floor":16},{"not_picked":["Yohane:Miracle_Wave","Yohane:Impressive_Display","Yohane:Debut","Yohane:Kowareyasuki"],"picked":"Yohane:Little_Demon_Recruit+1","floor":19},{"not_picked":["Yohane:Lailapse","Yohane:Sloth","Yohane:Guilty_Kiss","Yohane:Backfoot"],"picked":"Yohane:Livestream_Donation","floor":21},{"not_picked":["Yohane:Lailapse","Yohane:Livestream_Donation","Yohane:Energy_Change","Yohane:Dark_Rest"],"picked":"Yohane:Ice_Cream_Assault","floor":22},{"not_picked":["Yohane:Hakodate","Yohane:Angel_Tears","Yohane:Kowareyasuki","Yohane:City_Of_Sin"],"picked":"Yohane:Impressive_Display+1","floor":24},{"not_picked":["Yohane:Gluttony","Yohane:Adept_Technology","Yohane:Backfoot","Yohane:Lailapse"],"picked":"Yohane:Dark_Shield","floor":27},{"not_picked":["Yohane:Dark_Rest","Yohane:Excitement","Yohane:Livestream_Donation","Yohane:Envious"],"picked":"Yohane:Dark_Shield+1","floor":29}],"player_experience":160895,"relics_obtained":[{"floor":1.0,"key":"SynthV:TestCard"},{"floor":1.0,"key":"LetterFromLob"},{"floor":3.0,"key":"Ring of Fury"},{"floor":3.0,"key":"Ring of Peace"},{"floor":6,"key":"Vajra"},{"floor":9,"key":"hubris:BottledRain"},{"floor":24,"key":"halation:BottledLove"}],"event_choices":[],"is_beta":false,"boss_relics":[{"not_picked":["NightmareShop","Hololive_Finger"],"picked":"conspire:RoyalGoblet"}],"items_purged_floors":[],"is_endless":false,"potions_floor_spawned":[1,11,12,14,21,27],"killed_by":"Gensokyo:Kaguya","ascension_level":0}}