{"host":"2m6tiise24ys9klz","time":1612604578,"event":{"mods":["BaseMod","Better Third Choice","Colored Map","Downfall","Highlight Path","Minty Spire (QoL Compilation)","StSLib"],"gold_per_floor":[99,99,99,99,17,30,30,60,77,77,108,108,8,22,38,137,137,137,152,169,169,169,169,169,189,89,89,116,116,146,146,165,260,260,260,273,25,75,175,175,175,75,109,125,137,185,185,185,185],"floor_reached":47,"language":"ENG","playtime":2991,"items_purged":["downfall:Bewildered"],"score":617,"play_id":"6209a652-2d79-4d3a-aebf-75672e294187","local_time":"20210206014258","is_ascension_mode":false,"campfire_choices":[{"data":"champ:Taunt","floor":1.0,"key":"SMITH"},{"floor":13.0,"key":"REST"},{"floor":18.0,"key":"RECALL"},{"floor":26.0,"key":"REST"},{"data":"1","floor":35.0,"key":"LIFT"},{"floor":40.0,"key":"REST"},{"floor":42.0,"key":"REST"}],"circlet_count":0,"master_deck":["champ:Strike","champ:Strike","champ:Strike","champ:Defend","champ:Defend","champ:Defend","champ:Defend","champ:Execute","champ:Taunt+1","champ:BringItOn","champ:StanceDance","champ:Haymaker","champ:SwordThrow","champ:IronFortress","champ:ShieldWall","champ:Parry","champ:IronFortress","Offering","champ:TornadoPunch","champ:GutPunch","champ:Devastate","champ:Backstep","champ:Parry+1","Writhe","Slimebound:CheckThePlaybook","champ:FocusedBerserking+1","champ:StanceDance+1","champ:StanceDance+1","Doubt","champ:StrikeOfGenius","Normality","champ:StrikeOfGenius","champ:TripleStrike","champ:PerfectedStrike+1","champ:DefensiveShout+1","champ:UltimateStance+1","champ:FalseCounter+1","downfall:Malfunctioning","downfall:Bewildered","champ:Lariat+1","champ:FocusedDefense+1","champ:PreciseThrust+1"],"relics":["champ:ChampionCrown","downfall:HeartsMalice","Juzu Bracelet","Girya","TungstenRod","Turnip","Strawberry","downfall:HeartBlessingGreen","Fusion Hammer","sneckomod:BabySnecko","StrikeDummy","Toxic Egg 2","downfall:HeartBlessingRed","Blue Candle","Red Mask","downfall:ExtraCursedKey","Black Star","FossilizedHelix","downfall:HeartBlessingBlue","Molten Egg 2","Orichalcum","champ:GladiatorsBookOfMartialProwess"],"acts_visited":["Exordium","TheCity","TheBeyond"],"potions_floor_usage":[45,47],"damage_taken":[{"damage":0.0,"enemies":"Jaw Worm","floor":2.0,"turns":1.0},{"damage":0.0,"enemies":"2 Louse","floor":3.0,"turns":1.0},{"damage":0.0,"enemies":"Cultist","floor":4.0,"turns":1.0},{"damage":10.0,"enemies":"downfall:FleeingMerchant","floor":5.0,"turns":4.0},{"damage":12.0,"enemies":"Blue Slaver","floor":6.0,"turns":4.0},{"damage":7.0,"enemies":"Large Slime","floor":9.0,"turns":8.0},{"damage":41.0,"enemies":"3 Sentries","floor":11.0,"turns":9.0},{"damage":0.0,"enemies":"3 Louse","floor":14.0,"turns":2.0},{"damage":9.0,"enemies":"Lots of Slimes","floor":15.0,"turns":3.0},{"damage":72.0,"enemies":"DF_ARCHETYPE_STREAMLINE","floor":16.0,"turns":8.0},{"damage":6.0,"enemies":"Shell Parasite","floor":19.0,"turns":4.0},{"damage":0.0,"enemies":"Spheric Guardian","floor":20.0,"turns":5.0},{"damage":15.0,"enemies":"Snake Plant","floor":25.0,"turns":4.0},{"damage":30.0,"enemies":"Slavers","floor":28.0,"turns":4.0},{"damage":15.0,"enemies":"Masked Bandits","floor":30.0,"turns":4.0},{"damage":17.0,"enemies":"Centurion and Healer","floor":32.0,"turns":3.0},{"damage":33.0,"enemies":"IC_MUSHROOM_ARCHETYPE","floor":33.0,"turns":7.0},{"damage":5.0,"enemies":"3 Darklings","floor":36.0,"turns":4.0},{"damage":34.0,"enemies":"downfall:FleeingMerchant","floor":37.0,"turns":4.0},{"damage":80.0,"enemies":"downfall:FleeingMerchant","floor":38.0,"turns":6.0},{"damage":85.0,"enemies":"Reptomancer","floor":43.0,"turns":5.0},{"damage":0.0,"enemies":"Orb Walker","floor":44.0,"turns":2.0},{"damage":29,"enemies":"Maw","floor":45,"turns":4},{"damage":27,"enemies":"2 Orb Walkers","floor":46,"turns":5},{"damage":38,"enemies":"Nemesis","floor":47,"turns":3}],"seed_played":"-6737306005499771509","potions_obtained":[{"floor":6.0,"key":"FearPotion"},{"floor":11.0,"key":"bronze:BurnAndBuffPotion"},{"floor":14.0,"key":"Explosive Potion"},{"floor":16.0,"key":"Dexterity Potion"},{"floor":19.0,"key":"Explosive Potion"},{"floor":25.0,"key":"Fire Potion"},{"floor":33.0,"key":"Fire Potion"},{"floor":38.0,"key":"SteroidPotion"},{"floor":44.0,"key":"AttackPotion"},{"floor":45,"key":"Strength Potion"},{"floor":46,"key":"DistilledChaos"}],"is_trial":false,"path_per_floor":["R","M","M","M","$","M","T","?","M","?","E","?","R","M","M","B",null,"R","M","M","?","?","?","T","M","R","?","E","?","?","?","M","B",null,"R","M","$","?","?","R","T","R","E","M","M","?","E"],"character_chosen":"THE_CHAMP","items_purchased":["champ:IronFortress","champ:UltimateStance+1"],"campfire_rested":4,"item_purchase_floors":[5,37],"current_hp_per_floor":[90,90,90,90,90,88,88,88,81,81,50,42,71,71,72,10,97,97,91,91,91,91,59,59,44,73,73,58,54,44,49,37,24,102,102,97,93,43,43,73,73,112,42,42,53,36,0,0,0],"gold":185,"neow_bonus":"THREE_ENEMY_KILL","is_daily":false,"chose_seed":false,"campfire_upgraded":1,"win_rate":0.0,"timestamp":1612604578,"path_taken":["R","M","M","M","$","M","T","?","M","?","E","?","R","M","M","BOSS","R","M","M","?","?","?","T","M","R","?","E","?","?","?","M","BOSS","R","M","$","?","?","R","T","R","E","M","M","?","E"],"items_purchased_type":["Card","Card"],"build_version":"2020-12-22","purchased_purges":1,"victory":false,"max_hp_per_floor":[90,90,90,90,90,90,90,90,90,90,90,97,97,97,97,97,97,97,97,97,97,97,97,97,97,97,97,97,97,97,102,102,102,102,102,102,102,102,102,102,102,112,112,112,112,112,112,112,112],"card_choices":[{"not_picked":["champ:AdrenalArmor","champ:PerfectedStrike"],"picked":"champ:BringItOn","floor":2.0},{"not_picked":["champ:BerserkersShout","champ:BladeFlurry"],"picked":"champ:StanceDance","floor":3.0},{"not_picked":["champ:BringItOn","champ:GutPunch"],"picked":"champ:Haymaker","floor":4.0},{"not_picked":["champ:FancyFootwork","champ:Shatter"],"picked":"champ:SwordThrow","floor":5.0},{"not_picked":["champ:Parry","champ:Encircle"],"picked":"champ:ShieldWall","floor":6.0},{"not_picked":["champ:GutPunch","champ:AdrenalArmor"],"picked":"champ:Parry","floor":9.0},{"not_picked":["champ:AdrenalArmor","champ:FaceSlap"],"picked":"champ:IronFortress","floor":11.0},{"not_picked":["champ:Lariat","champ:FaceSlap"],"picked":"champ:TornadoPunch","floor":14.0},{"not_picked":["champ:TornadoPunch","champ:Shatter"],"picked":"champ:GutPunch","floor":15.0},{"not_picked":["champ:HeavySlash","champ:VampiricStrike"],"picked":"champ:Devastate","floor":16.0},{"not_picked":["champ:ShieldSlam","champ:BringItOn"],"picked":"champ:Backstep","floor":19.0},{"not_picked":["champ:BladeFlurry","champ:Lariat"],"picked":"champ:Parry+1","floor":20.0},{"not_picked":["champ:Shatter+1","champ:BerserkersShout+1"],"picked":"champ:FocusedBerserking+1","floor":25.0},{"not_picked":["champ:HeartStrike","champ:FaceSlap"],"picked":"champ:StanceDance+1","floor":28.0},{"not_picked":["champ:TornadoPunch","champ:FanOfKnives"],"picked":"champ:StanceDance+1","floor":30.0},{"not_picked":["champ:StanceDance+1","champ:PerfectedStrike"],"picked":"champ:StrikeOfGenius","floor":32.0},{"not_picked":["champ:Devastate","champ:HeavySlash"],"picked":"champ:TripleStrike","floor":33.0},{"not_picked":["champ:EnragedBash+1","champ:AdrenalArmor+1"],"picked":"champ:PerfectedStrike+1","floor":36.0},{"not_picked":["champ:BladeFlurry+1","champ:EndlessRage+1"],"picked":"champ:DefensiveShout+1","floor":37.0},{"not_picked":["champ:FlashCut","champ:BerserkersShout+1"],"picked":"champ:FalseCounter+1","floor":38.0},{"not_picked":["champ:DefensiveShout+1","champ:BringItOn+1"],"picked":"champ:Lariat+1","floor":43.0},{"not_picked":["champ:GutPunch+1","champ:ShieldSlam+1","champ:PreemptiveStrike+1"],"picked":"SKIP","floor":44.0},{"not_picked":["champ:PerfectedStrike+1","champ:AdrenalArmor+1"],"picked":"champ:FocusedDefense+1","floor":45},{"not_picked":["champ:ShieldSlam+1","champ:PreemptiveStrike+1"],"picked":"champ:PreciseThrust+1","floor":46}],"player_experience":812611,"relics_obtained":[{"floor":7.0,"key":"Juzu Bracelet"},{"floor":11.0,"key":"TungstenRod"},{"floor":24.0,"key":"Toxic Egg 2"},{"floor":28.0,"key":"Blue Candle"},{"floor":30.0,"key":"Red Mask"},{"floor":38.0,"key":"FossilizedHelix"},{"floor":43.0,"key":"Molten Egg 2"},{"floor":43.0,"key":"Orichalcum"},{"floor":46,"key":"champ:GladiatorsBookOfMartialProwess"}],"event_choices":[{"damage_healed":0.0,"max_hp_gain":0.0,"max_hp_loss":0.0,"gold_gain":1.0,"event_name":"betterThird:BetterScrap","player_choice":"Relic Relic Card ","floor":12.0,"gold_loss":0.0,"damage_taken":21.0,"cards_obtained":["Offering","Hyperbeam"]},{"damage_healed":0.0,"max_hp_gain":0.0,"max_hp_loss":0.0,"gold_gain":0.0,"event_name":"Vampires","player_choice":"Ignored","floor":27.0,"gold_loss":0.0,"damage_taken":0.0},{"damage_healed":0.0,"max_hp_gain":0.0,"max_hp_loss":0.0,"gold_gain":0.0,"event_name":"Masked Bandits","player_choice":"Fought Bandits","floor":30.0,"gold_loss":0.0,"damage_taken":0.0},{"damage_healed":0,"gold_gain":0,"player_choice":"Fight","damage_taken":0,"max_hp_gain":0,"max_hp_loss":0,"event_name":"Mysterious Sphere","floor":46,"gold_loss":0}],"is_beta":false,"boss_relics":[{"not_picked":["Calling Bell","expansioncontent:StudyCardRelic"],"picked":"Fusion Hammer"},{"not_picked":["Pandora\u0027s Box","Velvet Choker"],"picked":"Black Star"}],"items_purged_floors":[37],"is_endless":false,"potions_floor_spawned":[6,11,14,16,19,20,25,33,38,44,45,46],"killed_by":"Nemesis","ascension_level":0}}