{"host":"i2ntsfwoh5q5m216","time":1612578220,"event":{"mods":["BaseMod","Colored Map","Downfall","Minty Spire (QoL Compilation)","StSLib"],"gold_per_floor":[99,99,99,99,109,137,137,152,180,26,26,46,46,71,83,183,183,83,99,99,109,125,125,173,6,6,6,21,39,39,39,55,155,155,155,165,215,228,240,252,252,271,271,271,271,271],"floor_reached":44,"language":"ENG","playtime":1971,"items_purged":["downfall:Bewildered"],"score":480,"play_id":"60e47882-c577-42a0-935a-4367c8bfc1e8","local_time":"20210205202340","is_ascension_mode":false,"campfire_choices":[{"floor":1,"key":"RECALL"},{"floor":11,"key":"REST"},{"data":"bronze:ItsAFeature","floor":13,"key":"SMITH"},{"data":"bronze:Replicate","floor":18,"key":"SMITH"},{"data":"bronze:Break","floor":23,"key":"SMITH"},{"data":"bronze:Repulsor","floor":26,"key":"SMITH"},{"data":"bronze:Flail","floor":30,"key":"SMITH"},{"data":"bronze:ShipIt","floor":35,"key":"SMITH"}],"circlet_count":0,"master_deck":["bronze:Defend","bronze:Defend","bronze:Defend","bronze:Defend","bronze:Replicate+1","bronze:Goto","bronze:WildBeam","bronze:Optimize","bronze:Flail+1","bronze:Boost+1","bronze:ItsAFeature+1","bronze:Shield+1","bronze:WhirlingStrike","bronze:GetLatest+1","bronze:AlphaBuild","bronze:BronzeArmor+1","bronze:BronzeOrb","bronze:GetLatest+1","bronze:Break+1","bronze:OilSpill+1","bronze:MaxOutput+1","bronze:Frontload+1","bronze:Repulsor+1","Slimebound:Tackle+1","Slimebound:Tackle+1","Slimebound:Tackle+1","bronze:Assembly+1","bronze:ItsAFeature","bronze:ShipIt+1","bronze:CutThrough+1","bronze:Return+1","bronze:Goto+1"],"relics":["bronze:BronzeCore","downfall:HeartsMalice","Happy Flower","Toxic Egg 2","bronze:ProtectiveGoggles","Bag of Preparation","Cursed Key","downfall:HeartBlessingRed","Anchor","bronze:MakeshiftBattery","Gambling Chip","Question Card"],"acts_visited":["Exordium","TheCity","TheBeyond"],"potions_floor_usage":[9,16,21,25,29,33,40],"damage_taken":[{"damage":0,"enemies":"Cultist","floor":2,"turns":1},{"damage":0,"enemies":"2 Louse","floor":3,"turns":1},{"damage":0,"enemies":"Small Slimes","floor":4,"turns":1},{"damage":0,"enemies":"2 Fungi Beasts","floor":5,"turns":2},{"damage":26,"enemies":"Lagavulin","floor":6,"turns":5},{"damage":8,"enemies":"Blue Slaver","floor":8,"turns":3},{"damage":8,"enemies":"Gremlin Nob","floor":9,"turns":5},{"damage":0,"enemies":"downfall:FleeingMerchant","floor":10,"turns":4},{"damage":2,"enemies":"Exordium Wildlife","floor":12,"turns":4},{"damage":20,"enemies":"Lagavulin","floor":14,"turns":5},{"damage":0,"enemies":"Lots of Slimes","floor":15,"turns":1},{"damage":0,"enemies":"WA_ARCHETYPE_RETAIN","floor":16,"turns":6},{"damage":0,"enemies":"Chosen","floor":19,"turns":4},{"damage":6,"enemies":"Centurion and Healer","floor":21,"turns":3},{"damage":2,"enemies":"3 Cultists","floor":22,"turns":3},{"damage":0,"enemies":"downfall:FleeingMerchant","floor":25,"turns":4},{"damage":0,"enemies":"Snecko","floor":28,"turns":3},{"damage":1,"enemies":"Snake Plant","floor":29,"turns":4},{"damage":0,"enemies":"3 Cultists","floor":32,"turns":2},{"damage":21,"enemies":"SI_MIRROR_ARCHETYPE","floor":33,"turns":7},{"damage":0,"enemies":"Orb Walker","floor":36,"turns":2},{"damage":0,"enemies":"Orb Walker","floor":37,"turns":4},{"damage":1,"enemies":"3 Shapes","floor":38,"turns":4},{"damage":31,"enemies":"Transient","floor":39,"turns":5},{"damage":14,"enemies":"4 Shapes","floor":40,"turns":5},{"damage":0,"enemies":"Spire Growth","floor":42,"turns":3},{"damage":41,"enemies":"Writhing Mass","floor":44,"turns":3}],"seed_played":"-8436502291664648760","potions_obtained":[{"floor":6,"key":"Block Potion"},{"floor":8,"key":"LiquidBronze"},{"floor":9,"key":"DistilledChaos"},{"floor":12,"key":"bronze:FreeFunctionsPotion"},{"floor":16,"key":"Strength Potion"},{"floor":22,"key":"Weak Potion"},{"floor":28,"key":"Block Potion"},{"floor":29,"key":"SpeedPotion"},{"floor":36,"key":"Regen Potion"},{"floor":42,"key":"DuplicationPotion"}],"is_trial":false,"path_per_floor":["R","M","M","M","M","E","T","M","E","$","R","M","R","E","M","B",null,"R","M","?","M","M","R","T","$","R","?","M","M","R","?","M","B",null,"R","M","?","M","M","M","T","M","?","M"],"character_chosen":"THE_AUTOMATON","items_purchased":["bronze:AlphaBuild","bronze:Repulsor"],"campfire_rested":1,"item_purchase_floors":[10,25],"current_hp_per_floor":[70,70,70,70,70,44,44,36,28,28,49,47,47,27,27,27,70,70,70,70,64,62,62,62,62,62,62,62,61,61,61,61,40,70,70,70,70,69,38,36,36,36,36,0,0,0],"gold":271,"neow_bonus":"THREE_ENEMY_KILL","is_daily":false,"chose_seed":false,"campfire_upgraded":6,"win_rate":0.0,"timestamp":1612578220,"path_taken":["R","M","M","M","M","E","T","M","E","?","R","M","R","E","M","BOSS","R","M","?","M","M","R","T","?","R","?","M","M","R","?","M","BOSS","R","M","?","M","M","M","T","M","?","M"],"items_purchased_type":["Card","Card"],"build_version":"2020-12-22","purchased_purges":1,"victory":false,"max_hp_per_floor":[70,70,70,70,70,70,70,70,70,70,70,70,70,70,70,70,70,70,70,70,70,70,70,70,70,70,70,70,70,70,70,70,70,70,70,70,70,70,70,70,70,70,70,70,70,70],"card_choices":[{"not_picked":["bronze:Turbo","bronze:Shield"],"picked":"bronze:WildBeam","floor":2},{"not_picked":["bronze:ForLoop","bronze:NullPointer"],"picked":"bronze:Optimize","floor":3},{"not_picked":["bronze:DarkDash","bronze:Shell"],"picked":"bronze:Flail","floor":4},{"not_picked":["bronze:BuggyMess","bronze:WhirlingStrike"],"picked":"bronze:Boost","floor":5},{"not_picked":["bronze:CleanCode","bronze:FollowUp"],"picked":"bronze:ItsAFeature","floor":6},{"not_picked":["bronze:Iterate","bronze:NullPointer"],"picked":"bronze:Shield+1","floor":8},{"not_picked":["bronze:Flail","bronze:Overheat","bronze:WhirlingStrike"],"picked":"SKIP","floor":9},{"not_picked":["bronze:Flail","bronze:Overheat"],"picked":"bronze:WhirlingStrike","floor":9},{"not_picked":["bronze:DigitalCarnage","bronze:DelayedSlice"],"picked":"bronze:GetLatest+1","floor":10},{"not_picked":["bronze:Iterate","bronze:ChildClass+1"],"picked":"bronze:BronzeArmor+1","floor":12},{"not_picked":["bronze:Deprecate+1","bronze:CutThrough"],"picked":"bronze:BronzeOrb","floor":14},{"not_picked":["bronze:DelayedSlice","bronze:BugBarrage"],"picked":"bronze:GetLatest+1","floor":15},{"not_picked":["bronze:HardenedForm","bronze:ThunderWave"],"picked":"bronze:Break","floor":16},{"not_picked":["bronze:BugBarrage","bronze:Optimize"],"picked":"bronze:OilSpill+1","floor":19},{"not_picked":["bronze:Branch","bronze:OilSpill"],"picked":"bronze:MaxOutput+1","floor":21},{"not_picked":["bronze:Branch+1","bronze:CloningBeam","bronze:Overheat"],"picked":"SKIP","floor":22},{"not_picked":["bronze:DelayedGuard+1","bronze:Fortify"],"picked":"bronze:Frontload+1","floor":25},{"not_picked":["bronze:ClassDefault","bronze:Overheat"],"picked":"bronze:Assembly+1","floor":28},{"not_picked":["bronze:FollowUp+1","bronze:Iterate","bronze:WildBeam+1"],"picked":"SKIP","floor":29},{"not_picked":["bronze:Shell+1","bronze:BronzeArmor+1"],"picked":"bronze:ItsAFeature","floor":32},{"not_picked":["bronze:HyperBeam","bronze:HardenedForm"],"picked":"bronze:ShipIt","floor":33},{"not_picked":["bronze:Branch","bronze:Frontload+1","bronze:Iterate"],"picked":"SKIP","floor":36},{"not_picked":["bronze:Safeguard+1","bronze:Frontload+1"],"picked":"bronze:CutThrough+1","floor":38},{"not_picked":["bronze:Overload+1","bronze:Invalidate+1","bronze:FineTuning+1"],"picked":"SKIP","floor":39},{"not_picked":["bronze:Frontload+1","bronze:Overheat+1"],"picked":"bronze:Return+1","floor":40},{"not_picked":["bronze:CutThrough+1","bronze:WildBeam","bronze:CloningBeam","bronze:Deprecate+1"],"picked":"SKIP","floor":42}],"player_experience":17406,"relics_obtained":[{"floor":6,"key":"Happy Flower"},{"floor":7,"key":"Toxic Egg 2"},{"floor":9,"key":"bronze:ProtectiveGoggles"},{"floor":14,"key":"Bag of Preparation"},{"floor":24,"key":"Anchor"},{"floor":37,"key":"Gambling Chip"},{"floor":41,"key":"Question Card"}],"event_choices":[],"is_beta":false,"boss_relics":[{"not_picked":["Black Star","Tiny House"],"picked":"Cursed Key"},{"not_picked":["Fusion Hammer","Empty Cage"],"picked":"bronze:MakeshiftBattery"}],"items_purged_floors":[25],"is_endless":false,"potions_floor_spawned":[6,8,9,12,15,16,22,28,29,32,36,39,42],"killed_by":"Writhing Mass","ascension_level":0}}