{"host":"q5twaoo3ngmfp14g","time":1612573567,"event":{"mods":["AchievementEnabler","BaseMod","Minty Spire (QoL Compilation)","Relic Stats","StSLib"],"gold_per_floor":[211,48,58,74,20,20,40,40,66,216,216,234,234,252,252,252,252],"floor_reached":16,"language":"ENG","playtime":390,"items_purged":[],"score":179,"play_id":"11eeb62d-100a-4f93-98f5-f7d5529126ae","local_time":"20210206020607","is_ascension_mode":true,"campfire_choices":[{"data":"Reprogram","floor":6.0,"key":"SMITH"},{"data":"Gash","floor":8.0,"key":"SMITH"},{"floor":13.0,"key":"REST"},{"data":"Barrage","floor":15.0,"key":"SMITH"}],"circlet_count":0,"master_deck":["AscendersBane","Strike_B","Strike_B","Strike_B","Strike_B","Defend_B","Defend_B","Defend_B","Defend_B","Zap","Dualcast","Melter","Go for the Eyes+1","Reprogram+1","Barrage+1","Gash+1","Doubt","Rip and Tear","Cold Snap"],"relics":["Cracked Core","Lantern","PreservedInsect"],"acts_visited":["Exordium"],"potions_floor_usage":[],"damage_taken":[{"damage":7.0,"enemies":"Small Slimes","floor":1.0,"turns":3.0},{"damage":1.0,"enemies":"Cultist","floor":3.0,"turns":3.0},{"damage":1.0,"enemies":"2 Louse","floor":4.0,"turns":2.0},{"damage":5.0,"enemies":"Blue Slaver","floor":7.0,"turns":5.0},{"damage":31.0,"enemies":"Large Slime","floor":12.0,"turns":6.0},{"damage":17.0,"enemies":"Gremlin Gang","floor":14.0,"turns":5.0},{"damage":37,"enemies":"Slime Boss","floor":16,"turns":6}],"seed_played":"-1582177867014524948","potions_obtained":[{"floor":3.0,"key":"SmokeBomb"},{"floor":4.0,"key":"ColorlessPotion"},{"floor":7.0,"key":"Regen Potion"}],"is_trial":false,"path_per_floor":["M","$","M","M","$","R","M","R","T","?","?","M","R","M","R","B"],"character_chosen":"DEFECT","items_purchased":["Lantern","Barrage"],"campfire_rested":1,"item_purchase_floors":[2,5],"current_hp_per_floor":[57,57,56,55,55,55,50,50,50,50,50,19,40,37,37,0,0],"gold":252,"neow_bonus":"HUNDRED_GOLD","is_daily":false,"chose_seed":false,"campfire_upgraded":3,"win_rate":0.0,"timestamp":1612573567,"path_taken":["M","$","M","M","$","R","M","R","T","?","?","M","R","M","R","BOSS"],"items_purchased_type":["Relic","Card"],"build_version":"2020-12-22","purchased_purges":0,"victory":false,"max_hp_per_floor":[71,71,71,71,71,71,71,71,71,71,71,71,71,71,71,71,71],"relic_stats":{"counters":[7,30],"PreservedInsect":0,"obtain_stats":[{"Lantern":2,"PreservedInsect":9,"Cracked Core":0},{"Lantern":1,"PreservedInsect":4,"Cracked Core":0},{"Lantern":3,"PreservedInsect":13,"Cracked Core":0}]},"card_choices":[{"not_picked":["Redo","Rip and Tear"],"picked":"Melter","floor":1.0},{"not_picked":["Heatsinks","Hello World"],"picked":"Go for the Eyes","floor":3.0},{"not_picked":["Loop","Hologram"],"picked":"Reprogram","floor":4.0},{"not_picked":["Hologram","Chaos"],"picked":"Gash","floor":7.0},{"not_picked":["Go for the Eyes","Compile Driver"],"picked":"Rip and Tear","floor":12.0},{"not_picked":["Turbo","Compile Driver"],"picked":"Cold Snap","floor":14.0}],"player_experience":813919,"relics_obtained":[{"floor":9.0,"key":"PreservedInsect"}],"event_choices":[{"damage_healed":0.0,"max_hp_gain":0.0,"max_hp_loss":0.0,"gold_gain":150.0,"event_name":"Liars Game","player_choice":"AGREE","floor":10.0,"gold_loss":0.0,"damage_taken":0.0,"cards_obtained":["Doubt"]},{"damage_healed":0.0,"max_hp_gain":0.0,"max_hp_loss":0.0,"gold_gain":0.0,"event_name":"Upgrade Shrine","player_choice":"Upgraded","floor":11.0,"gold_loss":0.0,"damage_taken":0.0,"cards_upgraded":["Go for the Eyes"]}],"is_beta":false,"boss_relics":[],"items_purged_floors":[],"is_endless":false,"potions_floor_spawned":[3,4,7],"killed_by":"Slime Boss","ascension_level":19}}