{"host":"dmtlrev5pkc1867p","time":1612633891,"event":{"mods":["BaseMod","Colored Map","Downfall","Hermit","Marisa¡]Ãú«B¡@Å]²z¨F¡^","Minty Spire (QoL Compilation)","Replay The Spire","StSLib","The Cursed","The Disciple","The Servant 0.9.4"],"gold_per_floor":[111,111,111,123,139,139,139,159,189,89,109,109,9,27,27,126,126,145,165,165,68,81,81,81,99,114,14,25,25,25,39,39,143,143,194,244,296,296,191,248,324,334,384,438,438,498,498,498,498,498,498,564,36,36,36,36],"floor_reached":57,"language":"ZHS","playtime":2916,"items_purged":["Parasite"],"score":1483,"play_id":"91bb7df1-0686-415d-b5fe-3ceca3a56c2a","local_time":"20210207015131","is_ascension_mode":true,"campfire_choices":[{"floor":6.0,"key":"RECALL"},{"floor":10.0,"key":"REST"},{"floor":13.0,"key":"REST"},{"data":"DC","floor":15.0,"key":"SMITH"},{"data":"BlazeAway","floor":23.0,"key":"SMITH"},{"data":"BlazeAway","floor":27.0,"key":"SMITH"},{"data":"EventHorizon","floor":29.0,"key":"SMITH"},{"data":"OrrerysSun","floor":32.0,"key":"SMITH"},{"data":"1","floor":45.0,"key":"LIFT"},{"data":"2","floor":47.0,"key":"LIFT"},{"data":"3","floor":49.0,"key":"LIFT"},{"data":"expansioncontent:LastStand","floor":54,"key":"SMITH"}],"circlet_count":0,"master_deck":["Defend_MRS","Defend_MRS","Defend_MRS","MasterSpark","UpSweep","DC+1","MeteoricShower","MilkyWay","GravityBeat","GravityBeat","EarthLightRay","BlazeAway+1","MysteriousBeam","BlazingStar","OrrerysSun","BlazeAway+1","OrrerysSun+1","expansioncontent:AwakenDeath","GravityBeat","MagicChant","EventHorizon+1","SprinkleStarSeal","BinaryStars","AsteroidBelt+1","IllusionStar+1","GrandCross+1","Occultation+1","UltimateShortwave","DarkMatter+1","MagicChant+1","EnergyFlow+1","ManaConvection+1","EscapeVelocity","PropBag+1","GrandCross","EarthLightRay","Singularity","BlazeAway","AsteroidBelt","RefractionSpark+1","expansioncontent:LastStand+1","The Bomb","MysteriousBeam"],"relics":["MiniHakkero","Akabeko","FossilizedHelix","HandmadeGrimoire","downfall:HeartBlessingGreen","downfall:HeartBlessingRed","ChewingGum","downfall:HeartBlessingBlue","downfall:KnowingSkull","Sozu","Snack Pack","Chameleon Ring","Girya","Replay:PocketPolymizer","downfall:TeleportStone","Nunchaku","BargainBundle","Slimebound:PreparedRelic"],"acts_visited":["Exordium","TheCity","TheBeyond","TheEnding"],"potions_floor_usage":[56,56],"damage_taken":[{"damage":0.0,"enemies":"Cultist","floor":1.0,"turns":3.0},{"damage":0.0,"enemies":"Small Slimes","floor":4.0,"turns":1.0},{"damage":7.0,"enemies":"Jaw Worm","floor":5.0,"turns":2.0},{"damage":4.0,"enemies":"Exordium Thugs","floor":8.0,"turns":3.0},{"damage":30.0,"enemies":"3 Sentries","floor":9.0,"turns":7.0},{"damage":0.0,"enemies":"Large Slime","floor":11.0,"turns":3.0},{"damage":0.0,"enemies":"Red Slaver","floor":14.0,"turns":1.0},{"damage":19.0,"enemies":"WA_ARCHETYPE_RETAIN","floor":16.0,"turns":3.0},{"damage":5.0,"enemies":"3 Byrds","floor":18.0,"turns":4.0},{"damage":0.0,"enemies":"Chosen","floor":19.0,"turns":2.0},{"damage":2.0,"enemies":"downfall:FleeingMerchant","floor":21.0,"turns":4.0},{"damage":0.0,"enemies":"Sentry and Sphere","floor":22.0,"turns":1.0},{"damage":0.0,"enemies":"Snake Plant","floor":25.0,"turns":1.0},{"damage":0.0,"enemies":"Shelled Parasite and Fungi","floor":26.0,"turns":1.0},{"damage":0.0,"enemies":"3 Cultists","floor":28.0,"turns":2.0},{"damage":0.0,"enemies":"Sentry and Sphere","floor":31.0,"turns":1.0},{"damage":23.0,"enemies":"IC_MUSHROOM_ARCHETYPE","floor":33.0,"turns":5.0},{"damage":0.0,"enemies":"Orb Walker","floor":35.0,"turns":2.0},{"damage":0.0,"enemies":"3 Shapes","floor":36.0,"turns":1.0},{"damage":0.0,"enemies":"Writhing Mass","floor":37.0,"turns":2.0},{"damage":0.0,"enemies":"downfall:FleeingMerchant","floor":39.0,"turns":3.0},{"damage":3.0,"enemies":"4 Shapes","floor":40.0,"turns":3.0},{"damage":0.0,"enemies":"Transient","floor":42.0,"turns":5.0},{"damage":0.0,"enemies":"Transient","floor":43.0,"turns":1.0},{"damage":0.0,"enemies":"2 Orb Walkers","floor":44.0,"turns":3.0},{"damage":0.0,"enemies":"3 Darklings","floor":46.0,"turns":3.0},{"damage":15.0,"enemies":"DF_ARCHETYPE_ORBS","floor":50.0,"turns":5.0},{"damage":12.0,"enemies":"downfall:CharBossMerchant","floor":52.0,"turns":6.0},{"damage":54,"enemies":"downfall:NeowBoss","floor":55,"turns":10},{"damage":46,"enemies":"downfall:NeowBossFinal","floor":56,"turns":8}],"seed_played":"8978655249092485783","potions_obtained":[{"floor":4.0,"key":"Languid Potion"},{"floor":9.0,"key":"Doom Potion"},{"floor":11.0,"key":"DistilledChaos"},{"floor":14.0,"key":"champ:CounterPotion"},{"floor":25.0,"key":"Regen Potion"}],"is_trial":false,"path_per_floor":["M","?","?","M","M","R","T","M","E","R","M","?","R","M","R","B",null,"M","M","?","$","M","R","T","M","M","R","M","R","?","M","R","B",null,"M","M","M","?","$","M","T","M","?","?","R","M","R","?","R","B",null,"E","$","R","B","B",null],"character_chosen":"MARISA","items_purchased":["expansioncontent:AwakenDeath","Snack Pack","UltimateShortwave","BargainBundle","Slimebound:PreparedRelic","BlazeAway","AsteroidBelt","RefractionSpark+1","expansioncontent:LastStand","The Bomb"],"campfire_rested":2,"item_purchase_floors":[21,39,39,53,53,53,53,53,53,53],"current_hp_per_floor":[68,68,68,68,61,61,61,57,27,49,49,49,71,71,71,56,70,69,69,69,71,71,71,71,75,75,85,85,85,80,80,80,61,79,79,79,79,79,82,82,82,82,82,82,82,82,82,82,82,73,80,76,76,76,34,36],"gold":36,"neow_bonus":"RANDOM_COMMON_RELIC","is_daily":false,"chose_seed":false,"campfire_upgraded":6,"win_rate":0.0,"timestamp":1612633891,"path_taken":["M","?","?","?","M","R","T","M","E","R","M","?","R","M","R","BOSS","M","M","?","$","M","R","T","M","?","R","M","R","?","M","R","BOSS","M","M","M","?","$","M","T","M","?","?","R","M","R","?","R","BOSS","E","$","R","BOSS","BOSS"],"items_purchased_type":["Card","Relic","Card","Relic","Relic","Card","Card","Card","Card","Card"],"build_version":"2020-12-22","purchased_purges":1,"victory":true,"max_hp_per_floor":[75,75,75,75,75,75,75,75,75,75,75,75,75,75,75,75,75,75,75,75,75,75,75,75,75,75,85,85,85,85,85,85,85,85,85,85,85,85,82,82,82,82,82,82,82,82,82,82,82,82,82,82,82,82,82,82],"card_choices":[{"not_picked":["Acceleration","GrandCross"],"picked":"DC","floor":1.0},{"not_picked":["DC","UnstableBomb"],"picked":"MeteoricShower","floor":4.0},{"not_picked":["6A","WitchOfGreed"],"picked":"MilkyWay","floor":5.0},{"not_picked":["Robbery","ShootingEcho"],"picked":"GravityBeat","floor":8.0},{"not_picked":["ShootingEcho","AsteroidBelt"],"picked":"GravityBeat","floor":9.0},{"not_picked":["Acceleration","NonDirectionalLaser"],"picked":"EarthLightRay","floor":11.0},{"not_picked":["NonDirectionalLaser","LuminesStrike"],"picked":"MysteriousBeam","floor":14.0},{"not_picked":["BigCrunch","MaximisePower"],"picked":"BlazingStar","floor":16.0},{"not_picked":["StarBarrage","6A"],"picked":"OrrerysSun","floor":18.0},{"not_picked":["MilkyWay","ShootingEcho+1"],"picked":"BlazeAway","floor":19.0},{"not_picked":["EarthLightRay+1","GravityBeat+1"],"picked":"OrrerysSun","floor":21.0},{"not_picked":["OneTimeOff","DC+1"],"picked":"GravityBeat","floor":22.0},{"not_picked":["DoubleSpark","WitchOfGreed","UnstableBomb"],"picked":"SKIP","floor":25.0},{"not_picked":["WitchOfGreed","SuperPerseids+1"],"picked":"MagicChant","floor":26.0},{"not_picked":["MachineGunSpark","GalacticHalo"],"picked":"EventHorizon","floor":28.0},{"not_picked":["SuperNova","SporeBomb+1"],"picked":"SprinkleStarSeal","floor":31.0},{"not_picked":["JA","TreasureHunter"],"picked":"BinaryStars","floor":33.0},{"not_picked":["OneTimeOff+1","ChargingUp"],"picked":"AsteroidBelt+1","floor":35.0},{"not_picked":["NonDirectionalLaser","PowerUp"],"picked":"IllusionStar+1","floor":36.0},{"not_picked":["OpenUniverse","Orbital"],"picked":"GrandCross+1","floor":37.0},{"not_picked":["MysteriousBeam+1","PropBag"],"picked":"Occultation+1","floor":39.0},{"not_picked":["WitchOfGreed+1","EnergyRecoil"],"picked":"DarkMatter+1","floor":40.0},{"not_picked":["DragonMeteor","NonDirectionalLaser+1"],"picked":"MagicChant+1","floor":42.0},{"not_picked":["GrandCross+1","Acceleration"],"picked":"EnergyFlow+1","floor":43.0},{"not_picked":["WitchOfGreed","6A"],"picked":"ManaConvection+1","floor":44.0},{"not_picked":["OrrerysSun+1","DC+1"],"picked":"PropBag+1","floor":46.0},{"not_picked":["UnstableBomb+1","GrandCross"],"picked":"Singularity","floor":52.0}],"player_experience":613045,"relics_obtained":[{"floor":7.0,"key":"FossilizedHelix"},{"floor":9.0,"key":"HandmadeGrimoire"},{"floor":41.0,"key":"Chameleon Ring"},{"floor":43.0,"key":"Girya"},{"floor":44.0,"key":"Replay:PocketPolymizer"},{"floor":52.0,"key":"Nunchaku"}],"event_choices":[{"damage_healed":0.0,"max_hp_gain":0.0,"max_hp_loss":0.0,"gold_gain":0.0,"cards_transformed":["Strike_MRS"],"event_name":"Living Wall","player_choice":"Change","floor":12.0,"gold_loss":0.0,"damage_taken":0.0,"cards_obtained":["BlazeAway"]},{"cards_removed":["Strike_MRS"],"damage_healed":0.0,"max_hp_gain":0.0,"max_hp_loss":0.0,"gold_gain":0.0,"event_name":"Falling","player_choice":"Removed Attack","floor":38.0,"gold_loss":0.0,"damage_taken":0.0},{"damage_healed":0.0,"max_hp_gain":0.0,"max_hp_loss":0.0,"gold_gain":0.0,"event_name":"Mysterious Sphere","player_choice":"Fight","floor":44.0,"gold_loss":0.0,"damage_taken":0.0}],"is_beta":false,"boss_relics":[{"not_picked":["Honey Jar","Runic Dome"],"picked":"ChewingGum"},{"not_picked":["bronze:MakeshiftBattery","Astrolabe"],"picked":"Sozu"}],"items_purged_floors":[39],"is_endless":false,"potions_floor_spawned":[4,9,11,14,18,25,31,33,36,42,44,46,52],"ascension_level":7}}