{"host":"fzjk61lpi4bwj033","time":1612644347,"event":{"mods":["BaseMod","Hermit","Jorbs\u0027s Wanderer Trilogy","Minty Spire (QoL Compilation)","Rare Cards Sparkle","Relic Stats","StSLib"],"gold_per_floor":[211,9,21,21,42,42,42,42],"floor_reached":7,"language":"ENG","playtime":220,"items_purged":[],"score":82,"play_id":"cf8034ef-f810-477c-a088-11cbeb307abf","local_time":"20210206144547","is_ascension_mode":true,"campfire_choices":[{"data":"stsjorbsmod:EyeOfTheStorm","floor":6,"key":"SMITH"}],"circlet_count":0,"master_deck":["AscendersBane","stsjorbsmod:ForbiddenGrimoire+1","stsjorbsmod:Strike_Wanderer","stsjorbsmod:Strike_Wanderer","stsjorbsmod:Strike_Wanderer","stsjorbsmod:Strike_Wanderer","stsjorbsmod:Defend_Wanderer","stsjorbsmod:Defend_Wanderer","stsjorbsmod:Defend_Wanderer","stsjorbsmod:Defend_Wanderer","stsjorbsmod:FreshAdventure","stsjorbsmod:EyeOfTheStorm+1","stsjorbsmod:Materialize","stsjorbsmod:ChainLightning","stsjorbsmod:Channel","stsjorbsmod:LocateObject"],"relics":["stsjorbsmod:GrimoireRelic","Membership Card","Golden Idol"],"acts_visited":["Exordium"],"potions_floor_usage":[],"damage_taken":[{"damage":0,"enemies":"Cultist","floor":1,"turns":4},{"damage":4,"enemies":"Small Slimes","floor":3,"turns":3},{"damage":10,"enemies":"2 Louse","floor":5,"turns":3},{"damage":75,"enemies":"Gremlin Nob","floor":7,"turns":4}],"seed_played":"5261285698200113828","potions_obtained":[{"floor":3,"key":"SpeedPotion"}],"is_trial":false,"path_per_floor":["M","$","M","?","M","R","E"],"character_chosen":"WANDERER","items_purchased":["Membership Card","stsjorbsmod:ChainLightning"],"campfire_rested":0,"item_purchase_floors":[2,2],"current_hp_per_floor":[60,60,58,58,49,49,0,0],"gold":42,"neow_bonus":"HUNDRED_GOLD","is_daily":false,"chose_seed":false,"campfire_upgraded":1,"win_rate":0.0,"timestamp":1612644347,"path_taken":["M","$","M","?","M","R","E"],"items_purchased_type":["Relic","Card"],"build_version":"2020-12-22","purchased_purges":0,"victory":false,"max_hp_per_floor":[64,64,64,58,58,58,58,58],"relic_stats":{"counters":[4,14],"Golden Idol":4,"obtain_stats":[{"Golden Idol":4,"stsjorbsmod:GrimoireRelic":0,"Membership Card":2},{"Golden Idol":2,"stsjorbsmod:GrimoireRelic":0,"Membership Card":1},{"Golden Idol":7,"stsjorbsmod:GrimoireRelic":0,"Membership Card":4}]},"card_choices":[{"not_picked":["stsjorbsmod:ChatteringStrike","stsjorbsmod:BurningFlask"],"picked":"stsjorbsmod:Materialize","floor":1},{"not_picked":["stsjorbsmod:ParryingBlow","stsjorbsmod:BlackTentacles"],"picked":"stsjorbsmod:Channel","floor":3},{"not_picked":["stsjorbsmod:Banish","stsjorbsmod:BurningFlask"],"picked":"stsjorbsmod:LocateObject","floor":5}],"player_experience":791087,"relics_obtained":[],"event_choices":[{"damage_healed":0,"gold_gain":0,"player_choice":"Lose Max HP","damage_taken":0,"relics_obtained":["Golden Idol"],"max_hp_gain":0,"max_hp_loss":6,"event_name":"Golden Idol","floor":4,"gold_loss":0}],"is_beta":false,"boss_relics":[],"items_purged_floors":[],"is_endless":false,"potions_floor_spawned":[3],"killed_by":"Gremlin Nob","ascension_level":20}}