{"host":"rnjhaewkefy4rz3c","time":1612583626,"event":{"mods":["2.2 Compatiblity","AchievementEnabler","BaseMod","Colored Map","Downfall","Minty Spire (QoL Compilation)","Permanent Neow","StSLib"],"gold_per_floor":[99,99,99,99,99,9,55,55,55,73,86,86,118,136,155,255,255,255,265,2,12,12,45,71,71,71,71],"floor_reached":25,"language":"ENG","playtime":1179,"items_purged":["Regret","Slimebound:Strike_Slimebound"],"score":250,"play_id":"3161ec4c-f335-4dc5-a9ab-36e0e3f97876","local_time":"20210205235346","is_ascension_mode":true,"campfire_choices":[{"data":"Slimebound:Split","floor":1,"key":"SMITH"},{"data":"Slimebound:SplitAcid","floor":9,"key":"SMITH"},{"data":"Slimebound:SplitAcid","floor":12,"key":"SMITH"},{"data":"Slimebound:DivideAndConquer","floor":18,"key":"SMITH"}],"circlet_count":0,"master_deck":["Slimebound:Strike_Slimebound","Slimebound:Tackle","Slimebound:Defend_Slimebound","Slimebound:Defend_Slimebound","Slimebound:Defend_Slimebound","Slimebound:Defend_Slimebound","Slimebound:Split+1","Slimebound:CorrosiveSpit","Slimebound:DivideAndConquer+1","Slimebound:DivideAndConquer","Slimebound:SplitAcid+1","Slimebound:SplitAcid+1","Slimebound:LivingWall","Slimebound:SplitLeeching","Slimebound:SplitBruiser","Slimebound:RallyTheTroops","Slimebound:Replication","Slimebound:Split+1","Slimebound:LevelUp","Slimebound:SplitAcid+1"],"relics":["Slimebound:AbsorbEndCombatUpgraded","downfall:HeartsMalice","Omamori","Oddly Smooth Stone","Strawberry","DollysMirror","MutagenicStrength","Guardian:PocketSentry","Smiling Mask"],"acts_visited":["Exordium","TheCity"],"potions_floor_usage":[13,16,23,23],"damage_taken":[{"damage":0,"enemies":"2 Louse","floor":2,"turns":1},{"damage":0,"enemies":"Jaw Worm","floor":3,"turns":1},{"damage":0,"enemies":"Cultist","floor":4,"turns":1},{"damage":12,"enemies":"downfall:FleeingMerchant","floor":6,"turns":4},{"damage":11,"enemies":"Exordium Thugs","floor":10,"turns":3},{"damage":1,"enemies":"Red Slaver","floor":11,"turns":2},{"damage":12,"enemies":"Lagavulin","floor":13,"turns":6},{"damage":4,"enemies":"Blue Slaver","floor":14,"turns":3},{"damage":0,"enemies":"3 Louse","floor":15,"turns":3},{"damage":26,"enemies":"IC_STATUS_ARCHETYPE","floor":16,"turns":6},{"damage":0,"enemies":"Spheric Guardian","floor":19,"turns":3},{"damage":5,"enemies":"downfall:FleeingMerchant","floor":20,"turns":4},{"damage":14,"enemies":"Shell Parasite","floor":21,"turns":3},{"damage":62,"enemies":"Slavers","floor":23,"turns":5},{"damage":22,"enemies":"Shelled Parasite and Fungi","floor":25,"turns":3}],"seed_played":"958178787107671899","potions_obtained":[{"floor":10,"key":"SteroidPotion"},{"floor":11,"key":"GamblersBrew"},{"floor":13,"key":"Explosive Potion"},{"floor":16,"key":"PowerPotion"}],"is_trial":false,"path_per_floor":["R","M","M","M","?","$","T","?","R","M","M","R","E","M","M","B",null,"R","M","$","M","?","E","T","M"],"character_chosen":"SLIMEBOUND","items_purchased":["DollysMirror"],"campfire_rested":0,"item_purchase_floors":[20],"current_hp_per_floor":[65,65,65,65,65,61,61,61,61,54,53,53,54,50,50,24,72,72,72,72,67,67,11,11,0,0,0],"gold":71,"neow_bonus":"THREE_ENEMY_KILL","is_daily":false,"chose_seed":false,"campfire_upgraded":4,"win_rate":0.0,"timestamp":1612583626,"path_taken":["R","M","M","M","?","$","T","?","R","M","?","R","E","M","M","BOSS","R","M","$","M","?","E","T","M"],"items_purchased_type":["Relic"],"build_version":"2020-12-22","purchased_purges":2,"victory":false,"max_hp_per_floor":[65,65,65,65,65,65,65,65,65,65,65,65,72,72,72,72,72,72,72,72,72,72,72,72,72,72,72],"card_choices":[{"not_picked":["Slimebound:HauntingLick","Slimebound:LeechingTouch"],"picked":"Slimebound:DivideAndConquer","floor":2},{"not_picked":["Slimebound:HauntingLick","Slimebound:LeadByExample"],"picked":"Slimebound:DivideAndConquer","floor":3},{"not_picked":["Slimebound:GoopSpray","Slimebound:Chomp"],"picked":"Slimebound:SplitAcid","floor":4},{"not_picked":["Slimebound:TongueLash","Slimebound:FormOfPuddle"],"picked":"Slimebound:SplitAcid","floor":6},{"not_picked":["Slimebound:FlameTackle","Slimebound:HauntingLick"],"picked":"Slimebound:LivingWall","floor":10},{"not_picked":["Slimebound:OozeBath","Slimebound:Schlurp"],"picked":"Slimebound:SplitLeeching","floor":11},{"not_picked":["Slimebound:SpikyOuterGoop","Slimebound:FinishingTackle","Slimebound:MegaLick"],"picked":"SKIP","floor":13},{"not_picked":["Slimebound:ItLooksTasty","Slimebound:GoopTackle","Slimebound:SlimeSpikes"],"picked":"SKIP","floor":14},{"not_picked":["Slimebound:DisruptingSlam","Slimebound:LeechEnergy"],"picked":"Slimebound:SplitBruiser","floor":15},{"not_picked":["Slimebound:DouseInSlime","Slimebound:WasteNot"],"picked":"Slimebound:RallyTheTroops","floor":16},{"not_picked":["Slimebound:SlimeSpikes+1","Slimebound:GoopTackle","Slimebound:SamplingLick"],"picked":"SKIP","floor":19},{"not_picked":["Slimebound:HauntingLick+1","Slimebound:RollThrough"],"picked":"Slimebound:Replication","floor":20},{"not_picked":["Slimebound:HungryTackle","Slimebound:Gluttony"],"picked":"Slimebound:LevelUp","floor":21},{"not_picked":["Slimebound:SplitLeeching","Slimebound:ProtectTheBoss"],"picked":"Slimebound:SplitAcid+1","floor":23}],"player_experience":727802,"relics_obtained":[{"floor":7,"key":"Oddly Smooth Stone"},{"floor":13,"key":"Strawberry"},{"floor":23,"key":"Guardian:PocketSentry"},{"floor":24,"key":"Smiling Mask"}],"event_choices":[{"damage_healed":0,"gold_gain":0,"player_choice":"Box","damage_taken":0,"relics_obtained":["Omamori"],"max_hp_gain":0,"max_hp_loss":0,"event_name":"Big Fish","floor":5,"gold_loss":0,"cards_obtained":["Regret"]},{"damage_healed":0,"gold_gain":0,"player_choice":"Inject Mutagens","damage_taken":0,"relics_obtained":["MutagenicStrength"],"max_hp_gain":0,"max_hp_loss":0,"event_name":"Drug Dealer","floor":22,"gold_loss":0}],"is_beta":false,"boss_relics":[{"not_picked":["Slimebound:TarBlob","SlaversCollar"],"picked":"Slimebound:AbsorbEndCombatUpgraded"}],"items_purged_floors":[6,20],"is_endless":false,"potions_floor_spawned":[10,11,13,16],"killed_by":"Shelled Parasite and Fungi","ascension_level":3}}