{"host":"q2xir22r6x5m07m3","time":1612652217,"event":{"mods":["BaseMod","Minty Spire (QoL Compilation)","Quick Restart","StSLib"],"gold_per_floor":[115,127,140,155,169,169,194,16,43,43,19,46,46,6,6,105,105,118,118,142,417,436,469,485,485,485,516,9,24,24,24],"floor_reached":30,"language":"ENG","playtime":1495,"items_purged":["Regret"],"score":379,"play_id":"e711110e-5d05-4c2d-9578-bb5b5aaa3368","local_time":"20210206175657","is_ascension_mode":true,"campfire_choices":[{"data":"Dash","floor":6,"key":"SMITH"},{"data":"Doppelganger","floor":13,"key":"SMITH"},{"data":"Bouncing Flask","floor":15,"key":"SMITH"},{"floor":25,"key":"REST"}],"circlet_count":0,"master_deck":["Strike_G","Strike_G+1","Strike_G","Strike_G","Defend_G","Defend_G","Defend_G","Defend_G","Defend_G","Survivor+1","Neutralize+1","Dash+1","Malaise","Acrobatics","Masterful Stab","Bouncing Flask+1","Masterful Stab","PiercingWail","PiercingWail+1","Doppelganger+1","Caltrops","Corpse Explosion","Deadly Poison","Shame","Bane","Flying Knee+1","Deflect","Regret","Choke","Sadistic Nature","Crippling Poison"],"relics":["Sozu","Matryoshka","Tiny Chest","Vajra","MealTicket","Whetstone","Cursed Key","Bottled Tornado","War Paint","PreservedInsect","InkBottle","Bird Faced Urn","Darkstone Periapt"],"acts_visited":["Exordium","TheCity"],"potions_floor_usage":[],"damage_taken":[{"damage":0,"enemies":"Cultist","floor":1,"turns":4},{"damage":0,"enemies":"Small Slimes","floor":2,"turns":3},{"damage":6,"enemies":"Jaw Worm","floor":3,"turns":4},{"damage":6,"enemies":"3 Louse","floor":4,"turns":4},{"damage":9,"enemies":"Gremlin Gang","floor":5,"turns":7},{"damage":8,"enemies":"3 Sentries","floor":7,"turns":8},{"damage":0,"enemies":"Gremlin Nob","floor":12,"turns":3},{"damage":2,"enemies":"Hexaghost","floor":16,"turns":9},{"damage":9,"enemies":"2 Thieves","floor":18,"turns":5},{"damage":16,"enemies":"Shell Parasite","floor":22,"turns":4},{"damage":25,"enemies":"Slavers","floor":23,"turns":3},{"damage":10,"enemies":"Snecko","floor":24,"turns":5},{"damage":17,"enemies":"Gremlin Leader","floor":27,"turns":7},{"damage":0,"enemies":"Cultist and Chosen","floor":29,"turns":5},{"damage":38,"enemies":"Slavers","floor":30,"turns":2}],"seed_played":"7423751567644722752","potions_obtained":[],"is_trial":false,"path_per_floor":["M","M","M","M","M","R","E","$","T","?","$","E","R","$","R","B",null,"M","?","T","?","M","E","M","R","T","E","$","M","E"],"character_chosen":"THE_SILENT","items_purchased":["Tiny Chest","PiercingWail","PiercingWail","Caltrops","Darkstone Periapt","Sadistic Nature"],"campfire_rested":1,"item_purchase_floors":[8,8,11,14,28,28],"current_hp_per_floor":[70,70,64,58,49,49,41,41,41,41,56,56,56,70,70,68,70,61,61,61,61,45,20,10,31,31,14,29,33,0,0],"gold":24,"neow_bonus":"BOSS_RELIC","is_daily":false,"chose_seed":false,"campfire_upgraded":3,"win_rate":0.0,"timestamp":1612652217,"path_taken":["M","M","M","M","M","R","E","$","T","?","$","E","R","?","R","BOSS","M","?","?","?","M","E","M","R","T","E","$","M","E"],"items_purchased_type":["Relic","Card","Card","Card","Relic","Card"],"build_version":"2020-12-22","purchased_purges":1,"victory":false,"max_hp_per_floor":[70,70,70,70,70,70,70,70,70,70,70,70,70,70,70,70,70,70,70,70,70,70,70,70,70,70,70,70,70,70,70],"card_choices":[{"not_picked":["Backflip","PiercingWail"],"picked":"Dash","floor":1},{"not_picked":["Dodge and Roll","All Out Attack"],"picked":"Malaise","floor":2},{"not_picked":["Slice","Choke"],"picked":"Acrobatics","floor":3},{"not_picked":["Outmaneuver","Deflect"],"picked":"Masterful Stab","floor":4},{"not_picked":["Sucker Punch","Backflip"],"picked":"Bouncing Flask","floor":5},{"not_picked":["Grand Finale","Bane"],"picked":"Masterful Stab","floor":7},{"not_picked":["Prepared","Calculated Gamble"],"picked":"Doppelganger","floor":12},{"not_picked":["Venomology","Wraith Form v2"],"picked":"Corpse Explosion","floor":16},{"not_picked":["Poisoned Stab","Concentrate"],"picked":"Deadly Poison","floor":18},{"not_picked":["Slice","Underhanded Strike"],"picked":"Bane","floor":22},{"not_picked":["Accuracy","Malaise"],"picked":"Flying Knee+1","floor":23},{"not_picked":["Skewer","Deadly Poison"],"picked":"Deflect","floor":24},{"not_picked":["Underhanded Strike","Eviscerate+1"],"picked":"Choke","floor":27},{"not_picked":["All Out Attack","Prepared"],"picked":"Crippling Poison","floor":29}],"player_experience":367959,"relics_obtained":[{"floor":7,"key":"Matryoshka"},{"floor":9,"key":"Vajra"},{"floor":9,"key":"MealTicket"},{"floor":12,"key":"Whetstone"},{"floor":20,"key":"Bottled Tornado"},{"floor":20,"key":"War Paint"},{"floor":23,"key":"PreservedInsect"},{"floor":26,"key":"InkBottle"},{"floor":27,"key":"Bird Faced Urn"}],"event_choices":[{"cards_removed":["Strike_G"],"damage_healed":0,"gold_gain":0,"player_choice":"Purged","damage_taken":0,"max_hp_gain":0,"max_hp_loss":0,"event_name":"Purifier","floor":10,"gold_loss":0},{"damage_healed":0,"gold_gain":0,"player_choice":"Ignored","damage_taken":0,"max_hp_gain":0,"max_hp_loss":0,"event_name":"Ghosts","floor":19,"gold_loss":0},{"damage_healed":0,"gold_gain":275,"player_choice":"Desecrate","damage_taken":0,"max_hp_gain":0,"max_hp_loss":0,"event_name":"Golden Shrine","floor":21,"gold_loss":0,"cards_obtained":["Regret"]}],"is_beta":false,"boss_relics":[{"not_picked":["Runic Pyramid","Coffee Dripper"],"picked":"Cursed Key"}],"items_purged_floors":[28],"is_endless":false,"potions_floor_spawned":[2,4,5,12,22,23],"killed_by":"Slavers","ascension_level":5}}