{"host":"1ooxfz79hmpvpehx","time":1612583592,"event":{"mods":["BaseMod","Minty Spire (QoL Compilation)","Quick Restart","Replay The Spire","StSLib","SuperFastMode"],"gold_per_floor":[367,382,307,406,101,101,121,151,204,215,215,215,243,243,243,255,255],"floor_reached":16,"language":"ENG","playtime":258,"items_purged":["Strike_B","Strike_B"],"score":113,"play_id":"0204a2eb-1c14-4419-9c2d-d2f7e9e23489","local_time":"20210206005312","is_ascension_mode":true,"campfire_choices":[{"floor":6,"key":"REST"},{"floor":12,"key":"REST"},{"floor":15,"key":"REST"}],"circlet_count":0,"master_deck":["Strike_B","Strike_B","Defend_B","Defend_B","Defend_B","Defend_B","Zap","Dualcast","Gash","Gash"],"relics":["Cracked Core","Membership Card","PreservedInsect","Dream Catcher","Blue Doll","Replay:Bandana","Bag of Preparation"],"acts_visited":["Exordium"],"potions_floor_usage":[8],"damage_taken":[{"damage":5,"enemies":"Small Slimes","floor":1,"turns":3},{"damage":12,"enemies":"2 Louse","floor":2,"turns":2},{"damage":0,"enemies":"Cultist","floor":7,"turns":3},{"damage":17,"enemies":"3 Sentries","floor":8,"turns":6},{"damage":6,"enemies":"Exordium Wildlife","floor":10,"turns":2},{"damage":16,"enemies":"Lagavulin","floor":13,"turns":6},{"damage":32,"enemies":"Hexaghost","floor":16,"turns":9}],"seed_played":"-1142406566733680390","potions_obtained":[{"floor":1,"key":"CultistPotion"},{"floor":10,"key":"Elixir"}],"is_trial":false,"path_per_floor":["M","M","$","?","$","R","M","E","T","M","?","R","E","?","R","B"],"character_chosen":"DEFECT","items_purchased":["Membership Card","PreservedInsect","Gash"],"campfire_rested":3,"item_purchase_floors":[5,5,5],"current_hp_per_floor":[49,37,37,7,7,29,29,12,12,6,3,25,9,9,31,0,0],"gold":255,"neow_bonus":"TWO_FIFTY_GOLD","is_daily":false,"chose_seed":false,"campfire_upgraded":0,"win_rate":0.0,"timestamp":1612583592,"path_taken":["M","M","$","?","$","R","M","E","T","?","?","R","E","?","R","BOSS"],"items_purchased_type":["Relic","Relic","Card"],"build_version":"2020-12-22","purchased_purges":2,"victory":false,"max_hp_per_floor":[75,75,75,75,75,75,75,75,75,75,75,75,75,75,75,75,75],"card_choices":[{"not_picked":["Chaos","Hologram","Leap"],"picked":"SKIP","floor":1},{"not_picked":["ReplaySolidLightProjector","Cold Snap","BasicCrystalCard"],"picked":"SKIP","floor":2},{"not_picked":["Chaos","Stack","Go for the Eyes"],"picked":"SKIP","floor":7},{"not_picked":["Buffer","Redo","ReplayTheSpireMod:Repulse"],"picked":"SKIP","floor":8},{"not_picked":["Cold Snap","Darkness","Rip and Tear"],"picked":"SKIP","floor":10},{"not_picked":["Crystallizer","Chaos"],"picked":"Gash","floor":12},{"not_picked":["Steam","ReplayTheSpireMod:GoodbyeWorld","Darkness"],"picked":"SKIP","floor":13}],"player_experience":14984,"relics_obtained":[{"floor":8,"key":"Dream Catcher"},{"floor":9,"key":"Blue Doll"},{"floor":13,"key":"Replay:Bandana"}],"event_choices":[{"damage_healed":0,"gold_gain":0,"player_choice":"Fled","damage_taken":3,"max_hp_gain":0,"max_hp_loss":0,"event_name":"Scrap Ooze","floor":11,"gold_loss":0},{"damage_healed":0,"gold_gain":0,"player_choice":"Gave Potion","damage_taken":0,"relics_obtained":["Bag of Preparation"],"max_hp_gain":0,"max_hp_loss":0,"event_name":"WeMeetAgain","floor":14,"gold_loss":0}],"is_beta":false,"boss_relics":[],"items_purged_floors":[3,5],"is_endless":false,"potions_floor_spawned":[1,10],"killed_by":"Hexaghost","ascension_level":1}}