{"host":"1sqx9dmsrxu9kvq7","time":1612572244,"event":{"mods":["2.2 Compatiblity","Act Like it!","BaseMod","CapriCore","Chen","Colored Powertips","Custom Start","Friendly Minions","Highlight Path","HololiveMod","KinomotoSakuraMod(木之本?)","Kiyohime（清?）","Koishi","Marisa（霧雨　魔理沙）","Minty Spire (QoL Compilation)","Prisma Mod","Quick Restart","Rare Cards Sparkle","Reimu（博??梦）","Relic Stats","Remilia（蕾米莉?）","Shop Mod","Spicy Shops","StSLib","Td1madao Mod","The Administrix","The Alterego","The Blue Laboratory","The Immortal","The Servant 0.9.4","Waifu the Spire","WarShipGirlsR/??少女R mod","Yakumo Yukari mod","Yuyuko"],"gold_per_floor":[93,110,110,124,124,138,138,180,180,180,193,161,172,206,206,330,330,316,316,316,343,343,343,373,373,373,373,388,401,401,424,424,538,538,556,578,578,595,610,610,668,668,668,668,701,701,397,413,413,438,438,438,25,55,37],"floor_reached":56,"language":"ENG","playtime":2546,"items_purged":[],"score":1655,"play_id":"08a75484-0b07-4dfe-8e55-211ec9da8a66","local_time":"20210205184404","is_ascension_mode":true,"campfire_choices":[{"floor":10,"key":"RECALL"},{"data":"Hololive_CallOzoraSubaru","floor":15,"key":"SMITH"},{"data":"Hololive_CallOzoraSubaru","floor":23,"key":"SMITH"},{"data":"Hololive_CallHoshimachiSuisei","floor":25,"key":"SMITH"},{"data":"1","floor":27,"key":"LIFT"},{"data":"Hololive_CallSakuraMiko","floor":30,"key":"SMITH"},{"data":"Hololive_CallOkamiMio","floor":32,"key":"SMITH"},{"data":"Hololive_CallSpadeEcho","floor":40,"key":"SMITH"},{"floor":42,"key":"DIG"},{"floor":44,"key":"DIG"},{"floor":46,"key":"DIG"},{"floor":49,"key":"DIG"},{"floor":52,"key":"DIG"}],"circlet_count":0,"master_deck":["Hololive_Strike","Hololive_Strike","Hololive_Defend","Hololive_Defend","Hololive_OvertimeWork","Hololive_CallAiraniIofifteen","Hololive_CallSakuraMiko+1","Hololive_CallAiraniIofifteen","Hololive_CallArtia","Hololive_CallKiryuuCoco","Hololive_CallOzoraSubaru+1","Hololive_CallAyundaRisu","Hololive_CallYuzukiChoco","Hololive_CallOzoraSubaru+1","Hololive_FlyingPonyTail+1","Hololive_CallHoshimachiSuisei+1","Hololive_CallOkamiMio+1","Hololive_CallAZKi","Hololive_Rebirth","Hololive_ILoveYou+1","Hololive_StrengthChampion+1","Hololive_CallYuzukiChoco+1","Hololive_CallTokoyamiTowa+1","Hololive_CallMomosuzuNene+4","Hololive_CocoNews+1","Hololive_Recruit","Hololive_CallRosalyn","Hololive_DevilCharm+1","Hololive_CallSpadeEcho+1","Hololive_Yoholoon+1","Hololive_DurableLive","Apotheosis","Hololive_CallShishiroBotan","Hololive_CallUruhaRushia"],"relics":["Hololive_TheStar","Bag of Marbles","Calipers","Bag of Preparation","Molten Egg 2","Strawberry","Hololive_ChaosS","GreatHeart","CaptainsWheel","Girya","Hololive_Finger","WingedGreaves","Shovel","War Paint","Prayer Wheel","Unceasing Top","Omamori","Blood Vial","Hololive_LightStick","Ice Cream","PureWhite:ReiMu","Bottled Lightning","AntiCross"],"acts_visited":["Exordium","TheCity","TheBeyond","TheEnding"],"potions_floor_usage":[],"damage_taken":[{"damage":0,"enemies":"Jaw Worm","floor":1,"turns":4},{"damage":0,"enemies":"Small Slimes","floor":2,"turns":4},{"damage":0,"enemies":"2 Louse","floor":4,"turns":3},{"damage":0,"enemies":"Red Slaver","floor":6,"turns":3},{"damage":0,"enemies":"Gremlin Nob","floor":8,"turns":3},{"damage":0,"enemies":"Blue Slaver","floor":11,"turns":3},{"damage":8,"enemies":"Lots of Slimes","floor":13,"turns":3},{"damage":0,"enemies":"Lagavulin","floor":14,"turns":4},{"damage":0,"enemies":"Slime Boss","floor":16,"turns":6},{"damage":0,"enemies":"2 Thieves","floor":18,"turns":4},{"damage":0,"enemies":"Shell Parasite","floor":21,"turns":4},{"damage":0,"enemies":"Book of Stabbing","floor":24,"turns":3},{"damage":0,"enemies":"3 Cultists","floor":28,"turns":3},{"damage":0,"enemies":"Centurion and Healer","floor":29,"turns":4},{"damage":0,"enemies":"Snecko","floor":31,"turns":3},{"damage":0,"enemies":"Champ","floor":33,"turns":4},{"damage":0,"enemies":"3 Darklings","floor":35,"turns":5},{"damage":13,"enemies":"3 Shapes","floor":36,"turns":4},{"damage":0,"enemies":"Sphere and 2 Shapes","floor":38,"turns":3},{"damage":0,"enemies":"Writhing Mass","floor":39,"turns":4},{"damage":0,"enemies":"2 Orb Walkers","floor":41,"turns":3},{"damage":0,"enemies":"Nemesis","floor":45,"turns":5},{"damage":0,"enemies":"Transient","floor":48,"turns":5},{"damage":0,"enemies":"Donu and Deca","floor":50,"turns":8},{"damage":0,"enemies":"Shield and Spear","floor":54,"turns":6},{"damage":32,"enemies":"The Heart","floor":55,"turns":9}],"seed_played":"3574166762403523321","potions_obtained":[{"floor":2,"key":"blueLaboratory:BottleOfRum"},{"floor":8,"key":"blueLaboratory:HorrorPotion"},{"floor":13,"key":"CultistPotion"},{"floor":29,"key":"Ancient Potion"},{"floor":31,"key":"EssenceOfSteel"},{"floor":38,"key":"Ancient Potion"},{"floor":45,"key":"blueLaboratory:BottledHope"}],"is_trial":false,"path_per_floor":["M","M","?","M","T","M","?","E","T","R","M","?","M","E","R","B",null,"M","?","?","M","?","R","E","R","T","R","M","M","R","M","R","B",null,"M","M","?","M","M","R","?","R","T","R","E","R","$","M","R","B",null,"R","$","E","B",null],"character_chosen":"Hololive_HololiveCharacter","items_purchased":["Hololive_LightStick","Ice Cream","Apotheosis","Hololive_CallShishiroBotan"],"campfire_rested":0,"item_purchase_floors":[47,47,53,53],"current_hp_per_floor":[35,35,35,35,35,35,23,23,23,23,23,23,15,22,22,22,42,42,42,42,42,42,42,42,42,42,42,42,42,42,42,42,42,42,42,29,29,29,29,29,29,29,29,29,29,29,29,31,31,33,42,42,42,42,10],"gold":37,"neow_bonus":"RANDOM_COMMON_RELIC","is_daily":false,"chose_seed":false,"campfire_upgraded":6,"win_rate":0.0,"timestamp":1612572244,"path_taken":["M","M","?","M","?","M","?","E","T","R","M","?","M","E","R","BOSS","M","?","?","?","?","R","E","R","T","R","M","M","R","M","R","BOSS","M","?","?","M","?","R","?","R","T","R","E","R","$","M","R","BOSS","R","$","E","BOSS"],"items_purchased_type":["Relic","Relic","Card","Card"],"build_version":"2020-12-22","purchased_purges":0,"victory":true,"max_hp_per_floor":[35,35,35,35,35,35,35,35,35,35,35,35,35,42,42,42,42,42,42,42,42,42,42,42,42,42,42,42,42,42,42,42,42,42,42,42,42,42,42,42,42,42,42,42,42,42,42,42,42,42,42,42,42,42,42],"relic_stats":{"Blood Vial":4,"Shovel":5,"counters":[26,110],"Prayer Wheel":1,"Bag of Preparation":[42],"War Paint":["Hololive_FlyingPonyTail","Hololive_ILoveYou"],"obtain_stats":[{"Ice Cream":47,"Girya":26,"Calipers":7,"Bag of Preparation":8,"Hololive_ChaosS":17,"Omamori":45,"War Paint":42,"Blood Vial":46,"CaptainsWheel":24,"Hololive_LightStick":47,"PureWhite:ReiMu":49,"Shovel":41,"Strawberry":14,"Hololive_TheStar":0,"Molten Egg 2":9,"Prayer Wheel":43,"AntiCross":54,"WingedGreaves":37,"Bag of Marbles":0,"GreatHeart":19,"Hololive_Finger":34,"Bottled Lightning":52,"Unceasing Top":44},{"Ice Cream":22,"Girya":12,"Calipers":4,"Bag of Preparation":5,"Hololive_ChaosS":9,"Omamori":22,"War Paint":21,"Blood Vial":22,"CaptainsWheel":12,"Hololive_LightStick":22,"PureWhite:ReiMu":23,"Shovel":21,"Strawberry":8,"Hololive_TheStar":0,"Molten Egg 2":5,"Prayer Wheel":21,"AntiCross":25,"WingedGreaves":18,"Bag of Marbles":0,"GreatHeart":10,"Hololive_Finger":16,"Bottled Lightning":24,"Unceasing Top":21},{"Ice Cream":82,"Girya":44,"Calipers":14,"Bag of Preparation":17,"Hololive_ChaosS":33,"Omamori":82,"War Paint":77,"Blood Vial":82,"CaptainsWheel":44,"Hololive_LightStick":82,"PureWhite:ReiMu":87,"Shovel":77,"Strawberry":27,"Hololive_TheStar":0,"Molten Egg 2":17,"Prayer Wheel":77,"AntiCross":101,"WingedGreaves":67,"Bag of Marbles":0,"GreatHeart":37,"Hololive_Finger":58,"Bottled Lightning":95,"Unceasing Top":77}],"Unceasing Top":[0]},"card_choices":[{"not_picked":["Hololive_Drill","Hololive_LuckPotion","Hololive_StrengthChampion"],"picked":"Hololive_CallOzoraSubaru","floor":1},{"not_picked":["Hololive_FlyingPonyTail","Hololive_CocoNews","Hololive_OvertimeWork"],"picked":"Hololive_CallAyundaRisu","floor":2},{"not_picked":["Hololive_Rebound","Hololive_LuckPotion","Hololive_Sequa"],"picked":"Hololive_CallYuzukiChoco","floor":4},{"not_picked":["Hololive_Rebound","Hololive_CallNatsuiroMatsuri","Hololive_CallKiryuuCoco"],"picked":"Hololive_CallOzoraSubaru","floor":6},{"not_picked":["Hololive_Sequa","Hololive_CallRoboco","Hololive_StarCraft"],"picked":"Hololive_FlyingPonyTail","floor":8},{"not_picked":["Hololive_CallYogiri","Hololive_Rebound","Hololive_Breathe"],"picked":"Hololive_CallHoshimachiSuisei","floor":11},{"not_picked":["Hololive_CallAkaiHaato","Hololive_Psychosis+1","Hololive_Nanodesu+1"],"picked":"Hololive_CallOkamiMio","floor":13},{"not_picked":["Hololive_Psychosis+1","Hololive_CocoNews+1","Hololive_OvertimeWork+1"],"picked":"Hololive_CallAZKi","floor":14},{"not_picked":["Hololive_MaximGun+1","Hololive_ASMR+1","Hololive_DurableLive"],"picked":"Hololive_Rebirth","floor":16},{"not_picked":["Hololive_CallFriendA","Hololive_RevenueBasedLive","Hololive_Drill+1"],"picked":"Hololive_ILoveYou","floor":18},{"not_picked":["Hololive_Rebound","Hololive_FlyingPonyTail","Hololive_Drill+1"],"picked":"Hololive_StrengthChampion+1","floor":21},{"not_picked":["Hololive_CallAkaiHaato","Hololive_StarCraft","Hololive_Rebound"],"picked":"Hololive_CallYuzukiChoco+1","floor":24},{"not_picked":["Hololive_StrengthChampion+1","Hololive_Breathe","Hololive_Psychosis+1"],"picked":"Hololive_CallTokoyamiTowa+1","floor":28},{"not_picked":["Hololive_CallYogiri","Hololive_CallAZKi","Hololive_CallUsadaPekora+1"],"picked":"Hololive_CallMomosuzuNene+1","floor":29},{"not_picked":["Hololive_Rebound","Hololive_ILoveYou","Hololive_Sequa+1"],"picked":"Hololive_CocoNews+1","floor":31},{"not_picked":["Hololive_FlareMind","Hololive_DiamondStrike+1","Hololive_AWSL"],"picked":"Hololive_Recruit","floor":33},{"not_picked":["Hololive_CallSakuraMiko","Hololive_HuntDinosaur","Hololive_StrengthChampion+1"],"picked":"Hololive_CallRosalyn","floor":35},{"not_picked":["Hololive_LuckPotion+1","Hololive_CocoNews+1","Hololive_CallAZKi+1","Hololive_Watashimo+1"],"picked":"SKIP","floor":36},{"not_picked":["Hololive_SoulCatcher+1","Hololive_HuntDinosaur+1","Hololive_StrengthChampion+1"],"picked":"Hololive_DevilCharm+1","floor":38},{"not_picked":["Hololive_CallShiranuiFlare+1","Hololive_RevenueBasedLive","Hololive_Trident+1"],"picked":"Hololive_CallSpadeEcho","floor":39},{"not_picked":["Hololive_CocoNews+1","Hololive_Trident+1","Hololive_CallAZKi+1"],"picked":"Hololive_Yoholoon+1","floor":41},{"not_picked":["Hololive_Breathe+1","Hololive_Trident+1","Hololive_CallNakiriAyame"],"picked":"Hololive_DurableLive","floor":45},{"not_picked":["Hololive_Rebound","Hololive_StrengthChampion+1","Hololive_HuntDinosaur","Hololive_OvertimeWork+1"],"picked":"SKIP","floor":48},{"not_picked":["Hololive_Psychosis+1","Hololive_StrengthChampion+1","Hololive_RevenueBasedLive","Hololive_SoulCatcher+1"],"picked":"SKIP","floor":48},{"not_picked":["Hololive_CallRoboco+1","Hololive_Teleport+1","Hololive_BringToTrial"],"picked":"Hololive_CallUruhaRushia","floor":54}],"player_experience":300385,"relics_obtained":[{"floor":8,"key":"Bag of Preparation"},{"floor":9,"key":"Molten Egg 2"},{"floor":14,"key":"Strawberry"},{"floor":24,"key":"CaptainsWheel"},{"floor":26,"key":"Girya"},{"floor":41,"key":"Shovel"},{"floor":42,"key":"War Paint"},{"floor":43,"key":"Prayer Wheel"},{"floor":44,"key":"Unceasing Top"},{"floor":45,"key":"Omamori"},{"floor":46,"key":"Blood Vial"},{"floor":49,"key":"PureWhite:ReiMu"},{"floor":52,"key":"Bottled Lightning"},{"floor":54,"key":"AntiCross"}],"event_choices":[{"damage_healed":0,"gold_gain":0,"player_choice":"Ignored","damage_taken":0,"max_hp_gain":0,"max_hp_loss":0,"event_name":"Golden Wing","floor":3,"gold_loss":0},{"damage_healed":0,"gold_gain":0,"player_choice":"Success","damage_taken":12,"relics_obtained":["Calipers"],"max_hp_gain":0,"max_hp_loss":0,"event_name":"Scrap Ooze","floor":7,"gold_loss":0},{"damage_healed":0,"gold_gain":0,"player_choice":"Left Gold","damage_taken":0,"max_hp_gain":0,"max_hp_loss":0,"event_name":"World of Goop","floor":12,"gold_loss":32},{"damage_healed":0,"gold_gain":0,"player_choice":"Full Heal","damage_taken":0,"max_hp_gain":0,"max_hp_loss":0,"event_name":"Wheel of Change","floor":20,"gold_loss":0},{"cards_removed":["Pride"],"damage_healed":5,"gold_gain":0,"player_choice":"Offered Special","damage_taken":0,"max_hp_gain":0,"max_hp_loss":0,"event_name":"Bonfire Elementals","floor":22,"gold_loss":0},{"damage_healed":0,"gold_gain":0,"player_choice":"Gave Potion","damage_taken":0,"relics_obtained":["WingedGreaves"],"max_hp_gain":0,"max_hp_loss":0,"event_name":"WeMeetAgain","floor":37,"gold_loss":0},{"damage_healed":0,"gold_gain":0,"player_choice":"Fight","damage_taken":0,"max_hp_gain":0,"max_hp_loss":0,"event_name":"Mysterious Sphere","floor":41,"gold_loss":0}],"is_beta":false,"boss_relics":[{"not_picked":["Calling Bell","Runic Dome"],"picked":"Hololive_ChaosS"},{"not_picked":["Black Star","Sozu"],"picked":"Hololive_Finger"}],"items_purged_floors":[],"is_endless":false,"potions_floor_spawned":[2,8,13,16,29,31,35,36,38,45],"ascension_level":2}}