{"host":"81h68oe4mr04pk3r","time":1612586209,"event":{"mods":["Act Like it!","Aspiration","BaseMod","BetterRewards","Colored Map","Colored Powertips","Conspire","Downfall","Gensokyo","Hallownest","Hermit","Hubris","Infinite Spire","Jorbs\u0027s Wanderer Trilogy","Koishi","Lobotomy","LobotomyExtend","Marisa????????","Minty Spire (QoL Compilation)","Quick Restart","Reimu??????","Remilia??????","StSLib","The Bug Knight","The Construct","The Cursed","The Disciple","The Servant 0.9.4"],"gold_per_floor":[116,48,48,58,71,71,20,20,20,37,37,37,48,1,1,100,100,110,110,130,130,130],"floor_reached":21,"language":"ENG","playtime":1213,"items_purged":[],"score":169,"play_id":"b9c52cc4-9e08-4d1a-9229-e794bdd625b1","local_time":"20210205203649","is_ascension_mode":false,"campfire_choices":[{"data":"stsjorbsmod:Prepare","floor":6,"key":"SMITH"},{"data":"stsjorbsmod:ChatteringStrike","floor":11,"key":"SMITH"},{"data":"stsjorbsmod:BurningFlask","floor":15,"key":"SMITH"}],"circlet_count":0,"master_deck":["stsjorbsmod:ForbiddenGrimoire+1","stsjorbsmod:Strike_Wanderer","stsjorbsmod:Strike_Wanderer","stsjorbsmod:Strike_Wanderer","stsjorbsmod:Strike_Wanderer","stsjorbsmod:Defend_Wanderer","stsjorbsmod:Defend_Wanderer","stsjorbsmod:Defend_Wanderer","stsjorbsmod:Defend_Wanderer","stsjorbsmod:EyeOfTheStorm","stsjorbsmod:ColorSpray","stsjorbsmod:BlackTentacles","stsjorbsmod:Prepare+1","stsjorbsmod:UnseenServant","stsjorbsmod:SchoolsOfMagic","stsjorbsmod:Thorns","stsjorbsmod:BurningFlask+1","stsjorbsmod:Determination","stsjorbsmod:MagicMissiles","stsjorbsmod:RayOfFrost"],"relics":["stsjorbsmod:GrimoireRelic","LetterFromLob","Gensokyo:Mercy","hubris:Towel","hubris:DeckOfHolding","aspiration:DefectSkillbook"],"acts_visited":["Gensokyo:Gensokyo","Gensokyo:Gensokyoer"],"potions_floor_usage":[18],"damage_taken":[{"damage":3,"enemies":"Gensokyo:2_Kodama","floor":1,"turns":2},{"damage":2,"enemies":"Gensokyo:Gryphon","floor":4,"turns":3},{"damage":4,"enemies":"Gensokyo:3_Fairies","floor":5,"turns":3},{"damage":0,"enemies":"Gensokyo:VengefulSpirit","floor":10,"turns":4},{"damage":0,"enemies":"Gensokyo:LivingMonolith","floor":13,"turns":3},{"damage":23,"enemies":"Gensokyo:Reimu","floor":16,"turns":6},{"damage":28,"enemies":"Gensokyo:3_Dogs","floor":18,"turns":4},{"damage":23,"enemies":"Gensokyo:2_Gloops","floor":20,"turns":4},{"damage":23,"enemies":"Gensokyo:Wraith","floor":21,"turns":4}],"seed_played":"-8638519969369977228","potions_obtained":[{"floor":1,"key":"Strength Potion"},{"floor":5,"key":"Energy Potion"},{"floor":16,"key":"Block Potion"}],"is_trial":false,"path_per_floor":["M","COS","?","M","M","R","$","?","T","M","R","M","M","$","R","B",null,"M","?","M","M"],"character_chosen":"WANDERER","items_purchased":["stsjorbsmod:UnseenServant","stsjorbsmod:BurningFlask"],"campfire_rested":0,"item_purchase_floors":[7,14],"current_hp_per_floor":[66,66,66,65,62,62,62,62,62,64,64,64,65,65,65,46,68,40,40,17,0,0],"gold":130,"neow_bonus":"THREE_CARDS","is_daily":false,"chose_seed":false,"campfire_upgraded":3,"win_rate":0.0,"timestamp":1612586209,"path_taken":["M","COS","?","M","M","R","$","?","T","M","R","M","M","?","R","BOSS","M","?","M","M"],"items_purchased_type":["Card","Card"],"build_version":"2020-12-22","purchased_purges":0,"victory":false,"max_hp_per_floor":[68,68,68,68,68,68,68,68,68,68,68,68,68,68,68,68,68,68,68,68,68,68],"card_choices":[{"not_picked":["stsjorbsmod:FlameWard","stsjorbsmod:Message"],"picked":"stsjorbsmod:ChatteringStrike","floor":0},{"not_picked":["stsjorbsmod:Index","stsjorbsmod:Prestidigitation"],"picked":"stsjorbsmod:ColorSpray","floor":1},{"not_picked":["stsjorbsmod:ParryingBlow","stsjorbsmod:SchoolsOfMagic"],"picked":"stsjorbsmod:BlackTentacles","floor":4},{"not_picked":["stsjorbsmod:WeightOfMemory","stsjorbsmod:UnseenServant"],"picked":"stsjorbsmod:Prepare","floor":5},{"not_picked":["stsjorbsmod:BlackTentacles","stsjorbsmod:OldPocket"],"picked":"stsjorbsmod:SchoolsOfMagic","floor":10},{"not_picked":["stsjorbsmod:Prepare","stsjorbsmod:HedgeWizard"],"picked":"stsjorbsmod:Thorns","floor":13},{"not_picked":["stsjorbsmod:Banish","stsjorbsmod:DeathThroes"],"picked":"stsjorbsmod:Determination","floor":16},{"not_picked":["stsjorbsmod:Patron+1","stsjorbsmod:ChatteringStrike","Steam"],"picked":"stsjorbsmod:MagicMissiles","floor":18},{"not_picked":["Barrage","Streamline+1","Genetic Algorithm"],"picked":"stsjorbsmod:RayOfFrost","floor":20}],"player_experience":219909,"relics_obtained":[{"floor":1,"key":"LetterFromLob"},{"floor":9,"key":"hubris:DeckOfHolding"}],"event_choices":[],"is_beta":false,"boss_relics":[{"not_picked":["hubris:ScarierMask","conspire:SeveredTorchhead"],"picked":"aspiration:DefectSkillbook"}],"items_purged_floors":[],"is_endless":false,"potions_floor_spawned":[1,5,16],"killed_by":"Gensokyo:Wraith","ascension_level":0}}