{"host":"70zhvo5nwrhp1mbg","time":1612653746,"event":{"mods":["BaseMod","Colored Map","Colored Powertips","Highlight Path","Minty Spire (QoL Compilation)","Rare Cards Sparkle","StSLib"],"gold_per_floor":[109,109,61,75,94,94,120,120,144,177,193,205,221,231,231,303,303,314,314,330,330,342,367,385,385,385,410,435,435,446,456,456,533,533,546,394,419,313,339,372,372,382,455,475,475,487,487,497,497,497],"floor_reached":51,"language":"ENG","playtime":4333,"items_purged":[],"score":1149,"play_id":"716e82fc-d6f0-4cab-99a4-b7435fea3351","local_time":"20210206182226","is_ascension_mode":true,"campfire_choices":[{"data":"Pommel Strike","floor":6,"key":"SMITH"},{"data":"Bludgeon","floor":8,"key":"SMITH"},{"data":"Cleave","floor":15,"key":"SMITH"},{"data":"Shrug It Off","floor":25,"key":"SMITH"},{"data":"Clothesline","floor":29,"key":"SMITH"},{"floor":32,"key":"REST"},{"floor":41,"key":"REST"},{"data":"Heavy Blade","floor":45,"key":"SMITH"},{"floor":49,"key":"REST"}],"circlet_count":0,"master_deck":["AscendersBane","Strike_R","Strike_R","Strike_R","Strike_R","Strike_R","Defend_R+1","Defend_R","Defend_R","Defend_R","Bash+1","Flame Barrier+1","Flex+1","Pommel Strike+1","Bludgeon+1","Cleave+1","Headbutt","Armaments","Iron Wave","Corruption","Heavy Blade+1","Clothesline+1","Shrug It Off+1","Spot Weakness+1","Juggernaut","Cleave+1","Reaper","Double Tap","Shrug It Off","Uppercut","Sentinel","Seeing Red","Inflame+1"],"relics":["Burning Blood","Tiny Chest","Orichalcum","Kunai","Snecko Eye","Singing Bowl","Pear","War Paint","Regal Pillow","Orrery","Ice Cream","Ancient Tea Set","Pen Nib","Centennial Puzzle","Pantograph"],"acts_visited":["Exordium","TheCity","TheBeyond"],"potions_floor_usage":[7,10,16,16,18,24,33,37,50],"damage_taken":[{"damage":1,"enemies":"Cultist","floor":1,"turns":4},{"damage":4,"enemies":"2 Louse","floor":4,"turns":4},{"damage":4,"enemies":"Small Slimes","floor":5,"turns":4},{"damage":27,"enemies":"Lagavulin","floor":7,"turns":5},{"damage":22,"enemies":"3 Sentries","floor":10,"turns":8},{"damage":6,"enemies":"Exordium Wildlife","floor":11,"turns":4},{"damage":5,"enemies":"Looter","floor":12,"turns":2},{"damage":0,"enemies":"Large Slime","floor":13,"turns":3},{"damage":4,"enemies":"Gremlin Gang","floor":14,"turns":4},{"damage":6,"enemies":"Slime Boss","floor":16,"turns":7},{"damage":1,"enemies":"2 Thieves","floor":18,"turns":3},{"damage":14,"enemies":"Shell Parasite","floor":20,"turns":4},{"damage":14,"enemies":"Cultist and Chosen","floor":22,"turns":6},{"damage":10,"enemies":"Gremlin Leader","floor":23,"turns":7},{"damage":0,"enemies":"Centurion and Healer","floor":24,"turns":5},{"damage":14,"enemies":"Book of Stabbing","floor":27,"turns":5},{"damage":22,"enemies":"Shelled Parasite and Fungi","floor":30,"turns":4},{"damage":19,"enemies":"Sentry and Sphere","floor":31,"turns":5},{"damage":70,"enemies":"Collector","floor":33,"turns":8},{"damage":37,"enemies":"3 Shapes","floor":35,"turns":3},{"damage":11,"enemies":"Mind Bloom Boss Battle","floor":37,"turns":9},{"damage":23,"enemies":"Reptomancer","floor":40,"turns":7},{"damage":5,"enemies":"Orb Walker","floor":42,"turns":2},{"damage":25,"enemies":"Writhing Mass","floor":44,"turns":6},{"damage":3,"enemies":"Transient","floor":46,"turns":5},{"damage":20,"enemies":"Jaw Worm Horde","floor":48,"turns":4},{"damage":46,"enemies":"Time Eater","floor":50,"turns":10}],"seed_played":"-1761617742090393750","potions_obtained":[{"floor":4,"key":"AttackPotion"},{"floor":10,"key":"AttackPotion"},{"floor":13,"key":"Block Potion"},{"floor":16,"key":"ColorlessPotion"},{"floor":20,"key":"FairyPotion"},{"floor":23,"key":"Fire Potion"},{"floor":31,"key":"DuplicationPotion"},{"floor":35,"key":"DistilledChaos"},{"floor":46,"key":"SkillPotion"}],"is_trial":false,"path_per_floor":["M","?","$","M","M","R","E","R","T","E","M","M","M","M","R","B",null,"M","?","M","?","M","E","M","R","T","E","T","R","M","M","R","B",null,"M","$","?","?","T","E","R","M","T","M","R","M","?","M","R","B",null],"character_chosen":"IRONCLAD","items_purchased":["AttackPotion","Orrery"],"campfire_rested":3,"item_purchase_floors":[3,36],"current_hp_per_floor":[77,77,77,79,80,80,59,59,59,43,43,44,50,52,52,52,73,78,78,70,70,62,60,68,68,78,70,70,70,56,45,89,25,80,49,55,50,50,50,33,79,80,80,63,63,66,66,64,106,66],"gold":497,"neow_bonus":"UPGRADE_CARD","is_daily":false,"chose_seed":false,"campfire_upgraded":6,"win_rate":0.0,"timestamp":1612653746,"path_taken":["M","?","$","?","M","R","E","R","T","E","M","M","?","M","R","BOSS","M","?","M","?","M","E","M","R","T","E","?","R","?","M","R","BOSS","M","$","?","?","?","E","R","M","T","M","R","M","?","?","R","BOSS"],"items_purchased_type":["Potion","Relic"],"build_version":"2020-12-22","purchased_purges":0,"victory":true,"max_hp_per_floor":[80,80,80,80,80,80,80,80,80,80,80,80,80,80,80,80,80,80,80,80,80,80,82,84,84,94,94,94,94,96,98,98,98,98,98,104,104,104,104,104,104,104,104,106,106,106,106,106,106,106],"card_choices":[{"not_picked":["Perfected Strike","Havoc"],"picked":"Flame Barrier","floor":1},{"not_picked":["Blood for Blood","Twin Strike"],"picked":"Flex","floor":4},{"not_picked":["Disarm","Dual Wield"],"picked":"Pommel Strike","floor":5},{"not_picked":["Battle Trance","Armaments"],"picked":"Bludgeon","floor":7},{"not_picked":["Burning Pact","Pummel"],"picked":"Cleave","floor":10},{"not_picked":["Blood for Blood","Dropkick"],"picked":"Headbutt","floor":11},{"not_picked":["Body Slam","Thunderclap","Perfected Strike"],"picked":"SKIP","floor":12},{"not_picked":["Feel No Pain","Reckless Charge"],"picked":"Armaments","floor":13},{"not_picked":["Evolve","Headbutt"],"picked":"Iron Wave","floor":14},{"not_picked":["Impervious","Berserk"],"picked":"Corruption","floor":16},{"not_picked":["Sword Boomerang+1","Twin Strike"],"picked":"Heavy Blade","floor":18},{"not_picked":["Armaments","Pommel Strike+1","Cleave"],"picked":"SKIP","floor":20},{"not_picked":["Body Slam","Seeing Red"],"picked":"Shrug It Off","floor":22},{"not_picked":["Cleave","Havoc","Flex"],"picked":"Singing Bowl","floor":23},{"not_picked":["Sword Boomerang","Flex","Fiend Fire"],"picked":"Singing Bowl","floor":24},{"not_picked":["Clash","Whirlwind"],"picked":"Spot Weakness+1","floor":27},{"not_picked":["Pommel Strike","Dropkick","Reckless Charge"],"picked":"Singing Bowl","floor":30},{"not_picked":["True Grit","Headbutt","Sword Boomerang"],"picked":"Singing Bowl","floor":31},{"not_picked":["Berserk","Double Tap"],"picked":"Juggernaut","floor":33},{"not_picked":["Headbutt","Rupture"],"picked":"Cleave+1","floor":35},{"not_picked":["Flame Barrier","Clash"],"picked":"Reaper","floor":36},{"not_picked":["Hemokinesis","True Grit+1","Body Slam"],"picked":"Singing Bowl","floor":36},{"not_picked":["Perfected Strike","Sword Boomerang","Intimidate"],"picked":"Singing Bowl","floor":36},{"not_picked":["Havoc","Pummel","Battle Trance+1"],"picked":"Singing Bowl","floor":36},{"not_picked":["Cleave","Sword Boomerang"],"picked":"Double Tap","floor":36},{"not_picked":["Flex","Wild Strike+1"],"picked":"Shrug It Off","floor":37},{"not_picked":["Iron Wave","Limit Break"],"picked":"Uppercut","floor":40},{"not_picked":["Wild Strike","Rage"],"picked":"Sentinel","floor":42},{"not_picked":["Blood for Blood","Burning Pact","Rampage"],"picked":"Singing Bowl","floor":44},{"not_picked":["Body Slam+1","Heavy Blade"],"picked":"Seeing Red","floor":46},{"not_picked":["Combust","Rampage+1"],"picked":"Inflame+1","floor":48}],"player_experience":532319,"relics_obtained":[{"floor":7,"key":"Tiny Chest"},{"floor":9,"key":"Orichalcum"},{"floor":10,"key":"Kunai"},{"floor":23,"key":"Singing Bowl"},{"floor":26,"key":"Pear"},{"floor":27,"key":"War Paint"},{"floor":28,"key":"Regal Pillow"},{"floor":37,"key":"Ice Cream"},{"floor":39,"key":"Pen Nib"},{"floor":40,"key":"Centennial Puzzle"},{"floor":43,"key":"Pantograph"}],"event_choices":[{"damage_healed":0,"gold_gain":0,"player_choice":"Upgraded","damage_taken":0,"max_hp_gain":0,"max_hp_loss":0,"event_name":"Upgrade Shrine","floor":2,"gold_loss":0,"cards_upgraded":["Flame Barrier"]},{"damage_healed":0,"gold_gain":0,"player_choice":"Read","damage_taken":0,"max_hp_gain":0,"max_hp_loss":0,"event_name":"The Library","floor":19,"gold_loss":0,"cards_obtained":["Clothesline"]},{"damage_healed":0,"gold_gain":0,"player_choice":"Ignored","damage_taken":0,"max_hp_gain":0,"max_hp_loss":0,"event_name":"Ghosts","floor":21,"gold_loss":0},{"damage_healed":0,"gold_gain":0,"player_choice":"Fight","damage_taken":0,"max_hp_gain":0,"max_hp_loss":0,"event_name":"MindBloom","floor":37,"gold_loss":0},{"damage_healed":0,"gold_gain":0,"player_choice":"Paid Gold","damage_taken":0,"relics_obtained":["Ancient Tea Set"],"max_hp_gain":0,"max_hp_loss":0,"event_name":"WeMeetAgain","floor":38,"gold_loss":106},{"damage_healed":0,"gold_gain":0,"player_choice":"Got Potions","damage_taken":0,"max_hp_gain":0,"max_hp_loss":0,"event_name":"Lab","floor":47,"gold_loss":0}],"is_beta":false,"boss_relics":[{"not_picked":["Pandora\u0027s Box","Fusion Hammer"],"picked":"Snecko Eye"},{"not_picked":["Busted Crown","Cursed Key","Astrolabe"]}],"items_purged_floors":[],"is_endless":false,"potions_floor_spawned":[4,10,13,14,16,20,23,31,35,40,46,48],"ascension_level":13}}