{"host":"8xp52u5o8fcssvzz","time":1612649535,"event":{"mods":["2.2 Compatiblity","AchievementEnabler","Act Like it!","Aspiration","BaseMod","Better Altar","Better Match","Better Note","Better Sensory Stone","Better Skull","Better Third Choice","BetterRewards","Colored Map","Conspire","Downfall","Gensokyo","GifTheSpireLib","Googly Eyes","Halation","Hallownest","Highlight Path","Hubris","Infinite Spire","Jorbs\u0027s Wanderer Trilogy","Koishi","Lobotomy","LobotomyExtend","Marisa????????","Menagerie","Mimic Mod","Minty Spire (QoL Compilation)","Reimu??????","Remilia??????","Replay The Spire","Shade Mod","Spicy Shops","StSLib","Stuff the Spire","The Administrix","The Blackbeard","The Bladedancer","The Construct","The Cursed","The Gatherer","The Necromancer","The Runesmith","The Servant 0.9.4","The Valiant","TheFirefly","TheSwordswoman","Unceasing Turn Reminder","everything is the same but u backflip on backflip"],"gold_per_floor":[111,123,135,135,167,167,181,181,181,192,212,61,61,73,73,190,190,190,190],"floor_reached":18,"language":"ENG","playtime":1276,"items_purged":[],"score":154,"play_id":"042f14e2-c082-4d28-ae37-d3a2749e7638","local_time":"20210206141215","is_ascension_mode":false,"campfire_choices":[{"data":"AdministrixMod:ImmortalPurity","floor":6,"key":"SMITH"},{"data":"AdministrixMod:PassageOfAges","floor":15,"key":"SMITH"}],"circlet_count":0,"master_deck":["AdministrixMod:Strike_Administrix","AdministrixMod:Strike_Administrix","AdministrixMod:Strike_Administrix","AdministrixMod:Strike_Administrix","AdministrixMod:RedCloak","AdministrixMod:Defend_Administrix","AdministrixMod:Defend_Administrix","AdministrixMod:Defend_Administrix","AdministrixMod:Defend_Administrix","AdministrixMod:BlueCloak","AdministrixMod:TenDesires","AdministrixMod:BegetEternity","AdministrixMod:PassageOfAges+1","AdministrixMod:PassageOfAges","AdministrixMod:ImmortalPurity+1","AdministrixMod:StarSwordSoul+1","AdministrixMod:ImmortalGrace","AdministrixMod:LifeforceNet"],"relics":["AdministrixMod:ConductorRitualBaton","LetterFromLob","Potion Belt","hubris:TinFlute","halation:Jellyphish","ReplayTheSpireMod:Ring of Challenge","Ring of Fangs","RedMistMask","conspire:SpecialSausage","hubris:SlimyHat"],"acts_visited":["Exordium","TheCity"],"potions_floor_usage":[16,16,16],"damage_taken":[{"damage":6,"enemies":"2 Louse","floor":1,"turns":4},{"damage":1,"enemies":"Jaw Worm","floor":2,"turns":3},{"damage":0,"enemies":"Small Slimes","floor":3,"turns":5},{"damage":5,"enemies":"Blue Slaver","floor":5,"turns":8},{"damage":0,"enemies":"Blue Slaver","floor":7,"turns":4},{"damage":18,"enemies":"Exordium Thugs","floor":10,"turns":4},{"damage":3,"enemies":"2 Fungi Beasts","floor":11,"turns":3},{"damage":5,"enemies":"Large Slime","floor":14,"turns":5},{"damage":13,"enemies":"The Guardian","floor":16,"turns":10},{"damage":0,"enemies":"Spheric Guardian","floor":18,"turns":2}],"seed_played":"-4471873672947535537","potions_obtained":[{"floor":1,"key":"Dexterity Potion"},{"floor":10,"key":"champ:CounterPotion"},{"floor":11,"key":"Fire Potion"},{"floor":16,"key":"SpeedPotion"}],"is_trial":false,"path_per_floor":["M","M","M","?","MIM","R","M","?","T","M","M","$","?","M","R","B",null,"M"],"character_chosen":"TheAdministrix","items_purchased":["halation:Jellyphish"],"campfire_rested":0,"item_purchase_floors":[12],"current_hp_per_floor":[59,58,58,58,53,53,53,53,53,35,32,32,32,27,27,14,65,65,65],"gold":190,"neow_bonus":"ONE_RANDOM_RARE_CARD","is_daily":false,"chose_seed":false,"campfire_upgraded":2,"win_rate":0.0,"timestamp":1612649535,"path_taken":["M","M","M","?","?","R","M","?","T","M","?","$","?","M","R","BOSS","M"],"items_purchased_type":["Relic"],"build_version":"2020-12-22","purchased_purges":0,"victory":false,"max_hp_per_floor":[65,65,65,65,65,65,65,65,65,65,65,65,65,65,65,65,65,65,65],"card_choices":[{"not_picked":["AdministrixMod:Katabasis","AdministrixMod:MixOfMercury"],"picked":"AdministrixMod:BegetEternity","floor":1},{"not_picked":["AdministrixMod:WickedPunishment","AdministrixMod:ArmillarySphere"],"picked":"AdministrixMod:PassageOfAges","floor":2},{"not_picked":["AdministrixMod:RegentEdict","AdministrixMod:BegetEternity"],"picked":"AdministrixMod:PassageOfAges","floor":3},{"not_picked":["AdministrixMod:RebukeDesires","AdministrixMod:PassageOfAges"],"picked":"AdministrixMod:ImmortalPurity","floor":5},{"not_picked":["AdministrixMod:PlateOfAntiquity","AdministrixMod:BishamonBlessing"],"picked":"AdministrixMod:StarSwordSoul","floor":7},{"not_picked":["AdministrixMod:SipOfSparks","AdministrixMod:UnstableVigor","AdministrixMod:PlateOfAntiquity"],"picked":"SKIP","floor":10},{"not_picked":["AdministrixMod:PassageOfAges","AdministrixMod:Katabasis"],"picked":"AdministrixMod:ImmortalGrace","floor":11},{"not_picked":["AdministrixMod:RebukeDesires","AdministrixMod:BloodBargain","AdministrixMod:TrickOfTheLight"],"picked":"SKIP","floor":14},{"not_picked":["AdministrixMod:AmassedMasks","AdministrixMod:FearOfDeath"],"picked":"AdministrixMod:LifeforceNet","floor":16}],"player_experience":475608,"relics_obtained":[{"floor":1,"key":"LetterFromLob"},{"floor":5,"key":"Potion Belt"},{"floor":9,"key":"hubris:TinFlute"},{"floor":13,"key":"ReplayTheSpireMod:Ring of Challenge"},{"floor":13,"key":"Ring of Fangs"},{"floor":16,"key":"RedMistMask"}],"event_choices":[{"damage_healed":0,"gold_gain":0,"player_choice":"Forge","damage_taken":0,"max_hp_gain":0,"max_hp_loss":0,"event_name":"Accursed Blacksmith","floor":8,"gold_loss":0,"cards_upgraded":["AdministrixMod:StarSwordSoul"]}],"is_beta":false,"boss_relics":[{"not_picked":["Velvet Choker","halation:Risk"],"picked":"conspire:SpecialSausage"}],"items_purged_floors":[],"is_endless":false,"potions_floor_spawned":[1,10,11,16],"killed_by":"Spheric Guardian","ascension_level":0}}