{"host":"prxrhpgaxnj4om9r","time":1612590185,"event":{"mods":["AchievementEnabler","BaseMod","DeckTracker","Keyboard Shortcuts","Minty Spire (QoL Compilation)"],"gold_per_floor":[116,116,135,150,164,164,182,209,236,249,274,274,274,285,285,285,285],"floor_reached":16,"language":"KOR","playtime":1872,"items_purged":[],"score":120,"play_id":"e1839a74-1fcf-4c11-85ce-72e230169dc0","local_time":"20210206144305","is_ascension_mode":true,"campfire_choices":[{"data":"Madness","floor":6,"key":"SMITH"},{"data":"Body Slam","floor":13,"key":"SMITH"},{"data":"Fiend Fire","floor":15,"key":"SMITH"}],"circlet_count":0,"master_deck":["Strike_R","Strike_R","Strike_R","Strike_R","Defend_R","Defend_R","Defend_R","Defend_R","Bash","Madness+1","Body Slam+1","Flex","Reaper","Body Slam+1","Feed","Fiend Fire+1","Rage","Disarm","Flex","Reckless Charge"],"relics":["Burning Blood","Torii","Blood Vial","Odd Mushroom"],"acts_visited":["Exordium"],"potions_floor_usage":[5,7,11,14],"damage_taken":[{"damage":14,"enemies":"Small Slimes","floor":1,"turns":5},{"damage":1,"enemies":"Cultist","floor":3,"turns":3},{"damage":1,"enemies":"2 Louse","floor":4,"turns":3},{"damage":10,"enemies":"Exordium Thugs","floor":5,"turns":6},{"damage":34,"enemies":"Exordium Wildlife","floor":7,"turns":7},{"damage":50,"enemies":"3 Sentries","floor":8,"turns":10},{"damage":9,"enemies":"3 Louse","floor":10,"turns":4},{"damage":29,"enemies":"The Mushroom Lair","floor":11,"turns":5},{"damage":0,"enemies":"Looter","floor":14,"turns":4},{"damage":58,"enemies":"The Guardian","floor":16,"turns":19}],"seed_played":"-7116883150218602353","potions_obtained":[{"floor":1,"key":"DistilledChaos"},{"floor":4,"key":"EssenceOfSteel"},{"floor":10,"key":"Weak Potion"},{"floor":11,"key":"Block Potion"}],"is_trial":false,"path_per_floor":["M","?","M","M","M","R","M","E","T","M","?","?","R","M","R","B"],"character_chosen":"IRONCLAD","items_purchased":[],"campfire_rested":0,"item_purchase_floors":[],"current_hp_per_floor":[72,72,77,80,80,80,61,38,38,52,42,42,42,50,50,0,0],"gold":285,"neow_bonus":"RANDOM_COLORLESS","is_daily":false,"chose_seed":false,"campfire_upgraded":3,"win_rate":0.0,"timestamp":1612590185,"path_taken":["M","?","M","M","M","R","?","E","T","M","?","?","R","?","R","BOSS"],"items_purchased_type":[],"build_version":"2020-12-22","purchased_purges":0,"victory":false,"max_hp_per_floor":[80,80,80,80,80,80,80,83,83,86,89,89,89,89,89,89,89],"card_choices":[{"not_picked":["Forethought","PanicButton"],"picked":"Madness","floor":0},{"not_picked":["Anger","True Grit"],"picked":"Body Slam","floor":1},{"not_picked":["Anger","Iron Wave"],"picked":"Flex","floor":3},{"not_picked":["Thunderclap","Iron Wave"],"picked":"Reaper","floor":4},{"not_picked":["Clothesline","Havoc"],"picked":"Body Slam","floor":5},{"not_picked":["Warcry","Anger"],"picked":"Feed","floor":7},{"not_picked":["Pummel","Twin Strike"],"picked":"Fiend Fire","floor":8},{"not_picked":["Clothesline","Wild Strike"],"picked":"Rage","floor":10},{"not_picked":["Rage","Twin Strike"],"picked":"Disarm","floor":11},{"not_picked":["Warcry","Twin Strike"],"picked":"Reckless Charge","floor":14}],"player_experience":276944,"relics_obtained":[{"floor":8,"key":"Torii"},{"floor":9,"key":"Blood Vial"},{"floor":11,"key":"Odd Mushroom"}],"event_choices":[{"damage_healed":0,"gold_gain":0,"player_choice":"Upgraded","damage_taken":0,"max_hp_gain":0,"max_hp_loss":0,"event_name":"Upgrade Shrine","floor":2,"gold_loss":0,"cards_upgraded":["Body Slam"]},{"damage_healed":0,"gold_gain":0,"player_choice":"Fought Mushrooms","damage_taken":0,"max_hp_gain":0,"max_hp_loss":0,"event_name":"Mushrooms","floor":11,"gold_loss":0},{"damage_healed":0,"gold_gain":0,"cards_transformed":["Strike_R"],"player_choice":"Transformed","damage_taken":0,"max_hp_gain":0,"max_hp_loss":0,"event_name":"Transmorgrifier","floor":12,"gold_loss":0,"cards_obtained":["Flex"]}],"is_beta":false,"boss_relics":[],"items_purged_floors":[],"is_endless":false,"potions_floor_spawned":[1,4,10,11],"killed_by":"The Guardian","ascension_level":3}}