{"host":"q9718omregw4er46","time":1612618338,"event":{"mods":["BaseMod","Bestiary","Minty Spire (QoL Compilation)","Quick Restart","Relic Stats"],"gold_per_floor":[112,112,132,42,54,54,79,79,79,79,113,113,133,147,147,238,238,263,263,274,284,303,303,329,329,353,383,401,430,444,454,454,527,527,541,63,88,101,101,135,55,55,128,155,172,172,209,228,228,228,228,228,228,27,59,59],"floor_reached":57,"language":"ENG","playtime":4544,"items_purged":["Strike_P+1","Strike_P+1"],"score":3024,"play_id":"fb15e099-782a-4c62-8700-56b0276f106a","local_time":"20210206183218","is_ascension_mode":true,"campfire_choices":[{"data":"BowlingBash","floor":6.0,"key":"SMITH"},{"data":"Meditate","floor":8.0,"key":"SMITH"},{"data":"LikeWater","floor":12.0,"key":"SMITH"},{"data":"FlurryOfBlows","floor":15.0,"key":"SMITH"},{"data":"TalkToTheHand","floor":23.0,"key":"SMITH"},{"floor":25.0,"key":"REST"},{"data":"TalkToTheHand","floor":32.0,"key":"SMITH"},{"floor":42.0,"key":"RECALL"},{"floor":49.0,"key":"REST"},{"floor":53.0,"key":"REST"}],"circlet_count":0,"master_deck":["AscendersBane","Strike_P+1","Strike_P+1","Defend_P+1","Defend_P+1","Defend_P+1","Eruption+1","Vigilance+1","BowlingBash+1","Meditate+1","Tantrum+1","FlurryOfBlows+1","LessonLearned+1","LikeWater+1","CarveReality+1","DevaForm+1","FearNoEvil+1","Halt+1","TalkToTheHand+1","TalkToTheHand+1","WaveOfTheHand+1","Wallop+1","Ragnarok+1","WheelKick+1","CutThroughFate+1","Fasting2+1","Wallop+1","Secret Weapon+1","Fasting2+1","CutThroughFate+1","Meditate+1","ThirdEye"],"relics":["PureWater","Ornamental Fan","Centennial Puzzle","Bloody Idol","Eternal Feather","Black Star","The Courier","Meat on the Bone","Anchor","Ancient Tea Set","Lantern","Orichalcum","Letter Opener","Fusion Hammer","Strawberry","Orrery","Bird Faced Urn","Bag of Preparation","Whetstone","Nunchaku","War Paint","Pantograph","CeramicFish","ClockworkSouvenir","Mummified Hand","Bottled Tornado"],"acts_visited":["Exordium","TheCity","TheBeyond","TheEnding"],"potions_floor_usage":[55,56,56],"damage_taken":[{"damage":10.0,"enemies":"Small Slimes","floor":1.0,"turns":5.0},{"damage":0.0,"enemies":"Jaw Worm","floor":3.0,"turns":3.0},{"damage":0.0,"enemies":"2 Louse","floor":5.0,"turns":2.0},{"damage":0.0,"enemies":"Gremlin Nob","floor":7.0,"turns":2.0},{"damage":15.0,"enemies":"Lagavulin","floor":11.0,"turns":6.0},{"damage":0.0,"enemies":"Large Slime","floor":13.0,"turns":3.0},{"damage":6.0,"enemies":"Looter","floor":14.0,"turns":5.0},{"damage":0.0,"enemies":"Slime Boss","floor":16.0,"turns":7.0},{"damage":2.0,"enemies":"Shell Parasite","floor":18.0,"turns":4.0},{"damage":2.0,"enemies":"2 Thieves","floor":20.0,"turns":4.0},{"damage":23.0,"enemies":"Shelled Parasite and Fungi","floor":21.0,"turns":4.0},{"damage":17.0,"enemies":"Snake Plant","floor":22.0,"turns":4.0},{"damage":23.0,"enemies":"Gremlin Leader","floor":24.0,"turns":6.0},{"damage":0.0,"enemies":"Slavers","floor":27.0,"turns":4.0},{"damage":0.0,"enemies":"Centurion and Healer","floor":28.0,"turns":7.0},{"damage":22.0,"enemies":"Gremlin Leader","floor":29.0,"turns":7.0},{"damage":13.0,"enemies":"Snecko","floor":30.0,"turns":5.0},{"damage":9.0,"enemies":"Sentry and Sphere","floor":31.0,"turns":8.0},{"damage":7.0,"enemies":"Champ","floor":33.0,"turns":21.0},{"damage":10.0,"enemies":"3 Shapes","floor":35.0,"turns":10.0},{"damage":2.0,"enemies":"Mind Bloom Boss Battle","floor":37.0,"turns":6.0},{"damage":17.0,"enemies":"3 Darklings","floor":38.0,"turns":10.0},{"damage":39.0,"enemies":"Nemesis","floor":40.0,"turns":5.0},{"damage":12.0,"enemies":"Reptomancer","floor":44.0,"turns":9.0},{"damage":4.0,"enemies":"Spire Growth","floor":45.0,"turns":3.0},{"damage":0.0,"enemies":"Giant Head","floor":47.0,"turns":7.0},{"damage":0.0,"enemies":"4 Shapes","floor":48.0,"turns":11.0},{"damage":28.0,"enemies":"Time Eater","floor":50.0,"turns":12.0},{"damage":29.0,"enemies":"Donu and Deca","floor":51.0,"turns":7.0},{"damage":3,"enemies":"Shield and Spear","floor":55,"turns":3},{"damage":64,"enemies":"The Heart","floor":56,"turns":8}],"seed_played":"4698490303288733625","potions_obtained":[{"floor":1.0,"key":"Ambrosia"},{"floor":5.0,"key":"AttackPotion"},{"floor":7.0,"key":"SteroidPotion"},{"floor":11.0,"key":"GamblersBrew"},{"floor":20.0,"key":"Ancient Potion"},{"floor":24.0,"key":"Ambrosia"},{"floor":27.0,"key":"BottledMiracle"},{"floor":30.0,"key":"Regen Potion"},{"floor":37.0,"key":"BottledMiracle"},{"floor":44.0,"key":"SkillPotion"},{"floor":47.0,"key":"Strength Potion"},{"floor":55,"key":"BlessingOfTheForge"}],"is_trial":false,"path_per_floor":["M","?","M","$","M","R","E","R","T","?","E","R","M","M","R","B",null,"M","?","M","M","M","R","E","R","T","E","M","E","M","M","R","B",null,"M","$","?","M","?","E","$","R","T","E","M","?","E","M","R","B","B",null,"R","$","E","B",null],"character_chosen":"WATCHER","items_purchased":["Tantrum","Strawberry","Orrery","Fruit Juice","Fasting2","ClockworkSouvenir","SkillPotion","ThirdEye"],"campfire_rested":3,"item_purchase_floors":[4,36,36,36,36,54,54,54],"current_hp_per_floor":[57,35,35,35,35,35,35,35,35,35,20,29,29,23,32,32,58,56,56,64,46,34,46,28,60,65,67,67,50,42,50,65,63,66,61,68,76,70,65,49,49,64,69,68,71,71,79,79,79,57,50,72,79,79,79,29],"gold":59,"neow_bonus":"TEN_PERCENT_HP_BONUS","is_daily":false,"chose_seed":false,"campfire_upgraded":6,"win_rate":0.0,"timestamp":1612618338,"path_taken":["M","?","M","$","M","R","E","R","T","?","E","R","M","M","R","BOSS","M","?","M","M","M","R","E","R","T","E","M","E","M","M","R","BOSS","M","$","?","M","?","E","$","R","T","E","M","?","E","M","R","BOSS","BOSS","R","$","E","BOSS"],"items_purchased_type":["Card","Relic","Relic","Potion","Card","Relic","Potion","Card"],"build_version":"2020-12-22","purchased_purges":2,"victory":true,"max_hp_per_floor":[74,74,74,74,74,74,74,74,74,67,67,67,67,67,67,67,67,67,67,67,67,67,67,67,67,67,67,67,67,67,67,67,67,67,67,74,79,79,79,79,79,79,79,79,79,79,79,79,79,79,79,79,79,79,79,79],"relic_stats":{"counters":[31,198],"CeramicFish":27,"Eternal Feather":79,"Bag of Preparation":[16],"Letter Opener":[120],"Whetstone":["CarveReality"],"Orichalcum":[42],"War Paint":["Secret Weapon","Halt"],"Centennial Puzzle":[63],"Nunchaku":[12],"Ornamental Fan":[380],"Mummified Hand":[5],"Bloody Idol":88,"Bird Faced Urn":[38],"Pantograph":22,"Black Star":7,"obtain_stats":[{"Lantern":27,"CeramicFish":47,"Bag of Preparation":40,"Whetstone":40,"Bottled Tornado":55,"Ancient Tea Set":27,"ClockworkSouvenir":54,"Centennial Puzzle":9,"Nunchaku":44,"Mummified Hand":55,"Strawberry":36,"Pantograph":47,"Fusion Hammer":34,"Golden Idol":10,"Eternal Feather":11,"The Courier":24,"Letter Opener":29,"Orichalcum":29,"War Paint":44,"Anchor":26,"Ornamental Fan":7,"Bloody Idol":19,"Bird Faced Urn":37,"Orrery":36,"Black Star":17,"PureWater":0,"Meat on the Bone":24},{"Lantern":14,"CeramicFish":26,"Bag of Preparation":23,"Whetstone":23,"Bottled Tornado":30,"Ancient Tea Set":14,"ClockworkSouvenir":29,"Centennial Puzzle":4,"Nunchaku":24,"Mummified Hand":30,"Strawberry":20,"Pantograph":26,"Fusion Hammer":19,"Golden Idol":4,"Eternal Feather":5,"The Courier":13,"Letter Opener":16,"Orichalcum":16,"War Paint":24,"Anchor":13,"Ornamental Fan":4,"Bloody Idol":9,"Bird Faced Urn":21,"Orrery":20,"Black Star":8,"PureWater":0,"Meat on the Bone":13},{"Lantern":59,"CeramicFish":157,"Bag of Preparation":138,"Whetstone":138,"Bottled Tornado":190,"Ancient Tea Set":59,"ClockworkSouvenir":187,"Centennial Puzzle":12,"Nunchaku":147,"Mummified Hand":190,"Strawberry":117,"Pantograph":157,"Fusion Hammer":107,"Golden Idol":12,"Eternal Feather":18,"The Courier":55,"Letter Opener":73,"Orichalcum":73,"War Paint":147,"Anchor":55,"Ornamental Fan":12,"Bloody Idol":37,"Bird Faced Urn":123,"Orrery":117,"Black Star":33,"PureWater":0,"Meat on the Bone":55}],"Meat on the Bone":36},"card_choices":[{"not_picked":["SandsOfTime","WreathOfFlame"],"picked":"BowlingBash","floor":1.0},{"not_picked":["EmptyMind","Sanctity"],"picked":"Meditate","floor":3.0},{"not_picked":["Halt","Consecrate"],"picked":"FlurryOfBlows","floor":5.0},{"not_picked":["WheelKick","BowlingBash"],"picked":"LessonLearned","floor":7.0},{"not_picked":["Weave","FlyingSleeves"],"picked":"LikeWater","floor":11.0},{"not_picked":["InnerPeace","CrushJoints"],"picked":"CarveReality","floor":13.0},{"not_picked":["Collect","EmptyBody","SashWhip"],"picked":"SKIP","floor":14.0},{"not_picked":["LessonLearned","ConjureBlade"],"picked":"DevaForm","floor":16.0},{"not_picked":["Crescendo","Evaluate"],"picked":"FearNoEvil","floor":18.0},{"not_picked":["Evaluate","CutThroughFate"],"picked":"Halt","floor":20.0},{"not_picked":["Crescendo","Perseverance"],"picked":"TalkToTheHand","floor":21.0},{"not_picked":["EmptyFist+1","PathToVictory"],"picked":"TalkToTheHand","floor":22.0},{"not_picked":["Vengeance","Alpha"],"picked":"WaveOfTheHand","floor":24.0},{"not_picked":["Perseverance","EmptyBody","SashWhip"],"picked":"SKIP","floor":27.0},{"not_picked":["SashWhip+1","Consecrate"],"picked":"Wallop+1","floor":28.0},{"not_picked":["BowlingBash+1","PathToVictory","Halt"],"picked":"SKIP","floor":29.0},{"not_picked":["BowlingBash+1","PathToVictory","Halt"],"picked":"SKIP","floor":29.0},{"not_picked":["Study","Prostrate","Crescendo"],"picked":"SKIP","floor":30.0},{"not_picked":["Perseverance+1","SignatureMove","PathToVictory"],"picked":"SKIP","floor":31.0},{"not_picked":["Brilliance","LessonLearned"],"picked":"Ragnarok","floor":33.0},{"not_picked":["Prostrate+1","Nirvana"],"picked":"WheelKick","floor":35.0},{"not_picked":["WindmillStrike+1","FollowUp"],"picked":"CutThroughFate+1","floor":36.0},{"not_picked":["FlyingSleeves+1","Sanctity"],"picked":"Wallop+1","floor":38.0},{"not_picked":["Forethought","Good Instincts"],"picked":"Secret Weapon","floor":39.0},{"not_picked":["ReachHeaven+1","BowlingBash","EmptyFist+1"],"picked":"SKIP","floor":40.0},{"not_picked":["Weave","JustLucky","SignatureMove"],"picked":"SKIP","floor":44.0},{"not_picked":["Protect+1","FollowUp"],"picked":"Fasting2","floor":45.0},{"not_picked":["SashWhip","JustLucky"],"picked":"CutThroughFate","floor":47.0},{"not_picked":["WheelKick","CutThroughFate"],"picked":"Meditate","floor":48.0},{"not_picked":["SashWhip","Pray","Halt"],"picked":"SKIP","floor":55}],"player_experience":785459,"relics_obtained":[{"floor":7.0,"key":"Ornamental Fan"},{"floor":9.0,"key":"Centennial Puzzle"},{"floor":11.0,"key":"Eternal Feather"},{"floor":24.0,"key":"The Courier"},{"floor":24.0,"key":"Meat on the Bone"},{"floor":26.0,"key":"Anchor"},{"floor":27.0,"key":"Ancient Tea Set"},{"floor":27.0,"key":"Lantern"},{"floor":29.0,"key":"Orichalcum"},{"floor":29.0,"key":"Letter Opener"},{"floor":37.0,"key":"Bird Faced Urn"},{"floor":40.0,"key":"Bag of Preparation"},{"floor":40.0,"key":"Whetstone"},{"floor":44.0,"key":"Nunchaku"},{"floor":44.0,"key":"War Paint"},{"floor":47.0,"key":"Pantograph"},{"floor":47.0,"key":"CeramicFish"},{"floor":55,"key":"Mummified Hand"},{"floor":55,"key":"Bottled Tornado"}],"event_choices":[{"damage_healed":0.0,"max_hp_gain":0.0,"max_hp_loss":0.0,"gold_gain":0.0,"event_name":"Shining Light","player_choice":"Entered Light","floor":2.0,"gold_loss":0.0,"damage_taken":22.0,"cards_upgraded":["Strike_P","Eruption"]},{"damage_healed":0.0,"max_hp_gain":0.0,"max_hp_loss":7.0,"gold_gain":0.0,"event_name":"Golden Idol","player_choice":"Lose Max HP","floor":10.0,"gold_loss":0.0,"damage_taken":0.0,"relics_obtained":["Golden Idol"]},{"damage_healed":0.0,"max_hp_gain":0.0,"max_hp_loss":0.0,"gold_gain":0.0,"event_name":"Forgotten Altar","player_choice":"Gave Idol","floor":19.0,"relics_lost":["Golden Idol"],"gold_loss":0.0,"damage_taken":0.0,"relics_obtained":["Bloody Idol"]},{"damage_healed":0.0,"max_hp_gain":0.0,"max_hp_loss":0.0,"gold_gain":0.0,"event_name":"MindBloom","player_choice":"Fight","floor":37.0,"gold_loss":0.0,"damage_taken":0.0},{"damage_healed":0.0,"max_hp_gain":0.0,"max_hp_loss":0.0,"gold_gain":0.0,"event_name":"SensoryStone","player_choice":"Memory 2","floor":39.0,"gold_loss":0.0,"damage_taken":5.0},{"cards_removed":["Defend_P"],"damage_healed":0.0,"max_hp_gain":0.0,"max_hp_loss":0.0,"gold_gain":0.0,"event_name":"Falling","player_choice":"Removed Skill","floor":46.0,"gold_loss":0.0,"damage_taken":0.0}],"is_beta":false,"boss_relics":[{"not_picked":["Snecko Eye","SacredBark"],"picked":"Black Star"},{"not_picked":["Velvet Choker","Philosopher\u0027s Stone"],"picked":"Fusion Hammer"}],"items_purged_floors":[36,41],"is_endless":false,"potions_floor_spawned":[1,5,7,11,20,24,27,30,31,33,37,40,44,47,55],"ascension_level":20}}