{"host":"oehe2dxjvdgux73m","time":1612620680,"event":{"mods":["AchievementEnabler","BaseMod","Colored Map","Colored Powertips","DeckTracker","Keyboard Shortcuts","Minty Spire (QoL Compilation)","Permanent Neow","Quick Restart","StSLib","SuperFastMode"],"gold_per_floor":[110,35,35,59,84,84,119,119,119,150,150,173,216,231,231,330,330,353,353,416,466,69,69,69],"floor_reached":23,"language":"KOR","playtime":623,"items_purged":["Strike_G","Strike_G"],"score":418,"play_id":"69bed7be-c488-420f-a46a-d7f4c6a4301b","local_time":"20210206231120","is_ascension_mode":true,"campfire_choices":[{"data":"Noxious Fumes","floor":6.0,"key":"SMITH"},{"data":"Bouncing Flask","floor":8.0,"key":"SMITH"},{"data":"Neutralize","floor":15.0,"key":"SMITH"}],"circlet_count":0,"master_deck":["AscendersBane","Strike_G","Strike_G","Strike_G","Defend_G","Defend_G","Defend_G","Defend_G","Defend_G","Survivor","Neutralize+1","Blade Dance","Noxious Fumes+1","Bouncing Flask+1","PiercingWail","Escape Plan","Escape Plan","Corpse Explosion"],"relics":["Ring of the Snake","Bloody Idol","Bag of Preparation","Singing Bowl","The Courier","Blue Candle","Philosopher\u0027s Stone","SsserpentHead","Incense Burner"],"acts_visited":["Exordium","TheCity"],"potions_floor_usage":[23,23],"damage_taken":[{"damage":0.0,"enemies":"2 Louse","floor":1.0,"turns":4.0},{"damage":0.0,"enemies":"Cultist","floor":4.0,"turns":4.0},{"damage":3.0,"enemies":"Small Slimes","floor":5.0,"turns":4.0},{"damage":18.0,"enemies":"Lagavulin","floor":7.0,"turns":11.0},{"damage":19.0,"enemies":"Gremlin Nob","floor":10.0,"turns":4.0},{"damage":2.0,"enemies":"Exordium Thugs","floor":12.0,"turns":4.0},{"damage":12.0,"enemies":"3 Sentries","floor":13.0,"turns":6.0},{"damage":4.0,"enemies":"Looter","floor":14.0,"turns":4.0},{"damage":18.0,"enemies":"Hexaghost","floor":16.0,"turns":8.0},{"damage":15.0,"enemies":"2 Thieves","floor":18.0,"turns":4.0},{"damage":26.0,"enemies":"Shell Parasite","floor":20.0,"turns":5.0},{"damage":17,"enemies":"Slavers","floor":23,"turns":3}],"seed_played":"1533679046939704624","potions_obtained":[{"floor":4.0,"key":"ColorlessPotion"},{"floor":12.0,"key":"Poison Potion"},{"floor":13.0,"key":"FearPotion"},{"floor":16.0,"key":"Weak Potion"},{"floor":20.0,"key":"Block Potion"}],"is_trial":false,"path_per_floor":["M","$","?","M","M","R","E","R","T","E","?","M","E","M","R","B",null,"M","?","M","?","$","E"],"character_chosen":"THE_SILENT","items_purchased":["Incense Burner","Swift Potion"],"campfire_rested":0,"item_purchase_floors":[22,22],"current_hp_per_floor":[59,59,59,59,56,56,38,38,38,19,70,70,58,54,54,36,63,50,50,26,26,26,9,9],"gold":69,"neow_bonus":"ONE_RANDOM_RARE_CARD","is_daily":false,"chose_seed":false,"campfire_upgraded":3,"win_rate":0.0,"timestamp":1612620680,"path_taken":["M","$","?","M","M","R","E","R","T","E","?","?","E","M","R","BOSS","M","?","?","?","$","E"],"items_purchased_type":["Relic","Potion"],"build_version":"2020-12-22","purchased_purges":2,"victory":false,"max_hp_per_floor":[66,66,60,60,60,60,60,60,60,60,70,72,72,72,72,72,72,74,74,76,76,76,76,76],"card_choices":[{"not_picked":["Quick Slash","Concentrate"],"picked":"Blade Dance","floor":1.0},{"not_picked":["Masterful Stab","Underhanded Strike"],"picked":"Noxious Fumes","floor":4.0},{"not_picked":["Sucker Punch","Setup","Riddle With Holes"],"picked":"SKIP","floor":5.0},{"not_picked":["Leg Sweep","Skewer"],"picked":"Bouncing Flask","floor":7.0},{"not_picked":["Expertise","Dagger Spray"],"picked":"PiercingWail","floor":10.0},{"not_picked":["Storm of Steel","Deflect","Sucker Punch"],"picked":"Singing Bowl","floor":12.0},{"not_picked":["Dagger Spray","Distraction"],"picked":"Escape Plan","floor":13.0},{"not_picked":["Dagger Throw","Heel Hook"],"picked":"Escape Plan","floor":14.0},{"not_picked":["Night Terror","Burst"],"picked":"Corpse Explosion","floor":16.0},{"not_picked":["Slice","Quick Slash","Bane"],"picked":"Singing Bowl","floor":18.0},{"not_picked":["Flying Knee","Quick Slash","Sucker Punch+1"],"picked":"Singing Bowl","floor":20.0}],"player_experience":391490,"relics_obtained":[{"floor":7.0,"key":"Bag of Preparation"},{"floor":9.0,"key":"Singing Bowl"},{"floor":10.0,"key":"The Courier"},{"floor":13.0,"key":"Blue Candle"}],"event_choices":[{"damage_healed":0.0,"max_hp_gain":0.0,"max_hp_loss":6.0,"gold_gain":0.0,"event_name":"Golden Idol","player_choice":"Lose Max HP","floor":3.0,"gold_loss":0.0,"damage_taken":0.0,"relics_obtained":["Golden Idol"]},{"cards_removed":["After Image"],"damage_healed":41.0,"max_hp_gain":10.0,"max_hp_loss":0.0,"gold_gain":0.0,"event_name":"Bonfire Elementals","player_choice":"Offered Rare","floor":11.0,"gold_loss":0.0,"damage_taken":0.0},{"damage_healed":0.0,"max_hp_gain":0.0,"max_hp_loss":0.0,"gold_gain":0.0,"event_name":"FaceTrader","player_choice":"Trade","floor":19.0,"gold_loss":0.0,"damage_taken":0.0,"relics_obtained":["SsserpentHead"]},{"damage_healed":0.0,"max_hp_gain":0.0,"max_hp_loss":0.0,"gold_gain":0.0,"event_name":"Forgotten Altar","player_choice":"Gave Idol","floor":21.0,"relics_lost":["Golden Idol"],"gold_loss":0.0,"damage_taken":0.0,"relics_obtained":["Bloody Idol"]}],"is_beta":false,"boss_relics":[{"not_picked":["Fusion Hammer","Ring of the Serpent"],"picked":"Philosopher\u0027s Stone"}],"items_purged_floors":[2,22],"is_endless":false,"potions_floor_spawned":[4,12,13,16,20],"killed_by":"Slavers","ascension_level":20}}