{"host":"7cp3z5w0tcrrm8ys","time":1612579579,"event":{"mods":["AchievementEnabler","BaseMod","DeckTracker","Minty Spire (QoL Compilation)","StSLib","SuperFastMode"],"gold_per_floor":[111,111,12,31,31,62,62,73,73,98,98,112,125,152,152,226,226,241,241,23,41,57,57,73,73,145,175,175,90,102,136,136,136,136],"floor_reached":33,"language":"KOR","playtime":833,"items_purged":["Strike_R","Strike_R"],"score":740,"play_id":"79a81f0d-050d-4515-982c-fe6b462caca6","local_time":"20210206114619","is_ascension_mode":true,"campfire_choices":[{"data":"Bash","floor":7,"key":"SMITH"},{"data":"Combust","floor":11,"key":"SMITH"},{"data":"Armaments","floor":15,"key":"SMITH"},{"floor":23,"key":"REST"},{"data":"Sentinel","floor":25,"key":"SMITH"},{"floor":28,"key":"REST"},{"data":"Seeing Red","floor":32,"key":"SMITH"}],"circlet_count":0,"master_deck":["AscendersBane","Strike_R+1","Strike_R+1","Defend_R","Defend_R","Defend_R","Defend_R","Bash+1","Uppercut+1","Clash","Combust+1","Sever Soul+1","Fiend Fire+1","Armaments+1","Exhume","Sentinel+1","Havoc+1","Parasite","Seeing Red+1","Body Slam+1","Impervious"],"relics":["Burning Blood","NeowsBlessing","Dead Branch","Molten Egg 2","Odd Mushroom","TungstenRod","Cursed Key","Membership Card","White Beast Statue","Whetstone","Red Skull","The Courier"],"acts_visited":["Exordium","TheCity"],"potions_floor_usage":[10,14,22,24,27,31,33,33],"damage_taken":[{"damage":0,"enemies":"Small Slimes","floor":1,"turns":1},{"damage":0,"enemies":"Cultist","floor":4,"turns":1},{"damage":1,"enemies":"3 Sentries","floor":6,"turns":1},{"damage":9,"enemies":"2 Louse","floor":8,"turns":2},{"damage":5,"enemies":"The Mushroom Lair","floor":10,"turns":3},{"damage":9,"enemies":"Looter","floor":12,"turns":3},{"damage":5,"enemies":"2 Fungi Beasts","floor":13,"turns":3},{"damage":0,"enemies":"Gremlin Nob","floor":14,"turns":2},{"damage":19,"enemies":"Slime Boss","floor":16,"turns":7},{"damage":14,"enemies":"3 Byrds","floor":18,"turns":5},{"damage":21,"enemies":"2 Thieves","floor":21,"turns":3},{"damage":5,"enemies":"3 Cultists","floor":22,"turns":3},{"damage":18,"enemies":"Snake Plant","floor":24,"turns":4},{"damage":30,"enemies":"Gremlin Leader","floor":27,"turns":5},{"damage":2,"enemies":"Centurion and Healer","floor":30,"turns":2},{"damage":3,"enemies":"Book of Stabbing","floor":31,"turns":3},{"damage":88,"enemies":"Automaton","floor":33,"turns":8}],"seed_played":"1160539282119869129","potions_obtained":[{"floor":4,"key":"ElixirPotion"},{"floor":6,"key":"AttackPotion"},{"floor":10,"key":"DistilledChaos"},{"floor":12,"key":"Ancient Potion"},{"floor":21,"key":"LiquidBronze"},{"floor":22,"key":"Dexterity Potion"},{"floor":27,"key":"Swift Potion"},{"floor":30,"key":"BloodPotion"},{"floor":31,"key":"GamblersBrew"}],"is_trial":false,"path_per_floor":["M","?","$","M","$","E","R","M","T","?","R","M","M","E","R","B",null,"M","?","$","M","M","R","M","R","T","E","R","?","M","E","R","B"],"character_chosen":"IRONCLAD","items_purchased":["Clash","Membership Card"],"campfire_rested":2,"item_purchase_floors":[3,20],"current_hp_per_floor":[74,74,74,75,75,75,75,72,72,73,73,70,71,75,75,62,72,64,64,64,49,50,72,60,60,60,36,58,58,62,65,65,0,0],"gold":136,"neow_bonus":"THREE_ENEMY_KILL","is_daily":false,"chose_seed":false,"campfire_upgraded":5,"win_rate":0.0,"timestamp":1612579579,"path_taken":["M","?","$","?","$","E","R","M","T","?","R","M","M","E","R","BOSS","M","?","$","M","M","R","M","R","T","E","R","?","M","E","R","BOSS"],"items_purchased_type":["Card","Relic"],"build_version":"2020-12-22","purchased_purges":2,"victory":false,"max_hp_per_floor":[75,75,75,75,75,75,75,75,75,75,75,75,75,75,75,75,75,75,75,75,75,75,75,75,75,75,75,75,75,75,75,75,75,75],"card_choices":[{"not_picked":["Flex","Shockwave"],"picked":"Uppercut","floor":1},{"not_picked":["Havoc","Sword Boomerang"],"picked":"Combust","floor":4},{"not_picked":["Flex","Spot Weakness","Searing Blow"],"picked":"SKIP","floor":6},{"not_picked":["Inflame","Perfected Strike","Wild Strike"],"picked":"SKIP","floor":8},{"not_picked":["Bloodletting","Feel No Pain"],"picked":"Sever Soul+1","floor":10},{"not_picked":["Rage","Heavy Blade+1"],"picked":"Fiend Fire+1","floor":12},{"not_picked":["Hemokinesis+1","Combust"],"picked":"Armaments","floor":13},{"not_picked":["Battle Trance","Pommel Strike+1","Blood for Blood+1"],"picked":"SKIP","floor":14},{"not_picked":["Feed+1","Double Tap"],"picked":"Exhume","floor":16},{"not_picked":["Havoc","Spot Weakness"],"picked":"Sentinel","floor":18},{"not_picked":["Rage","Inflame"],"picked":"Havoc+1","floor":21},{"not_picked":["Wild Strike+1","Iron Wave+1","Flame Barrier"],"picked":"SKIP","floor":22},{"not_picked":["Twin Strike+1","Sentinel","Armaments+1"],"picked":"SKIP","floor":24},{"not_picked":["Flex","Shrug It Off"],"picked":"Seeing Red","floor":27},{"not_picked":["Intimidate","Pommel Strike+1"],"picked":"Body Slam+1","floor":30},{"not_picked":["Headbutt+1","Blood for Blood+1"],"picked":"Impervious","floor":31}],"player_experience":808656,"relics_obtained":[{"floor":6,"key":"Dead Branch"},{"floor":9,"key":"Molten Egg 2"},{"floor":10,"key":"Odd Mushroom"},{"floor":14,"key":"TungstenRod"},{"floor":26,"key":"White Beast Statue"},{"floor":27,"key":"Whetstone"},{"floor":31,"key":"The Courier"}],"event_choices":[{"damage_healed":0,"gold_gain":0,"player_choice":"Upgraded","damage_taken":0,"max_hp_gain":0,"max_hp_loss":0,"event_name":"Upgrade Shrine","floor":2,"gold_loss":0,"cards_upgraded":["Uppercut"]},{"damage_healed":0,"gold_gain":0,"player_choice":"Fought Mushrooms","damage_taken":0,"max_hp_gain":0,"max_hp_loss":0,"event_name":"Mushrooms","floor":10,"gold_loss":0},{"cards_removed":["Strike_R"],"damage_healed":0,"gold_gain":0,"player_choice":"Elegance","damage_taken":0,"max_hp_gain":0,"max_hp_loss":0,"event_name":"Back to Basics","floor":19,"gold_loss":0},{"damage_healed":0,"gold_gain":0,"player_choice":"Obtained Relic","damage_taken":0,"relics_obtained":["Red Skull"],"max_hp_gain":0,"max_hp_loss":0,"event_name":"Addict","floor":29,"gold_loss":85}],"is_beta":false,"boss_relics":[{"not_picked":["Coffee Dripper","SacredBark"],"picked":"Cursed Key"}],"items_purged_floors":[3,20],"is_endless":false,"potions_floor_spawned":[4,6,10,12,21,22,27,30,31],"killed_by":"Automaton","ascension_level":20}}