{"host":"x5w9zppki4gdwvc7","time":1612652089,"event":{"mods":["AchievementEnabler","BaseMod","Colored Powertips","DeckTracker","Minty Spire (QoL Compilation)"],"gold_per_floor":[115,128,148,158,106,136,136,66,66,77,77,103,120,140,140,239,239,253,263,263,353,369,399,409,429,429,449,449,45,55,90,90,187,187,202,219,233,233,253,253,267,267,267],"floor_reached":42,"language":"ENG","playtime":2838,"items_purged":["Defend_P"],"score":508,"play_id":"54e2d342-3354-4bad-9c11-6137991d0a48","local_time":"20210206235449","is_ascension_mode":false,"campfire_choices":[{"data":"PathToVictory","floor":7.0,"key":"SMITH"},{"data":"Eruption","floor":11.0,"key":"SMITH"},{"floor":15.0,"key":"REST"},{"floor":28.0,"key":"REST"},{"floor":32.0,"key":"REST"},{"floor":40,"key":"REST"}],"circlet_count":0,"master_deck":["Defend_P","Defend_P","Eruption+1","Vigilance+1","EmptyFist","Meditate","CutThroughFate","Pray","PathToVictory+1","FearNoEvil","CutThroughFate+1","SignatureMove","LessonLearned+1","Brilliance","Worship+1","EmptyBody+1","FearNoEvil+1","PathToVictory","Finesse","MasterReality","Prostrate+1","PathToVictory","Scrawl","LikeWater","CutThroughFate+1","Brilliance+1","Worship+1","Evaluate+1","JustLucky+1"],"relics":["PureWater","Mango","Calipers","Lizard Tail","Pen Nib","Astrolabe","Bronze Scales","Boot","Molten Egg 2","Nunchaku","Snecko Eye"],"acts_visited":["Exordium","TheCity","TheBeyond"],"potions_floor_usage":[33,33,33,33,39],"damage_taken":[{"damage":6.0,"enemies":"Jaw Worm","floor":1.0,"turns":5.0},{"damage":0.0,"enemies":"Cultist","floor":2.0,"turns":2.0},{"damage":2.0,"enemies":"2 Louse","floor":3.0,"turns":4.0},{"damage":0.0,"enemies":"Large Slime","floor":4.0,"turns":4.0},{"damage":8.0,"enemies":"Gremlin Nob","floor":6.0,"turns":3.0},{"damage":4.0,"enemies":"Blue Slaver","floor":10.0,"turns":2.0},{"damage":26.0,"enemies":"Lagavulin","floor":12.0,"turns":4.0},{"damage":13.0,"enemies":"Red Slaver","floor":13.0,"turns":2.0},{"damage":2.0,"enemies":"2 Fungi Beasts","floor":14.0,"turns":3.0},{"damage":35.0,"enemies":"Hexaghost","floor":16.0,"turns":6.0},{"damage":10.0,"enemies":"Chosen","floor":18.0,"turns":2.0},{"damage":6.0,"enemies":"3 Byrds","floor":19.0,"turns":4.0},{"damage":14.0,"enemies":"Snake Plant","floor":22.0,"turns":3.0},{"damage":21.0,"enemies":"Gremlin Leader","floor":23.0,"turns":4.0},{"damage":13.0,"enemies":"Cultist and Chosen","floor":24.0,"turns":4.0},{"damage":0.0,"enemies":"Snecko","floor":25.0,"turns":2.0},{"damage":5.0,"enemies":"Centurion and Healer","floor":27.0,"turns":3.0},{"damage":18.0,"enemies":"Snake Plant","floor":30.0,"turns":3.0},{"damage":0.0,"enemies":"Book of Stabbing","floor":31.0,"turns":1.0},{"damage":53,"enemies":"Automaton","floor":33,"turns":8},{"damage":34,"enemies":"3 Shapes","floor":35,"turns":5},{"damage":8,"enemies":"3 Darklings","floor":36,"turns":3},{"damage":18,"enemies":"Maw","floor":37,"turns":5},{"damage":17,"enemies":"Spire Growth","floor":39,"turns":3},{"damage":3,"enemies":"3 Darklings","floor":41,"turns":5},{"damage":31,"enemies":"Giant Head","floor":42,"turns":5}],"seed_played":"-1331036068115432412","potions_obtained":[{"floor":2.0,"key":"EntropicBrew"},{"floor":4.0,"key":"DistilledChaos"},{"floor":12.0,"key":"LiquidMemories"},{"floor":14.0,"key":"Dexterity Potion"},{"floor":16.0,"key":"BottledMiracle"},{"floor":18.0,"key":"Swift Potion"},{"floor":23.0,"key":"BlessingOfTheForge"},{"floor":25.0,"key":"Regen Potion"},{"floor":27.0,"key":"FearPotion"},{"floor":30.0,"key":"DuplicationPotion"},{"floor":31.0,"key":"Dexterity Potion"},{"floor":37,"key":"DuplicationPotion"}],"is_trial":false,"path_per_floor":["M","M","M","M","?","E","R","$","T","M","R","E","M","M","R","B",null,"M","M","?","?","M","E","M","M","T","M","R","$","M","E","R","B",null,"M","M","M","?","M","R","M","E"],"character_chosen":"WATCHER","items_purchased":["FearNoEvil","Molten Egg 2","LikeWater"],"campfire_rested":4,"item_purchase_floors":[8,29,29],"current_hp_per_floor":[66,66,64,64,78,70,70,70,70,66,66,40,27,25,50,15,86,76,70,70,52,38,17,4,4,4,8,33,33,15,15,40,40,86,52,44,26,26,9,34,31,0,0],"gold":267,"neow_bonus":"REMOVE_CARD","is_daily":false,"chose_seed":false,"campfire_upgraded":2,"win_rate":0.0,"timestamp":1612652089,"path_taken":["M","M","M","M","?","E","R","$","T","?","R","E","M","M","R","BOSS","M","M","?","?","M","E","M","M","T","M","R","$","?","E","R","BOSS","M","M","M","?","M","R","M","E"],"items_purchased_type":["Card","Relic","Card"],"build_version":"2020-12-22","purchased_purges":1,"victory":false,"max_hp_per_floor":[72,72,72,72,86,86,86,86,86,86,86,86,86,86,86,86,86,86,86,86,86,86,86,86,86,86,86,86,86,86,86,86,86,86,86,86,86,86,86,86,86,86,86],"card_choices":[{"not_picked":["BowlingBash","FlurryOfBlows"],"picked":"EmptyFist","floor":1.0},{"not_picked":["MentalFortress","CrushJoints"],"picked":"Meditate","floor":2.0},{"not_picked":["Crescendo","EmptyBody"],"picked":"CutThroughFate","floor":3.0},{"not_picked":["Omniscience","ClearTheMind"],"picked":"Pray","floor":4.0},{"not_picked":["FollowUp","FlyingSleeves"],"picked":"PathToVictory","floor":6.0},{"not_picked":["CrushJoints","ClearTheMind","FlyingSleeves"],"picked":"SKIP","floor":10.0},{"not_picked":["ThirdEye","Worship"],"picked":"CutThroughFate","floor":12.0},{"not_picked":["Halt","FlurryOfBlows"],"picked":"SignatureMove","floor":13.0},{"not_picked":["SashWhip","WheelKick"],"picked":"LessonLearned","floor":14.0},{"not_picked":["SpiritShield","Blasphemy"],"picked":"Brilliance","floor":16.0},{"not_picked":["WreathOfFlame","ClearTheMind","Protect"],"picked":"SKIP","floor":18.0},{"not_picked":["Vengeance","SashWhip+1"],"picked":"PathToVictory","floor":19.0},{"not_picked":["Crescendo","SashWhip","JustLucky"],"picked":"SKIP","floor":22.0},{"not_picked":["ClearTheMind","Evaluate"],"picked":"MasterReality","floor":23.0},{"not_picked":["DeceiveReality","EmptyBody+1"],"picked":"Prostrate+1","floor":24.0},{"not_picked":["Protect","WheelKick+1"],"picked":"PathToVictory","floor":25.0},{"not_picked":["CrushJoints","Tantrum+1"],"picked":"Scrawl","floor":27.0},{"not_picked":["Consecrate+1","Wallop+1","CrushJoints+1"],"picked":"SKIP","floor":30.0},{"not_picked":["TalkToTheHand+1","SignatureMove+1"],"picked":"CutThroughFate+1","floor":31.0},{"not_picked":["Omniscience","SpiritShield"],"picked":"Brilliance+1","floor":33},{"not_picked":["FollowUp+1","MentalFortress+1","EmptyBody"],"picked":"SKIP","floor":35},{"not_picked":["Weave+1","EmptyBody","FlyingSleeves+1"],"picked":"SKIP","floor":36},{"not_picked":["CrushJoints+1","PathToVictory"],"picked":"Worship+1","floor":37},{"not_picked":["Tantrum+1","Adaptation"],"picked":"Evaluate+1","floor":39},{"not_picked":["Crescendo","Prostrate+1"],"picked":"JustLucky+1","floor":41}],"player_experience":508026,"relics_obtained":[{"floor":6.0,"key":"Calipers"},{"floor":9.0,"key":"Lizard Tail"},{"floor":12.0,"key":"Pen Nib"},{"floor":23.0,"key":"Bronze Scales"},{"floor":26.0,"key":"Boot"},{"floor":31.0,"key":"Nunchaku"}],"event_choices":[{"damage_healed":0.0,"max_hp_gain":0.0,"max_hp_loss":0.0,"gold_gain":0.0,"event_name":"WeMeetAgain","player_choice":"Paid Gold","floor":5.0,"gold_loss":52.0,"damage_taken":0.0,"relics_obtained":["Mango"]},{"cards_removed":["Defend_P"],"damage_healed":0.0,"max_hp_gain":0.0,"max_hp_loss":0.0,"gold_gain":0.0,"event_name":"Back to Basics","player_choice":"Elegance","floor":20.0,"gold_loss":0.0,"damage_taken":0.0},{"damage_healed":0.0,"max_hp_gain":0.0,"max_hp_loss":0.0,"gold_gain":90.0,"event_name":"Knowing Skull","player_choice":"GOLD CARD ","floor":21.0,"potions_obtained":[],"gold_loss":0.0,"damage_taken":18.0,"cards_obtained":["Finesse"]},{"damage_healed":0,"gold_gain":0,"player_choice":"Ignored","damage_taken":0,"max_hp_gain":0,"max_hp_loss":0,"event_name":"NoteForYourself","floor":38,"gold_loss":0}],"is_beta":false,"boss_relics":[{"not_picked":["Coffee Dripper","VioletLotus"],"picked":"Astrolabe"},{"not_picked":["Black Star","Tiny House"],"picked":"Snecko Eye"}],"items_purged_floors":[29],"is_endless":false,"potions_floor_spawned":[2,4,12,14,16,18,23,25,27,30,31,37],"killed_by":"Giant Head","ascension_level":0}}