{"host":"vqs1j3qalc1cciyt","time":1612584778,"event":{"mods":["2.2 Compatiblity","AchievementEnabler","Aspiration","BaseMod","Beaked The Cultist","Better Altar","Better Match","Better Note","Better Sensory Stone","Better Skull","Better Third Choice","Clockwork Mod","Colored Map","Conspire","Downfall","Friendly Minions","GifTheSpireLib","Glutton Mod","Halation","Highlight Path","Hubris","Infinite Spire","Minty Spire (QoL Compilation)","RRrroohrrRGHHhhh!!","Replay The Spire","Spicy Shops","StSLib","Stuff the Spire","The Construct","The Cursed","The Disciple","The Hierophant"],"gold_per_floor":[118,118,118,118,41,67,67,67,93,104,104,161,161,192,192,297,297,311,236,236,27,39,39,39],"floor_reached":23,"language":"ENG","playtime":1421,"items_purged":["Strike_R"],"score":261,"play_id":"0f2d94bb-b4cc-4a6f-bdc0-71df2de75483","local_time":"20210205201258","is_ascension_mode":true,"campfire_choices":[{"data":"Infernal Blade","floor":8.0,"key":"SMITH"},{"data":"Rupture","floor":11.0,"key":"SMITH"},{"floor":15.0,"key":"REST"}],"circlet_count":0,"master_deck":["Strike_R","Strike_R","Strike_R","Strike_R","Defend_R","Defend_R","Defend_R","Bash","Flex","Forethought","Infernal Blade+1","Rupture+1","Sword Boomerang","ReplayTheSpireMod:Splinters","Feed+1","Trip+1","Armaments","Flex"],"relics":["Burning Blood","aspiration:Nostalgia","hierophant:PropheticMaskRelic","Toy Ornithopter","Replay:Baseball","Quantum Egg","Gremlin Horn"],"acts_visited":["Exordium","TheCity"],"potions_floor_usage":[],"damage_taken":[{"damage":3.0,"enemies":"Jaw Worm","floor":1.0,"turns":5.0},{"damage":55.0,"enemies":"Lagavulin","floor":6.0,"turns":7.0},{"damage":2.0,"enemies":"2 Louse","floor":10.0,"turns":2.0},{"damage":25.0,"enemies":"Gremlin Nob","floor":14.0,"turns":4.0},{"damage":44.0,"enemies":"The Guardian","floor":16.0,"turns":9.0},{"damage":13.0,"enemies":"Chosen","floor":18.0,"turns":4.0},{"damage":24,"enemies":"conspire:FuzzyDice","floor":22,"turns":6},{"damage":56,"enemies":"Gremlin Leader","floor":23,"turns":4}],"seed_played":"-3978442031622470611","potions_obtained":[{"floor":6.0,"key":"SteroidPotion"},{"floor":10.0,"key":"Energy Potion"},{"floor":12.0,"key":"Ancient Potion"}],"is_trial":false,"path_per_floor":["M","?","$","?","$","E","?","R","T","M","R","?","?","E","R","B",null,"M","?","?","$","M","E"],"character_chosen":"IRONCLAD","items_purchased":["Rupture","Armaments","Flex"],"campfire_rested":1,"item_purchase_floors":[5,21,21],"current_hp_per_floor":[75,75,75,75,75,26,26,26,26,35,35,35,35,21,45,12,63,60,60,60,60,46,0,0],"gold":39,"neow_bonus":"NOSTALGIA","is_daily":false,"chose_seed":false,"campfire_upgraded":2,"win_rate":0.0,"timestamp":1612584778,"path_taken":["M","?","$","?","?","E","?","R","T","?","R","?","?","E","R","BOSS","M","?","?","?","?","E"],"items_purchased_type":["Card","Card","Card"],"build_version":"2020-12-22","purchased_purges":1,"victory":false,"max_hp_per_floor":[80,80,80,80,80,80,80,80,80,80,80,80,80,80,80,80,80,84,84,84,84,88,88,88],"card_choices":[{"not_picked":["Run Through","Heavy Blade"],"picked":"Flex","floor":1.0},{"not_picked":["ReplayTheSpireMod:Uncanny Aura","PanicButton"],"picked":"Forethought","floor":2.0},{"not_picked":["Feed","Rampage"],"picked":"ReplayTheSpireMod:Muscle Training","floor":6.0},{"not_picked":["Massacre","hubris:CleavingFinish"],"picked":"Sword Boomerang","floor":10.0},{"not_picked":["Pommel Strike","Carnage","Havoc"],"picked":"SKIP","floor":14.0},{"not_picked":["ReplayTheSpireMod:Stacked","Sword Boomerang+1","StuffTheSpire:RockThrow+1"],"picked":"SKIP","floor":18.0},{"not_picked":["StuffTheSpire:PlasmaPunch+1","StuffTheSpire:PlasmaPulse+1"],"picked":"Trip+1","floor":19.0},{"not_picked":["True Grit","infinitespire:OneForAll","Barricade"],"picked":"SKIP","floor":22}],"player_experience":938430,"relics_obtained":[{"floor":6.0,"key":"Toy Ornithopter"},{"floor":9.0,"key":"Replay:Baseball"},{"floor":12.0,"key":"Quantum Egg"},{"floor":14.0,"key":"Gremlin Horn"}],"event_choices":[{"damage_healed":0.0,"max_hp_gain":0.0,"max_hp_loss":0.0,"gold_gain":1.0,"event_name":"betterStone:BetterStone","player_choice":"1","floor":2.0,"gold_loss":0.0,"damage_taken":0.0},{"damage_healed":0.0,"max_hp_gain":0.0,"max_hp_loss":0.0,"gold_gain":0.0,"cards_transformed":["Defend_R"],"event_name":"Living Wall","player_choice":"Change","floor":4.0,"gold_loss":0.0,"damage_taken":0.0,"cards_obtained":["Infernal Blade"]},{"damage_healed":0.0,"max_hp_gain":0.0,"max_hp_loss":0.0,"gold_gain":0.0,"event_name":"betterMatch:BetterMatch","player_choice":"2","floor":19.0,"gold_loss":0.0,"damage_taken":0.0,"cards_obtained":["betterMatch:ColorlessUncommonCard"]}],"is_beta":false,"boss_relics":[{"not_picked":["bronze:MakeshiftBattery","aspiration:FutureDiary","Busted Crown"]}],"items_purged_floors":[21],"is_endless":false,"potions_floor_spawned":[6,10],"killed_by":"Gremlin Leader","ascension_level":7}}