{"host":"rtw1tnr74gozsrw1","time":1612578273,"event":{"mods":["BaseMod","Colored Map","Colored Powertips","Highlight Path","Minty Spire (QoL Compilation)","StSLib","The Jungle"],"gold_per_floor":[111,111,36,51,51,51,76,96,166,166,166,180,180,191,191,288,288,305,305,317,337,237,237,270,270,270,270],"floor_reached":26,"language":"ENG","playtime":680,"items_purged":["Strike_B","Strike_B"],"score":301,"play_id":"ae925be3-6588-4d8f-84c0-3a1a0b6bd0d1","local_time":"20210206032433","is_ascension_mode":true,"campfire_choices":[{"data":"Zap","floor":6,"key":"SMITH"},{"data":"Glacier","floor":11,"key":"SMITH"},{"data":"Redo","floor":13,"key":"SMITH"},{"data":"Electrodynamics","floor":15,"key":"SMITH"},{"data":"Creative AI","floor":23,"key":"SMITH"},{"floor":25,"key":"REST"}],"circlet_count":0,"master_deck":["Strike_B","Strike_B","Defend_B","Defend_B","Defend_B","Defend_B","Zap+1","Dualcast","Glacier+1","Electrodynamics+1","Ball Lightning","Redo+1","BootSequence","Creative AI+1","Glacier+1","Auto Shields+1","Loop","Defragment+1","Decay"],"relics":["Cracked Core","NeowsBlessing","Boot","Pantograph","Gremlin Horn","Cursed Key","Orichalcum"],"acts_visited":["Exordium","TheCity"],"potions_floor_usage":[],"damage_taken":[{"damage":0,"enemies":"Cultist","floor":1,"turns":1},{"damage":0,"enemies":"2 Louse","floor":4,"turns":1},{"damage":0,"enemies":"Lagavulin","floor":7,"turns":1},{"damage":7,"enemies":"Jaw Worm","floor":8,"turns":4},{"damage":8,"enemies":"Blue Slaver","floor":12,"turns":3},{"damage":4,"enemies":"Lots of Slimes","floor":14,"turns":2},{"damage":30,"enemies":"The Guardian","floor":16,"turns":12},{"damage":0,"enemies":"Shell Parasite","floor":18,"turns":6},{"damage":0,"enemies":"Chosen","floor":20,"turns":4},{"damage":27,"enemies":"3 Cultists","floor":21,"turns":5},{"damage":38,"enemies":"Book of Stabbing","floor":24,"turns":8}],"seed_played":"-4587444541688395352","potions_obtained":[{"floor":8,"key":"Weak Potion"},{"floor":14,"key":"Regen Potion"},{"floor":18,"key":"PotionOfCapacity"}],"is_trial":false,"path_per_floor":["M","?","$","M","?","R","E","M","T","T","R","M","R","M","R","B",null,"M","?","M","M","$","R","E","R","T"],"character_chosen":"DEFECT","items_purchased":[],"campfire_rested":1,"item_purchase_floors":[],"current_hp_per_floor":[75,75,75,75,75,75,75,68,68,68,68,60,60,56,56,45,75,75,75,75,48,48,48,10,32,32,32],"gold":270,"neow_bonus":"THREE_ENEMY_KILL","is_daily":false,"chose_seed":false,"campfire_upgraded":5,"win_rate":0.0,"timestamp":1612578273,"path_taken":["M","?","$","M","?","R","E","M","T","?","R","?","R","?","R","BOSS","M","?","M","?","$","R","E","R","T"],"items_purchased_type":[],"build_version":"2020-12-22","purchased_purges":2,"victory":false,"max_hp_per_floor":[75,75,75,75,75,75,75,75,75,75,75,75,75,75,75,75,75,75,75,75,75,75,75,75,75,75,75],"card_choices":[{"not_picked":["Barrage","Go for the Eyes"],"picked":"Glacier","floor":1},{"not_picked":["Rebound","Turbo","Gash"],"picked":"SKIP","floor":4},{"not_picked":["Leap","Thunder Strike"],"picked":"Electrodynamics","floor":7},{"not_picked":["Stack","Sweeping Beam"],"picked":"Ball Lightning","floor":8},{"not_picked":["Coolheaded","Streamline"],"picked":"Redo","floor":12},{"not_picked":["Sweeping Beam","Leap"],"picked":"BootSequence","floor":14},{"not_picked":["Fission","Seek"],"picked":"Creative AI","floor":16},{"not_picked":["Ball Lightning","Reinforced Body"],"picked":"Glacier+1","floor":18},{"not_picked":["Hello World","Rebound+1"],"picked":"Auto Shields+1","floor":20},{"not_picked":["Barrage","Self Repair"],"picked":"Loop","floor":21},{"not_picked":["Compile Driver+1","Force Field"],"picked":"Defragment+1","floor":24}],"player_experience":118851,"relics_obtained":[{"floor":7,"key":"Boot"},{"floor":9,"key":"Pantograph"},{"floor":10,"key":"Gremlin Horn"},{"floor":24,"key":"Orichalcum"}],"event_choices":[{"damage_healed":0,"gold_gain":0,"player_choice":"Ignored","damage_taken":0,"max_hp_gain":0,"max_hp_loss":0,"event_name":"Shining Light","floor":2,"gold_loss":0},{"damage_healed":0,"gold_gain":0,"player_choice":"Ignored","damage_taken":0,"max_hp_gain":0,"max_hp_loss":0,"event_name":"Liars Game","floor":5,"gold_loss":0},{"damage_healed":0,"gold_gain":0,"player_choice":"Got Potions","damage_taken":0,"max_hp_gain":0,"max_hp_loss":0,"event_name":"Lab","floor":19,"gold_loss":0}],"is_beta":false,"boss_relics":[{"not_picked":["SacredBark","FrozenCore"],"picked":"Cursed Key"}],"items_purged_floors":[3,22],"is_endless":false,"potions_floor_spawned":[8,14,18,24],"ascension_level":4}}