{"host":"tj6tjcyqgbd0xj5u","time":1612574583,"event":{"mods":["Aspiration","BaseMod","Better Match","BetterRewards","Challenge The Spire","Conspire","Defuse TimeMaze Blight","Downfall","Energized Spire","Evolution","GifTheSpireLib","Halation","Hubris","Infinite Spire","Minty Spire (QoL Compilation)","Replay The Spire","Reworked Bosses","Spikes Relics","StS++","StSLib","Stuff the Spire"],"gold_per_floor":[109,128,138,157,169,169,196,196,196,196,223,223,277,290,290,290,290],"floor_reached":16,"language":"ENG","playtime":612,"items_purged":[],"score":196,"play_id":"b4f793ef-2fe8-4ced-8b2d-5e9599cf169c","local_time":"20210205212303","is_ascension_mode":true,"campfire_choices":[{"data":"Replay:Dark Deal","floor":6,"key":"SMITH"},{"floor":10,"key":"REST"},{"floor":15,"key":"DIG"}],"circlet_count":0,"master_deck":["Run Through+1","Run Through+1","Run Through","Run Through","Strike_R+1","Defend_R","Defend_R","Defend_R","Defend_R","Bash","hubris:Despair","Replay:Dark Deal+1","Run Through","Infernal Blade","Cleave","Havoc","Berserk"],"relics":["Burning Blood","EVO:Axolotl","Gremlin Food","Bag of Marbles","halation:TwoAmDonut","hubris:Towel","Whetstone","Pocketwatch"],"acts_visited":["Exordium"],"potions_floor_usage":[16,16],"damage_taken":[{"damage":0,"enemies":"Cultist","floor":1,"turns":1},{"damage":14,"enemies":"infinitespire:Voidling","floor":2,"turns":2},{"damage":6,"enemies":"2 Louse","floor":3,"turns":2},{"damage":9,"enemies":"2 Fungi Beasts","floor":4,"turns":2},{"damage":4,"enemies":"Blue Slaver","floor":5,"turns":3},{"damage":25,"enemies":"3 Sentries","floor":7,"turns":5},{"damage":0,"enemies":"Gremlin Nob","floor":11,"turns":2},{"damage":18,"enemies":"conspire:2 RoseBushes","floor":14,"turns":4},{"damage":71,"enemies":"Hexaghost","floor":16,"turns":7}],"seed_played":"-1443806683107051613","potions_obtained":[{"floor":5,"key":"Toxic Potion"},{"floor":11,"key":"infinitespire:BlackPotion"}],"is_trial":false,"path_per_floor":["M","M","M","M","M","R","E","?","T","R","E","?","T","M","R","B"],"character_chosen":"IRONCLAD","items_purchased":[],"campfire_rested":1,"item_purchase_floors":[],"current_hp_per_floor":[80,72,72,69,71,71,52,52,52,76,80,80,80,68,68,0,0],"gold":290,"neow_bonus":"RANDOM_COLORLESS_2","is_daily":false,"chose_seed":false,"campfire_upgraded":1,"win_rate":0.0,"timestamp":1612574583,"path_taken":["M","M","?","?","M","R","E","?","T","R","E","?","?","M","R","BOSS"],"items_purchased_type":[],"build_version":"2020-12-22","purchased_purges":0,"victory":false,"max_hp_per_floor":[80,80,80,80,80,80,80,80,80,80,80,80,80,80,80,80,80],"card_choices":[{"not_picked":["Midas Touch","Thinking Ahead"],"picked":"Replay:Dark Deal","floor":0},{"not_picked":["Blood for Blood","StSpp:TheBiggerTheyAre"],"picked":"Run Through","floor":1},{"not_picked":["Shrug It Off","Clash"],"picked":"Infernal Blade","floor":2},{"not_picked":["StSpp:Succumb","Warcry","Burning Pact"],"picked":"SKIP","floor":3},{"not_picked":["Burning Pact","conspire:HitWhereItHurts"],"picked":"Cleave","floor":4},{"not_picked":["StuffTheSpire:RagingBull","Shrug It Off"],"picked":"Havoc","floor":5},{"not_picked":["Fiend Fire","Replay:Undeath\u0027s Touch","Sword Boomerang"],"picked":"SKIP","floor":7},{"not_picked":["Abandon","ReplayTheSpireMod:Stacked"],"picked":"Berserk","floor":11},{"not_picked":["StuffTheSpire:Slingshot","conspire:Charge","StSpp:Sprint"],"picked":"SKIP","floor":14}],"player_experience":113523,"relics_obtained":[{"floor":7,"key":"Gremlin Food"},{"floor":9,"key":"Bag of Marbles"},{"floor":11,"key":"halation:TwoAmDonut"},{"floor":13,"key":"Whetstone"},{"floor":15,"key":"Pocketwatch"}],"event_choices":[{"damage_healed":0,"gold_gain":0,"player_choice":"Leave","damage_taken":0,"max_hp_gain":0,"max_hp_loss":0,"event_name":"conspire:Investor","floor":8,"gold_loss":0}],"is_beta":false,"boss_relics":[],"items_purged_floors":[],"is_endless":false,"potions_floor_spawned":[5,11],"killed_by":"Hexaghost","ascension_level":5}}