{"host":"4a6fro0of1ie0h2w","time":1612641836,"event":{"mods":["Aspiration","BaseMod","CCEM2","Colored Map","Conspire","Downfall","GifTheSpireLib","Halation","Highlight Path","Hubris","Infinite Spire","Marisa????????","Minty Spire (QoL Compilation)","Permanent Neow","Replay The Spire","StSLib","Stuff the Spire","The Servant 0.9.4"],"gold_per_floor":[99,112,129,144,8,8,35,135,35,66,79,113,44,56,75,177,177,177,198,198,83,100,100,123,148,148,181,206,240,40,65,84,84,84,84],"floor_reached":33,"language":"ENG","playtime":1607,"items_purged":["Parasite","Parasite","Sickly"],"score":436,"play_id":"72c9bea3-392f-4d00-bfde-3aecdc504205","local_time":"20210206220356","is_ascension_mode":true,"campfire_choices":[{"data":"champ:Taunt","floor":1,"key":"SMITH"},{"data":"champ:PerfectedStrike","floor":6,"key":"SMITH"},{"data":"champ:FlashCut","floor":9,"key":"SMITH"},{"floor":18,"key":"RECALL"},{"data":"champ:StrikeOfGenius","floor":30,"key":"SMITH"}],"circlet_count":0,"master_deck":["champ:Defend","champ:Defend","champ:Defend","champ:Execute","champ:Taunt+1","champ:RapidStrikes","champ:FlashCut+1","champ:EnGarde","champ:Devastate","champ:PerfectedStrike+1","champ:Taunt","champ:BladeFlurry","champ:RecklessLeap","champ:EnchantCrown","Bandage Up","champ:FlashCut","champ:RageSigil","champ:SkillfulDodge","champ:DefensiveStyle","champ:FlashCut","champ:FlashCut","champ:StrikeOfGenius+1","hubris:Greed","champ:FlashCut","champ:Lariat","infinitespire:FinalStrike","champ:GladiatorForm","champ:FlashCut"],"relics":["champ:ChampionCrown","Replay:Towering Pillar of Hats","downfall:GremlinSack","downfall:HeartBlessingBlue","halation:OrihimeAndHikoboshiSamaAndTears","CCEMRelics:HeirloomTomato","Kintsugi","halation:PinkSoulGem","Oddly Smooth Stone","Gambling Chip","PreservedInsect","Bronze Scales","downfall:HeartBlessingRed","downfall:HeartBlessingGreen"],"acts_visited":["Exordium","TheCity"],"potions_floor_usage":[16,16,33],"damage_taken":[{"damage":3,"enemies":"2 Louse","floor":2,"turns":3},{"damage":13,"enemies":"Cultist","floor":3,"turns":4},{"damage":11,"enemies":"Small Slimes","floor":4,"turns":3},{"damage":10,"enemies":"downfall:FleeingMerchant","floor":5,"turns":4},{"damage":60,"enemies":"downfall:FleeingMerchant","floor":8,"turns":5},{"damage":10,"enemies":"3 Sentries","floor":10,"turns":5},{"damage":1,"enemies":"3 Louse","floor":11,"turns":3},{"damage":14,"enemies":"Replay:BlueRogue","floor":12,"turns":4},{"damage":13,"enemies":"downfall:FleeingMerchant","floor":13,"turns":4},{"damage":29,"enemies":"Lots of Slimes","floor":14,"turns":4},{"damage":0,"enemies":"Blue Slaver","floor":15,"turns":3},{"damage":0,"enemies":"DF_ARCHETYPE_STREAMLINE","floor":16,"turns":6},{"damage":1,"enemies":"conspire:FuzzyDice","floor":19,"turns":5},{"damage":16,"enemies":"downfall:FleeingMerchant","floor":21,"turns":5},{"damage":22,"enemies":"3 Byrds","floor":22,"turns":5},{"damage":1,"enemies":"Snecko","floor":25,"turns":4},{"damage":25,"enemies":"conspire:Head Lice","floor":27,"turns":3},{"damage":0,"enemies":"conspire:HollyBat","floor":28,"turns":7},{"damage":31,"enemies":"Gremlin Leader","floor":29,"turns":3},{"damage":19,"enemies":"Shelled Parasite and Fungi","floor":31,"turns":4},{"damage":23,"enemies":"Centurion and Healer","floor":32,"turns":4},{"damage":37,"enemies":"SI_MIRROR_ARCHETYPE","floor":33,"turns":8}],"seed_played":"-4760580085637604539","potions_obtained":[{"floor":8,"key":"AttackPotion"},{"floor":11,"key":"Milkshake"},{"floor":12,"key":"Adrenaline Potion"},{"floor":25,"key":"EssenceOfSteel"},{"floor":28,"key":"Reflective Coating"},{"floor":29,"key":"GamblersBrew"}],"is_trial":false,"path_per_floor":["R","M","M","M","$","R","T","?","R","E","M","E","$","M","M","B",null,"R","M","?","$","M","?","T","M","AVR","E","M","E","R","M","M","B"],"character_chosen":"THE_CHAMP","items_purchased":["champ:PerfectedStrike","champ:FlashCut"],"campfire_rested":0,"item_purchase_floors":[5,13],"current_hp_per_floor":[90,87,84,83,83,83,83,33,43,47,50,45,44,21,27,33,102,102,102,102,99,89,89,89,90,90,71,77,62,62,49,32,0,0,0],"gold":84,"neow_bonus":"ONE_RARE_RELIC","is_daily":false,"chose_seed":false,"campfire_upgraded":4,"win_rate":0.0,"timestamp":1612641836,"path_taken":["R","M","M","M","$","R","T","?","R","E","M","E","$","?","M","BOSS","R","M","?","$","M","?","T","M","AVR","E","M","E","R","M","M","BOSS"],"items_purchased_type":["Card","Card"],"build_version":"2020-12-22","purchased_purges":3,"victory":false,"max_hp_per_floor":[90,90,90,90,87,87,87,87,97,97,97,102,102,102,102,102,102,102,102,102,99,99,99,99,99,99,99,99,99,99,99,99,99,99,99],"card_choices":[{"not_picked":["champ:RisingSlash","champ:PreemptiveStrike"],"picked":"champ:RapidStrikes","floor":2},{"not_picked":["champ:DefensiveStyle","champ:TornadoPunch"],"picked":"champ:FlashCut","floor":3},{"not_picked":["champ:Shatter","champ:PreciseThrust"],"picked":"champ:EnGarde","floor":4},{"not_picked":["champ:Haymaker","champ:ViciousMockery"],"picked":"champ:Devastate","floor":5},{"not_picked":["champ:BladeFlurry","champ:DefensiveShout"],"picked":"champ:FlashCut","floor":8},{"not_picked":["champ:CheapShot","champ:DeathBlow","champ:Duel"],"picked":"SKIP","floor":10},{"not_picked":["champ:Haymaker","champ:BringItOn"],"picked":"champ:RageSigil","floor":11},{"not_picked":["champ:PerfectedStrike","champ:DefensiveShout"],"picked":"champ:SkillfulDodge","floor":12},{"not_picked":["champ:AdrenalArmor","champ:UltimateStance"],"picked":"champ:DefensiveStyle","floor":13},{"not_picked":["champ:Circumvent","champ:RapidStrikes"],"picked":"champ:FlashCut","floor":14},{"not_picked":["champ:GutPunch","champ:FancyFootwork","champ:DefensiveShout"],"picked":"SKIP","floor":15},{"not_picked":["champ:HoldFirm","champ:VampiricStrike"],"picked":"champ:StrikeOfGenius","floor":16},{"not_picked":["champ:FalseCounter","champ:BerserkerStyle+1"],"picked":"champ:FlashCut","floor":19},{"not_picked":["champ:Duel+1","champ:GutPunch","champ:AdrenalArmor"],"picked":"SKIP","floor":21},{"not_picked":["champ:BringItOn","champ:Encircle"],"picked":"champ:Lariat","floor":22},{"not_picked":["champ:Endure","champ:CalledShot","champ:Shatter"],"picked":"SKIP","floor":25},{"not_picked":["champ:Endure","champ:CalledShot","champ:Shatter"],"picked":"SKIP","floor":25},{"not_picked":["champ:PreciseThrust+1","champ:Haymaker","champ:ShieldSlam+1"],"picked":"SKIP","floor":27},{"not_picked":["champ:RapidStrikes","champ:Haymaker","champ:IronFortress"],"picked":"SKIP","floor":28},{"not_picked":["champ:EnGarde+1","champ:FancyFootwork","champ:GutPunch+1"],"picked":"SKIP","floor":29},{"not_picked":["champ:GladiatorStyle+1","champ:DefensiveShout+1"],"picked":"champ:GladiatorForm","floor":31},{"not_picked":["champ:ShieldSigil","champ:EnchantCrown"],"picked":"champ:FlashCut","floor":32}],"player_experience":232893,"relics_obtained":[{"floor":8,"key":"downfall:GremlinSack"},{"floor":10,"key":"halation:OrihimeAndHikoboshiSamaAndTears"},{"floor":12,"key":"CCEMRelics:HeirloomTomato"},{"floor":24,"key":"Oddly Smooth Stone"},{"floor":27,"key":"PreservedInsect"},{"floor":29,"key":"Bronze Scales"}],"event_choices":[{"damage_healed":0,"gold_gain":0,"player_choice":"Leave","damage_taken":0,"max_hp_gain":0,"max_hp_loss":0,"event_name":"conspire:Investor","floor":23,"gold_loss":0}],"is_beta":false,"boss_relics":[{"not_picked":["Busted Crown","Velvet Choker"],"picked":"Kintsugi"}],"items_purged_floors":[5,21,26],"is_endless":false,"potions_floor_spawned":[8,11,12,14,25,28,29,32],"killed_by":"SI_MIRROR_ARCHETYPE","ascension_level":2}}