{"host":"7wi4qgm5yw4j7oz0","time":1612631664,"event":{"mods":["AchievementEnabler","BaseMod","Block Reminder","Colored Map","Colored Powertips","Highlight Path","Minty Spire (QoL Compilation)","Permanent Neow","Quick Restart","Random Character Button","Rare Cards Sparkle","StSLib","everything is the same but u backflip on backflip"],"gold_per_floor":[116,116,134,134,147,147,147,177,225,195,208,234,246,266,266,370,370,370,370,370,280,280,280,280],"floor_reached":23,"language":"KOR","playtime":1123,"items_purged":[],"score":251,"play_id":"910c9e84-6823-4fa9-b5ab-f4ea4e0faf0e","local_time":"20210207021424","is_ascension_mode":true,"campfire_choices":[{"data":"Evolve","floor":6,"key":"SMITH"},{"data":"Barricade","floor":15,"key":"SMITH"}],"circlet_count":0,"master_deck":["Strike_R","Strike_R","Defend_R+1","Defend_R","Defend_R","Defend_R","Bash","Juggernaut","Cleave","Evolve+1","Reckless Charge","Flame Barrier","Fire Breathing","Warcry","Barricade+1","Battle Trance","Clothesline","Inflame","Offering","True Grit","Warcry","Warcry","True Grit+1"],"relics":["Burning Blood","Vajra","Lantern","Odd Mushroom","Ectoplasm"],"acts_visited":["Exordium","TheCity"],"potions_floor_usage":[8,12,14,16,18],"damage_taken":[{"damage":5,"enemies":"Small Slimes","floor":1,"turns":4},{"damage":5,"enemies":"Jaw Worm","floor":3,"turns":5},{"damage":0,"enemies":"2 Louse","floor":5,"turns":2},{"damage":13,"enemies":"3 Sentries","floor":8,"turns":6},{"damage":1,"enemies":"Looter","floor":10,"turns":4},{"damage":5,"enemies":"2 Fungi Beasts","floor":11,"turns":3},{"damage":37,"enemies":"The Mushroom Lair","floor":12,"turns":6},{"damage":11,"enemies":"Lots of Slimes","floor":13,"turns":3},{"damage":8,"enemies":"Exordium Wildlife","floor":14,"turns":4},{"damage":19,"enemies":"Slime Boss","floor":16,"turns":5},{"damage":12,"enemies":"Spheric Guardian","floor":18,"turns":3},{"damage":11,"enemies":"Chosen","floor":20,"turns":4},{"damage":30,"enemies":"Shelled Parasite and Fungi","floor":22,"turns":6},{"damage":46,"enemies":"Slavers","floor":23,"turns":4}],"seed_played":"2421659058107959117","potions_obtained":[{"floor":5,"key":"HeartOfIron"},{"floor":8,"key":"Weak Potion"},{"floor":12,"key":"AttackPotion"},{"floor":13,"key":"SneckoOil"},{"floor":14,"key":"BloodPotion"},{"floor":16,"key":"Swift Potion"}],"is_trial":false,"path_per_floor":["M","?","M","?","M","R","?","E","T","M","M","?","M","M","R","B",null,"M","?","M","?","M","E"],"character_chosen":"IRONCLAD","items_purchased":[],"campfire_rested":0,"item_purchase_floors":[],"current_hp_per_floor":[73,73,74,67,73,73,78,71,71,76,77,46,41,56,56,43,75,69,69,64,64,40,0,0],"gold":280,"neow_bonus":"ONE_RANDOM_RARE_CARD","is_daily":false,"chose_seed":false,"campfire_upgraded":2,"win_rate":0.0,"timestamp":1612631664,"path_taken":["M","?","M","?","M","R","?","E","T","M","M","?","M","M","R","BOSS","M","?","?","?","M","E"],"items_purchased_type":[],"build_version":"2020-12-22","purchased_purges":0,"victory":false,"max_hp_per_floor":[80,80,80,80,80,80,85,85,85,85,85,85,85,85,85,85,85,85,85,85,85,85,85,85],"card_choices":[{"not_picked":["Sword Boomerang","Thunderclap"],"picked":"Cleave","floor":1},{"not_picked":["Dual Wield","Sever Soul"],"picked":"Reckless Charge","floor":3},{"not_picked":["Perfected Strike","Pummel"],"picked":"Flame Barrier","floor":5},{"not_picked":["Blood for Blood","Warcry"],"picked":"Fire Breathing","floor":8},{"not_picked":["Combust","Headbutt"],"picked":"Warcry","floor":10},{"not_picked":["Body Slam","Warcry"],"picked":"Barricade","floor":11},{"not_picked":["Shrug It Off","Flex"],"picked":"Battle Trance","floor":12},{"not_picked":["Twin Strike","Intimidate"],"picked":"Clothesline","floor":13},{"not_picked":["Combust","Rupture"],"picked":"Inflame","floor":14},{"not_picked":["Exhume","Bludgeon"],"picked":"Offering","floor":16},{"not_picked":["Thunderclap","Flame Barrier"],"picked":"True Grit","floor":18},{"not_picked":["Clash","Pummel"],"picked":"Warcry","floor":20},{"not_picked":["Sentinel","Infernal Blade"],"picked":"True Grit+1","floor":22}],"player_experience":247210,"relics_obtained":[{"floor":8,"key":"Vajra"},{"floor":9,"key":"Lantern"},{"floor":12,"key":"Odd Mushroom"}],"event_choices":[{"damage_healed":0,"gold_gain":0,"cards_transformed":["Strike_R"],"player_choice":"Change","damage_taken":0,"max_hp_gain":0,"max_hp_loss":0,"event_name":"Living Wall","floor":2,"gold_loss":0,"cards_obtained":["Evolve"]},{"cards_removed":["Strike_R"],"damage_healed":0,"gold_gain":0,"player_choice":"Card Removal","damage_taken":7,"max_hp_gain":0,"max_hp_loss":0,"event_name":"Golden Wing","floor":4,"gold_loss":0},{"damage_healed":0,"gold_gain":0,"player_choice":"Donut","damage_taken":0,"max_hp_gain":5,"max_hp_loss":0,"event_name":"Big Fish","floor":7,"gold_loss":0},{"damage_healed":0,"gold_gain":0,"player_choice":"Fought Mushrooms","damage_taken":0,"max_hp_gain":0,"max_hp_loss":0,"event_name":"Mushrooms","floor":12,"gold_loss":0},{"damage_healed":0,"gold_gain":0,"player_choice":"1 cards matched","damage_taken":0,"max_hp_gain":0,"max_hp_loss":0,"event_name":"Match and Keep!","floor":19,"gold_loss":0,"cards_obtained":["Warcry"]},{"cards_removed":["Strike_R"],"damage_healed":0,"gold_gain":0,"player_choice":"Upgrade and Remove","damage_taken":0,"max_hp_gain":0,"max_hp_loss":0,"event_name":"Designer","floor":21,"gold_loss":90,"cards_upgraded":["Defend_R"]}],"is_beta":false,"boss_relics":[{"not_picked":["Cursed Key","Velvet Choker"],"picked":"Ectoplasm"}],"items_purged_floors":[],"is_endless":false,"potions_floor_spawned":[5,8,12,13,14,16],"killed_by":"Slavers","ascension_level":6}}