{"host":"oehe2dxjvdgux73m","time":1612629465,"event":{"mods":["AchievementEnabler","BaseMod","Colored Map","Colored Powertips","DeckTracker","Keyboard Shortcuts","Minty Spire (QoL Compilation)","Permanent Neow","Quick Restart","StSLib","SuperFastMode"],"gold_per_floor":[117,117,128,128,138,63,83,97,150,168,168,184,184,214,214,315,315,329,329,343,343,65,65,84,84,84],"floor_reached":25,"language":"KOR","playtime":889,"items_purged":["Doubt","Strike_B"],"score":236,"play_id":"d6268a7c-72a6-4305-b5c3-709891ac13d8","local_time":"20210207013745","is_ascension_mode":true,"campfire_choices":[{"floor":11.0,"key":"REST"},{"data":"Zap","floor":13.0,"key":"SMITH"},{"data":"Defragment","floor":15.0,"key":"SMITH"},{"data":"Buffer","floor":23,"key":"SMITH"}],"circlet_count":0,"master_deck":["Strike_B","Strike_B","Defend_B","Defend_B","Defend_B","Defend_B","Zap+1","Dualcast","Buffer+1","Coolheaded","Coolheaded","Defragment+1","Sweeping Beam","Leap","Hologram","Conserve Battery","Reboot","Seek","FTL","Conserve Battery+1","Blizzard","Consume"],"relics":["Cracked Core","InkBottle","Tiny Chest","Bag of Preparation","SacredBark","Centennial Puzzle"],"acts_visited":["Exordium","TheCity"],"potions_floor_usage":[20,20],"damage_taken":[{"damage":2.0,"enemies":"Jaw Worm","floor":1.0,"turns":4.0},{"damage":8.0,"enemies":"2 Louse","floor":3.0,"turns":2.0},{"damage":0.0,"enemies":"Cultist","floor":5.0,"turns":4.0},{"damage":18.0,"enemies":"Lots of Slimes","floor":7.0,"turns":4.0},{"damage":27.0,"enemies":"Exordium Wildlife","floor":8.0,"turns":8.0},{"damage":3.0,"enemies":"3 Louse","floor":10.0,"turns":3.0},{"damage":5.0,"enemies":"Looter","floor":12.0,"turns":4.0},{"damage":2.0,"enemies":"3 Sentries","floor":14.0,"turns":3.0},{"damage":13,"enemies":"Hexaghost","floor":16,"turns":16},{"damage":25,"enemies":"Spheric Guardian","floor":18,"turns":10},{"damage":0,"enemies":"2 Thieves","floor":20,"turns":2},{"damage":6,"enemies":"Snake Plant","floor":24,"turns":8},{"damage":45,"enemies":"Book of Stabbing","floor":25,"turns":7}],"seed_played":"6370576101769729785","potions_obtained":[{"floor":3.0,"key":"Dexterity Potion"},{"floor":7.0,"key":"EssenceOfSteel"},{"floor":8.0,"key":"AttackPotion"},{"floor":10.0,"key":"SkillPotion"},{"floor":14.0,"key":"Explosive Potion"},{"floor":18,"key":"SkillPotion"},{"floor":20,"key":"Dexterity Potion"}],"is_trial":false,"path_per_floor":["M","?","M","?","M","$","M","M","T","M","R","M","R","E","R","B",null,"M","?","M","?","$","R","M","E"],"character_chosen":"DEFECT","items_purchased":["Blizzard","Centennial Puzzle"],"campfire_rested":1,"item_purchase_floors":[22,22],"current_hp_per_floor":[73,78,70,67,67,67,49,22,22,19,43,38,38,36,36,23,80,55,55,55,55,55,55,49,4,4],"gold":84,"neow_bonus":"THREE_RARE_CARDS","is_daily":false,"chose_seed":false,"campfire_upgraded":3,"win_rate":0.0,"timestamp":1612629465,"path_taken":["M","?","M","?","M","$","M","M","T","M","R","M","R","E","R","BOSS","M","?","M","?","$","R","M","E"],"items_purchased_type":["Card","Relic"],"build_version":"2020-12-22","purchased_purges":2,"victory":false,"max_hp_per_floor":[75,80,80,80,80,80,80,80,80,80,80,80,80,80,80,80,80,80,80,80,80,80,80,80,80,80],"card_choices":[{"not_picked":["Core Surge","Multi-Cast"],"picked":"Buffer","floor":0.0},{"not_picked":["Go for the Eyes","Rebound"],"picked":"Coolheaded","floor":1.0},{"not_picked":["Redo","Gash"],"picked":"Coolheaded","floor":3.0},{"not_picked":["Amplify","Chaos"],"picked":"Defragment","floor":5.0},{"not_picked":["BootSequence","Conserve Battery"],"picked":"Sweeping Beam","floor":7.0},{"not_picked":["Stack","Beam Cell"],"picked":"Leap","floor":8.0},{"not_picked":["Redo","BootSequence"],"picked":"Hologram","floor":10.0},{"not_picked":["Coolheaded","Beam Cell"],"picked":"Conserve Battery","floor":12.0},{"not_picked":["Conserve Battery","Hello World"],"picked":"Reboot","floor":14.0},{"not_picked":["Hyperbeam","Rainbow"],"picked":"Seek","floor":16},{"not_picked":["Steam","Barrage"],"picked":"FTL","floor":18},{"not_picked":["Redo","Stack+1"],"picked":"Conserve Battery+1","floor":20},{"not_picked":["Redo","Conserve Battery"],"picked":"Consume","floor":24}],"player_experience":399597,"relics_obtained":[{"floor":9.0,"key":"Tiny Chest"},{"floor":14.0,"key":"Bag of Preparation"}],"event_choices":[{"damage_healed":0.0,"max_hp_gain":5.0,"max_hp_loss":0.0,"gold_gain":0.0,"event_name":"Big Fish","player_choice":"Donut","floor":2.0,"gold_loss":0.0,"damage_taken":0.0},{"damage_healed":0.0,"max_hp_gain":0.0,"max_hp_loss":0.0,"gold_gain":0.0,"event_name":"Scrap Ooze","player_choice":"Success","floor":4.0,"gold_loss":0.0,"damage_taken":3.0,"relics_obtained":["InkBottle"]},{"cards_removed":["Strike_B"],"damage_healed":0,"gold_gain":0,"player_choice":"Elegance","damage_taken":0,"max_hp_gain":0,"max_hp_loss":0,"event_name":"Back to Basics","floor":19,"gold_loss":0},{"damage_healed":0,"gold_gain":0,"player_choice":"0 cards matched","damage_taken":0,"max_hp_gain":0,"max_hp_loss":0,"event_name":"Match and Keep!","floor":21,"gold_loss":0,"cards_obtained":[]}],"is_beta":false,"boss_relics":[{"not_picked":["SlaversCollar","Coffee Dripper"],"picked":"SacredBark"}],"items_purged_floors":[6,22],"is_endless":false,"potions_floor_spawned":[3,7,8,10,14,18,20],"killed_by":"Book of Stabbing","ascension_level":3}}