{"host":"uv5ws9rdk87e8i5k","time":1612651067,"event":{"mods":["AchievementEnabler","BaseMod","Colored Map","Minty Spire (QoL Compilation)","Permanent Neow","Quick Restart","StSLib","SuperFastMode","The Necromancer"],"gold_per_floor":[114,126,126,91,104,133,133,168,168,183,199,199,228,240,240,342,342,357,357,376,391,410,445,445,473,548,565,565,565,580,594,594,689,689,708,708,720,249,249,249,262,281,307,321,321,356,373,44,44,44],"floor_reached":51,"language":"ENG","playtime":1215,"items_purged":["Strike_R","Parasite"],"score":912,"play_id":"70ae9ec3-568d-4296-ad8b-791cdeee5739","local_time":"20210206163747","is_ascension_mode":true,"campfire_choices":[{"data":"Inflame","floor":7.0,"key":"SMITH"},{"data":"Demon Form","floor":15.0,"key":"SMITH"},{"floor":24.0,"key":"REST"},{"floor":28.0,"key":"REST"},{"data":"Seeing Red","floor":32.0,"key":"SMITH"},{"data":"Limit Break","floor":40,"key":"SMITH"},{"floor":45,"key":"REST"},{"data":"Havoc","floor":49,"key":"SMITH"}],"circlet_count":0,"master_deck":["Strike_R","Strike_R","Defend_R","Defend_R","Defend_R","Defend_R","Bash","Cleave","Pommel Strike","Inflame+1","Shrug It Off","Demon Form+1","Clothesline","Heavy Blade","Havoc+1","Infernal Blade","Seeing Red+1","Infernal Blade+1","Impervious","Shrug It Off","Headbutt+1","Limit Break+1","Heavy Blade+1","Battle Trance","Headbutt+1","Havoc+1","Double Tap"],"relics":["Burning Blood","Vajra","Tiny Chest","Gambling Chip","Red Skull","Kunai","Eternal Feather","Philosopher\u0027s Stone","Toy Ornithopter","Molten Egg 2","Self Forming Clay","Paper Frog","Runic Dome","Membership Card","Bottled Tornado","Sundial","Dream Catcher","PreservedInsect","OrangePellets","Centennial Puzzle"],"acts_visited":["Exordium","TheCity","TheBeyond"],"potions_floor_usage":[41,44,46,50,50,50],"damage_taken":[{"damage":6.0,"enemies":"Cultist","floor":1.0,"turns":3.0},{"damage":2.0,"enemies":"Small Slimes","floor":2.0,"turns":3.0},{"damage":2.0,"enemies":"2 Louse","floor":5.0,"turns":3.0},{"damage":15.0,"enemies":"Lagavulin","floor":6.0,"turns":3.0},{"damage":10.0,"enemies":"3 Sentries","floor":8.0,"turns":4.0},{"damage":9.0,"enemies":"Looter","floor":10.0,"turns":3.0},{"damage":6.0,"enemies":"Exordium Thugs","floor":11.0,"turns":4.0},{"damage":14.0,"enemies":"Lagavulin","floor":13.0,"turns":7.0},{"damage":2.0,"enemies":"3 Louse","floor":14.0,"turns":2.0},{"damage":30.0,"enemies":"Hexaghost","floor":16.0,"turns":8.0},{"damage":17.0,"enemies":"Shell Parasite","floor":18.0,"turns":4.0},{"damage":4.0,"enemies":"Spheric Guardian","floor":20.0,"turns":3.0},{"damage":27.0,"enemies":"Centurion and Healer","floor":21.0,"turns":4.0},{"damage":8.0,"enemies":"Cultist and Chosen","floor":22.0,"turns":6.0},{"damage":42.0,"enemies":"Book of Stabbing","floor":23.0,"turns":4.0},{"damage":32.0,"enemies":"Gremlin Leader","floor":25.0,"turns":6.0},{"damage":13.0,"enemies":"Snecko","floor":27.0,"turns":4.0},{"damage":13.0,"enemies":"Snake Plant","floor":30.0,"turns":3.0},{"damage":3.0,"enemies":"Chosen and Byrds","floor":31.0,"turns":6.0},{"damage":25.0,"enemies":"Champ","floor":33.0,"turns":9.0},{"damage":18.0,"enemies":"3 Shapes","floor":35.0,"turns":4.0},{"damage":18,"enemies":"Orb Walker","floor":37,"turns":4},{"damage":38,"enemies":"Jaw Worm Horde","floor":41,"turns":3},{"damage":27,"enemies":"Spire Growth","floor":42,"turns":3},{"damage":9,"enemies":"Writhing Mass","floor":44,"turns":4},{"damage":14,"enemies":"Giant Head","floor":46,"turns":4},{"damage":11,"enemies":"Transient","floor":47,"turns":5},{"damage":68,"enemies":"Awakened One","floor":50,"turns":5}],"seed_played":"-8133886846366721451","potions_obtained":[{"floor":1.0,"key":"DistilledChaos"},{"floor":2.0,"key":"Explosive Potion"},{"floor":5.0,"key":"SteroidPotion"},{"floor":11.0,"key":"GamblersBrew"},{"floor":14.0,"key":"SpeedPotion"},{"floor":18.0,"key":"Ancient Potion"},{"floor":20.0,"key":"BlessingOfTheForge"},{"floor":21.0,"key":"Fire Potion"},{"floor":27.0,"key":"Fire Potion"},{"floor":33.0,"key":"Ancient Potion"},{"floor":37,"key":"Explosive Potion"},{"floor":41,"key":"DuplicationPotion"},{"floor":44,"key":"Explosive Potion"},{"floor":47,"key":"SpeedPotion"}],"is_trial":false,"path_per_floor":["M","M","?","?","M","E","R","E","T","M","M","?","E","M","R","B",null,"M","?","M","M","M","E","R","E","T","M","R","T","M","M","R","B",null,"M","?","M","$","?","R","M","M","T","M","R","E","M","$","R","B",null],"character_chosen":"IRONCLAD","items_purchased":["Membership Card","Bottled Tornado","Sundial","PowerPotion","CultistPotion","OrangePellets","Double Tap","Centennial Puzzle"],"campfire_rested":3,"item_purchase_floors":[38,38,38,38,48,48,48,48],"current_hp_per_floor":[80,80,55,75,79,70,70,66,66,63,63,63,55,59,68,44,80,69,69,71,50,48,12,45,19,19,12,48,48,46,49,61,42,80,68,68,56,56,56,68,41,20,20,22,61,58,53,53,68,15],"gold":44,"neow_bonus":"RANDOM_COMMON_RELIC","is_daily":false,"chose_seed":false,"campfire_upgraded":5,"win_rate":0.0,"timestamp":1612651067,"path_taken":["M","M","?","?","M","E","R","E","T","M","M","?","E","M","R","BOSS","M","?","M","M","M","E","R","E","T","M","R","?","M","M","R","BOSS","M","?","M","$","?","R","M","M","T","M","R","E","M","$","R","BOSS"],"items_purchased_type":["Relic","Relic","Relic","Potion","Potion","Relic","Card","Relic"],"build_version":"2020-12-22","purchased_purges":2,"victory":true,"max_hp_per_floor":[80,80,80,80,80,80,80,80,80,80,80,80,80,80,80,80,80,80,80,80,80,80,80,80,80,80,80,80,80,80,80,80,80,80,80,80,80,80,80,80,80,80,80,80,80,80,80,77,77,77],"card_choices":[{"not_picked":["Feel No Pain","Entrench"],"picked":"Cleave","floor":1.0},{"not_picked":["Second Wind","Seeing Red","Body Slam"],"picked":"SKIP","floor":2.0},{"not_picked":["Combust","Entrench"],"picked":"Pommel Strike","floor":5.0},{"not_picked":["Twin Strike","Bloodletting"],"picked":"Inflame","floor":6.0},{"not_picked":["Seeing Red","Twin Strike"],"picked":"Shrug It Off","floor":8.0},{"not_picked":["Flex","Wild Strike","Perfected Strike"],"picked":"SKIP","floor":10.0},{"not_picked":["Carnage","Flex"],"picked":"Demon Form","floor":11.0},{"not_picked":["Uppercut","Sword Boomerang"],"picked":"Clothesline","floor":13.0},{"not_picked":["Flex","True Grit"],"picked":"Heavy Blade","floor":14.0},{"not_picked":["Pummel","Warcry"],"picked":"Havoc","floor":18.0},{"not_picked":["Rampage","Pommel Strike","Body Slam"],"picked":"SKIP","floor":20.0},{"not_picked":["Flex+1","Cleave"],"picked":"Infernal Blade","floor":21.0},{"not_picked":["Blood for Blood+1","Searing Blow+1","Dual Wield+1"],"picked":"SKIP","floor":22.0},{"not_picked":["True Grit","Anger"],"picked":"Seeing Red","floor":23.0},{"not_picked":["Iron Wave+1","Disarm+1"],"picked":"Infernal Blade+1","floor":25.0},{"not_picked":["Feel No Pain+1","Armaments","Impervious"],"picked":"SKIP","floor":27.0},{"not_picked":["Feel No Pain+1","Armaments"],"picked":"Impervious","floor":27.0},{"not_picked":["Wild Strike+1","Clash+1"],"picked":"Shrug It Off","floor":30.0},{"not_picked":["Feel No Pain+1","Iron Wave+1"],"picked":"Headbutt+1","floor":31.0},{"not_picked":["Exhume","Double Tap"],"picked":"Limit Break","floor":33.0},{"not_picked":["Clash+1","Thunderclap+1","Spot Weakness+1"],"picked":"SKIP","floor":35.0},{"not_picked":["Perfected Strike+1","Flex+1","Thunderclap+1"],"picked":"SKIP","floor":37},{"not_picked":["Evolve+1","Havoc"],"picked":"Heavy Blade+1","floor":41},{"not_picked":["Second Wind","Headbutt+1"],"picked":"Battle Trance","floor":42},{"not_picked":["Twin Strike+1","Fire Breathing+1"],"picked":"Headbutt+1","floor":44},{"not_picked":["Perfected Strike+1","Combust+1"],"picked":"Havoc","floor":45},{"not_picked":["Clothesline+1","Shockwave+1","Searing Blow+1"],"picked":"SKIP","floor":46},{"not_picked":["Shockwave+1","Power Through","Perfected Strike+1"],"picked":"SKIP","floor":47}],"player_experience":246088,"relics_obtained":[{"floor":6.0,"key":"Gambling Chip"},{"floor":8.0,"key":"Red Skull"},{"floor":9.0,"key":"Kunai"},{"floor":13.0,"key":"Eternal Feather"},{"floor":23.0,"key":"Toy Ornithopter"},{"floor":25.0,"key":"Molten Egg 2"},{"floor":26.0,"key":"Self Forming Clay"},{"floor":29.0,"key":"Paper Frog"},{"floor":43,"key":"Dream Catcher"},{"floor":46,"key":"PreservedInsect"}],"event_choices":[{"damage_healed":0.0,"max_hp_gain":0.0,"max_hp_loss":0.0,"gold_gain":0.0,"event_name":"Scrap Ooze","player_choice":"Success","floor":3.0,"gold_loss":0.0,"damage_taken":25.0,"relics_obtained":["Tiny Chest"]},{"damage_healed":20.0,"max_hp_gain":0.0,"max_hp_loss":0.0,"gold_gain":0.0,"event_name":"The Cleric","player_choice":"Healed","floor":4.0,"gold_loss":35.0,"damage_taken":0.0},{"cards_removed":["Strike_R"],"damage_healed":0.0,"max_hp_gain":0.0,"max_hp_loss":0.0,"gold_gain":0.0,"event_name":"Purifier","player_choice":"Purged","floor":12.0,"gold_loss":0.0,"damage_taken":0.0},{"damage_healed":0.0,"max_hp_gain":0.0,"max_hp_loss":0.0,"gold_gain":0.0,"event_name":"Upgrade Shrine","player_choice":"Upgraded","floor":19.0,"gold_loss":0.0,"damage_taken":0.0,"cards_upgraded":["Havoc"]},{"cards_removed":["Strike_R"],"damage_healed":0.0,"max_hp_gain":0.0,"max_hp_loss":0.0,"gold_gain":0.0,"event_name":"Falling","player_choice":"Removed Attack","floor":36.0,"gold_loss":0.0,"damage_taken":0.0},{"damage_healed":0,"gold_gain":0,"player_choice":"Ignored","damage_taken":0,"max_hp_gain":0,"max_hp_loss":0,"event_name":"Tomb of Lord Red Mask","floor":39,"gold_loss":0}],"is_beta":false,"boss_relics":[{"not_picked":["Sozu","Runic Pyramid"],"picked":"Philosopher\u0027s Stone"},{"not_picked":["SacredBark","Black Blood"],"picked":"Runic Dome"}],"items_purged_floors":[38,48],"is_endless":false,"potions_floor_spawned":[1,2,5,11,14,18,20,21,27,33,37,41,44,47],"ascension_level":4}}