{"host":"roto7j7840a50pxh","time":1612655819,"event":{"mods":["Act Like it!","BaseMod","Better Altar","Better Note","Better Sensory Stone","Better Skull","Better Third Choice","BetterRewards","Colored Map","Colored Powertips","Downfall","Elementarium","Hermit","Highlight Path","Hubris","Infinite Spire","Minty Spire (QoL Compilation)","Replay The Spire","Robot Space Explorer","Shade Mod","Spicy Shops","StSLib","The Construct","The Cursed","The Dragon Tamer","The Hierophant","The Jungle","The Necromancer","The Runesmith","The Servant 0.9.4","TheVacant"],"gold_per_floor":[112,126,142,154,154,154,184,184,184,184,196,196,230,242,242,347,347,357,38,52,252,272,297,316,316,316,316,351,364,390,402,402,500,500,515,130,130,145,145,174,25,25,25,41,59,79,92,127,127,127],"floor_reached":51,"language":"ENG","playtime":6592,"items_purged":[],"score":1264,"play_id":"8284ab64-f524-473c-be2d-54d8daf8d7f1","local_time":"20210206185659","is_ascension_mode":true,"campfire_choices":[{"data":"Replay:BasicMightCard","floor":6.0,"key":"SMITH"},{"floor":8.0,"key":"REST"},{"data":"FlawlessForm","floor":10.0,"key":"SMITH"},{"data":"BestPractice","floor":15.0,"key":"SMITH"},{"data":"DualDimension","floor":27.0,"key":"SMITH"},{"data":"BottledTime","floor":32.0,"key":"SMITH"},{"data":"StarChef","floor":42.0,"key":"SMITH"},{"data":"TimeWarp","floor":49,"key":"SMITH"}],"circlet_count":0,"master_deck":["construct:Hazardproof+1","Strike_S","Strike_S","Strike_S","Strike_S","Defend_S","Defend_S","Defend_S","Defend_S","KidneyShot","Exchange","Replace","Starlight","Ricochet","InstantArmor","Replay:BasicMightCard+1","InstantArmor","Contraction","Revamp","FastForward","FlawlessForm+1","Rewind","ShiftingGears","BestPractice+1","Duplication","BottledTime+1","SilverBlades","GearUp+1","SoulSculpture+1","Alleviate+1","InstantArmor","DualDimension+1","LightFlow","Contraction+1","Ricochet+1","Misdirection","Potential+1","Luminosity","BottledTime","Starlight","Languid","Deny","BottledTime+1","StarChef+1","Rewind","Advance+1","Orbit+1","ShatteredReality+1","TimeWarp+1","PendulumOfEternity"],"relics":["Uniform","Replay:Ringing Soul","Runesmith:Locket","Frozen Eye","Art of War","Blue Candle","Iron Hammer","construct:ClawGrip","Sling","Bronze Scales","HornCleat","infinitespire:PuzzleCube","hexamod:CandleOfCauterizing","expansioncontent:StudyCardRelic","Nunchaku","Ring of Peace","Quantum Egg","Meat on the Bone","Regal Pillow"],"acts_visited":["Exordium","TheCity","TheBeyond"],"potions_floor_usage":[46,50,50,50],"damage_taken":[{"damage":4.0,"enemies":"2 Louse","floor":1.0,"turns":2.0},{"damage":0.0,"enemies":"Cultist","floor":2.0,"turns":3.0},{"damage":0.0,"enemies":"Small Slimes","floor":3.0,"turns":2.0},{"damage":0.0,"enemies":"2 Fungi Beasts","floor":4.0,"turns":4.0},{"damage":19.0,"enemies":"Replay:BlueRogue","floor":7.0,"turns":12.0},{"damage":0.0,"enemies":"Looter","floor":11.0,"turns":4.0},{"damage":1.0,"enemies":"Gremlin Nob","floor":13.0,"turns":7.0},{"damage":0.0,"enemies":"Exordium Wildlife","floor":14.0,"turns":1.0},{"damage":0.0,"enemies":"Fading Forest","floor":16.0,"turns":11.0},{"damage":1.0,"enemies":"Shell Parasite","floor":18.0,"turns":11.0},{"damage":0.0,"enemies":"Spheric Guardian","floor":20.0,"turns":4.0},{"damage":0.0,"enemies":"3 Cultists","floor":22.0,"turns":4.0},{"damage":0.0,"enemies":"Replay:Snechameleon","floor":23.0,"turns":5.0},{"damage":0.0,"enemies":"Snecko","floor":24.0,"turns":4.0},{"damage":0.0,"enemies":"Book of Stabbing","floor":28.0,"turns":5.0},{"damage":0.0,"enemies":"Snake Plant","floor":29.0,"turns":2.0},{"damage":13.0,"enemies":"Gremlin Leader","floor":30.0,"turns":11.0},{"damage":0.0,"enemies":"Shelled Parasite and Fungi","floor":31.0,"turns":3.0},{"damage":0.0,"enemies":"Champ","floor":33.0,"turns":14.0},{"damage":0.0,"enemies":"3 Darklings","floor":35.0,"turns":2.0},{"damage":0.0,"enemies":"Orb Walker","floor":38.0,"turns":3.0},{"damage":0.0,"enemies":"Nemesis","floor":40.0,"turns":7.0},{"damage":0.0,"enemies":"Maw","floor":44.0,"turns":7.0},{"damage":0,"enemies":"4 Shapes","floor":45,"turns":8},{"damage":0,"enemies":"Spire Growth","floor":46,"turns":6},{"damage":0,"enemies":"3 Darklings","floor":47,"turns":5},{"damage":0,"enemies":"Reptomancer","floor":48,"turns":6},{"damage":20,"enemies":"Replay:Hell Engine","floor":50,"turns":6}],"seed_played":"-5323555906191861014","potions_obtained":[{"floor":7.0,"key":"Explosive Potion"},{"floor":11.0,"key":"BlessingOfTheForge"},{"floor":13.0,"key":"champ:CounterPotion"},{"floor":14.0,"key":"FairyPotion"},{"floor":18.0,"key":"Cursed Concoction"},{"floor":20.0,"key":"Milkshake"},{"floor":23.0,"key":"Fruit Juice"},{"floor":24.0,"key":"GamblersBrew"},{"floor":33.0,"key":"Doom Potion"},{"floor":35.0,"key":"Venom Potion"},{"floor":40.0,"key":"Dexterity Potion"},{"floor":44.0,"key":"ColorlessPotion"},{"floor":46,"key":"Venom Potion"},{"floor":48,"key":"LiquidBronze"}],"is_trial":false,"path_per_floor":["M","M","M","M","?","R","E","R","T","R","M","?","E","M","R","B",null,"M","$","M","?","M","E","M","?","T","R","E","M","E","M","R","B",null,"M","$","?","M","?","E","$","R","T","M","M","M","M","E","R","B",null],"character_chosen":"THE_SERVANT","items_purchased":["Replay:Ringing Soul","Replace","Runesmith:Locket","Frozen Eye","Starlight","Ricochet","InstantArmor","Replay:BasicMightCard","Sling","SilverBlades","Bronze Scales","Luminosity","BottledTime","Starlight","Nunchaku","StarChef","Rewind"],"campfire_rested":1,"item_purchase_floors":[0,0,0,0,0,0,0,0,19,19,19,36,36,36,36,41,41],"current_hp_per_floor":[31,34,37,40,43,43,27,52,52,52,55,55,57,60,60,78,93,95,98,101,104,107,115,118,118,118,118,121,124,114,117,117,120,134,137,140,143,146,146,149,152,152,152,155,158,161,164,167,167,147],"gold":127,"neow_bonus":"","is_daily":false,"chose_seed":false,"campfire_upgraded":7,"win_rate":0.0,"timestamp":1612655819,"path_taken":["M","M","M","M","?","R","E","R","T","R","M","?","E","M","R","BOSS","M","$","M","?","M","E","M","?","T","R","E","M","E","M","R","BOSS","M","$","?","M","?","E","?","R","T","M","M","M","M","E","R","BOSS"],"items_purchased_type":["Relic","Card","Relic","Relic","Card","Card","Card","Card","Relic","Card","Relic","Card","Card","Card","Relic","Card","Card"],"build_version":"2020-12-22","purchased_purges":0,"victory":true,"max_hp_per_floor":[71,74,77,80,83,83,86,86,86,86,89,89,92,95,95,98,98,101,104,107,110,113,121,124,124,124,124,127,130,133,136,136,139,139,142,145,148,151,151,154,157,157,157,160,163,166,169,172,172,172],"card_choices":[{"not_picked":["Spin","StarChef"],"picked":"InstantArmor","floor":1.0},{"not_picked":["Ricochet","Starlight"],"picked":"Contraction","floor":2.0},{"not_picked":["Contraction","Barrier"],"picked":"Revamp","floor":3.0},{"not_picked":["Spin","RealityMarble"],"picked":"FastForward","floor":4.0},{"not_picked":["TimeWarp","Shuttle"],"picked":"FlawlessForm","floor":7.0},{"not_picked":["Revamp","Unruled"],"picked":"Rewind","floor":11.0},{"not_picked":["Replace","Spin"],"picked":"ShiftingGears","floor":13.0},{"not_picked":["Unruled","FastForward"],"picked":"BestPractice","floor":14.0},{"not_picked":["ForgedInTime","PendulumOfEternity"],"picked":"Duplication","floor":16.0},{"not_picked":["Defy","Replace"],"picked":"BottledTime","floor":18.0},{"not_picked":["ShatteredReality+1","FastForward"],"picked":"GearUp+1","floor":20.0},{"not_picked":["Initiator","FloweringNight"],"picked":"SoulSculpture","floor":21.0},{"not_picked":["Rewind","Rearm"],"picked":"Alleviate+1","floor":22.0},{"not_picked":["Deny","TimeWarp"],"picked":"InstantArmor","floor":23.0},{"not_picked":["Misdirection+1","TimeWarp"],"picked":"DualDimension","floor":24.0},{"not_picked":["BottledTime","Rewind"],"picked":"LightFlow","floor":28.0},{"not_picked":["DoubleEdge","Unruled"],"picked":"Contraction+1","floor":29.0},{"not_picked":["FastForward","Moonlight"],"picked":"Ricochet+1","floor":30.0},{"not_picked":["InstantArmor","Desolation+1"],"picked":"Misdirection","floor":31.0},{"not_picked":["ForgedInTime","Dilation"],"picked":"TrueSight","floor":33.0},{"not_picked":["Unruled","ShatteredReality+1"],"picked":"Potential+1","floor":35.0},{"not_picked":["FastForward","TimeWarp+1"],"picked":"Deny","floor":38.0},{"not_picked":["Unruled+1","Barrier"],"picked":"BottledTime+1","floor":40.0},{"not_picked":["Shuttle+1","Reset+1"],"picked":"Advance+1","floor":44.0},{"not_picked":["Desolation","Defy"],"picked":"Orbit+1","floor":45},{"not_picked":["Defy","Ricochet"],"picked":"ShatteredReality+1","floor":46},{"not_picked":["Unruled","Starlight+1"],"picked":"TimeWarp","floor":47},{"not_picked":["ShatteredReality+1","Revamp+1"],"picked":"PendulumOfEternity","floor":48}],"player_experience":1895388,"relics_obtained":[{"floor":7.0,"key":"Blue Candle"},{"floor":9.0,"key":"Iron Hammer"},{"floor":13.0,"key":"Pet Ghost"},{"floor":23.0,"key":"HornCleat"},{"floor":28.0,"key":"infinitespire:PuzzleCube"},{"floor":30.0,"key":"hexamod:CandleOfCauterizing"},{"floor":37.0,"key":"Ring of Peace"},{"floor":40.0,"key":"Quantum Egg"},{"floor":43.0,"key":"Meat on the Bone"},{"floor":48,"key":"Regal Pillow"}],"event_choices":[{"damage_healed":0.0,"max_hp_gain":0.0,"max_hp_loss":0.0,"gold_gain":0.0,"event_name":"Big Fish","player_choice":"Box","floor":5.0,"gold_loss":0.0,"damage_taken":0.0,"relics_obtained":["Art of War"],"cards_obtained":["Regret"]},{"cards_removed":["Regret"],"damage_healed":0.0,"max_hp_gain":0.0,"max_hp_loss":0.0,"gold_gain":0.0,"event_name":"Fountain of Cleansing","player_choice":"Removed Curses","floor":12.0,"gold_loss":0.0,"damage_taken":0.0},{"damage_healed":0.0,"max_hp_gain":0.0,"max_hp_loss":0.0,"gold_gain":0.0,"event_name":"Upgrade Shrine","player_choice":"Upgraded","floor":25.0,"gold_loss":0.0,"damage_taken":0.0,"cards_upgraded":["SoulSculpture"]},{"cards_removed":["TrueSight"],"damage_healed":0.0,"max_hp_gain":0.0,"max_hp_loss":0.0,"gold_gain":0.0,"event_name":"Falling","player_choice":"Removed Power","floor":39.0,"gold_loss":0.0,"damage_taken":0.0}],"is_beta":false,"boss_relics":[{"not_picked":["Painkiller Herb","hubris:VirtuousBlindfold"],"picked":"construct:ClawGrip"},{"not_picked":["Replay:Grab Bag","Runic Dome"],"picked":"expansioncontent:StudyCardRelic"}],"items_purged_floors":[],"is_endless":false,"potions_floor_spawned":[7,11,13,14,18,20,23,24,33,35,40,44,46,48],"ascension_level":5}}