{"host":"z2o61o1qvcmvhuul","time":1612604830,"event":{"mods":["Act Like it!","BaseMod","Gensokyo","Minty Spire (QoL Compilation)","Quick Restart","StSLib","Starting Relic: Pandora\u0027s Box","SuperFastMode"],"gold_per_floor":[18,30,30,30,30,30,55,55,55,72,2,2,2,12,12,114,114,129,129,146,0,12,12,24,38,38,55,87,99,46,71,71,71,71],"floor_reached":33,"language":"ZHS","playtime":685,"items_purged":[],"score":437,"play_id":"f2e786c8-f050-4e82-b126-55b3cdccda31","local_time":"20210206174710","is_ascension_mode":false,"campfire_choices":[{"data":"Eruption","floor":6.0,"key":"SMITH"},{"data":"Scrawl","floor":12.0,"key":"SMITH"},{"data":"BowlingBash","floor":15.0,"key":"SMITH"},{"data":"Fasting2","floor":23.0,"key":"SMITH"},{"data":"FlurryOfBlows","floor":32,"key":"SMITH"}],"circlet_count":0,"master_deck":["Eruption+1","Vigilance","Weave","Fasting2+1","FlurryOfBlows+1","BowlingBash+1","FlurryOfBlows+1","Vengeance","Scrawl+1","Scrawl+1","Wallop","LessonLearned+1","Gensokyo:TarnishedGold","Gensokyo:RustyChest"],"relics":["HolyWater","Strawberry","Strawberry","Blood Vial","Happy Flower","Gremlin Horn","Dream Catcher","Nunchaku"],"acts_visited":["Exordium","Gensokyo:Gensokyo"],"potions_floor_usage":[31,33],"damage_taken":[{"damage":1.0,"enemies":"Gensokyo:3_Fairies","floor":1.0,"turns":3.0},{"damage":0.0,"enemies":"Gensokyo:2_Kodama","floor":2.0,"turns":2.0},{"damage":0.0,"enemies":"Gensokyo:Mamizou","floor":7.0,"turns":5.0},{"damage":0.0,"enemies":"Gensokyo:Gryphon","floor":10.0,"turns":2.0},{"damage":0.0,"enemies":"Gensokyo:5_Fairies","floor":14.0,"turns":3.0},{"damage":0.0,"enemies":"Gensokyo:Reimu","floor":16.0,"turns":2.0},{"damage":0.0,"enemies":"Gensokyo:3_Dogs","floor":18.0,"turns":1.0},{"damage":5.0,"enemies":"Gensokyo:AngelMirror","floor":20.0,"turns":1.0},{"damage":13.0,"enemies":"Gensokyo:Wraith","floor":22.0,"turns":4.0},{"damage":0.0,"enemies":"Gensokyo:3_Gloops","floor":24.0,"turns":1.0},{"damage":12,"enemies":"Gensokyo:Slime_Group","floor":25,"turns":2},{"damage":8,"enemies":"Gensokyo:Mirror_and_Dog","floor":27,"turns":2},{"damage":0,"enemies":"Gensokyo:Tenshi","floor":28,"turns":1},{"damage":0,"enemies":"Gensokyo:Swordslinger","floor":29,"turns":1},{"damage":23,"enemies":"Gensokyo:Koishi","floor":31,"turns":4},{"damage":85,"enemies":"Gensokyo:Eternal_Rivals","floor":33,"turns":3}],"seed_played":"5976806304226012036","potions_obtained":[{"floor":1.0,"key":"AttackPotion"},{"floor":10.0,"key":"BlessingOfTheForge"},{"floor":22.0,"key":"Strength Potion"},{"floor":24.0,"key":"GamblersBrew"},{"floor":27,"key":"DuplicationPotion"}],"is_trial":false,"path_per_floor":["M","M","COS","?","?","R","E","$","T","M","?","R","?","M","R","B",null,"M","$","M","?","M","R","M","M","T","M","E","M","COS","E","R","B"],"character_chosen":"WATCHER","items_purchased":[],"campfire_rested":0,"item_purchase_floors":[],"current_hp_per_floor":[71,71,71,68,75,75,82,82,82,84,84,84,66,68,68,70,93,93,93,88,88,77,77,79,69,69,63,65,67,67,46,46,0,0],"gold":71,"neow_bonus":"THREE_RARE_CARDS","is_daily":false,"chose_seed":false,"campfire_upgraded":5,"win_rate":0.0,"timestamp":1612604830,"path_taken":["M","M","COS","?","?","R","E","?","T","M","?","R","?","?","R","BOSS","M","$","M","?","?","R","M","M","T","M","E","M","COS","E","R","BOSS"],"items_purchased_type":[],"build_version":"2020-12-22","purchased_purges":0,"victory":false,"max_hp_per_floor":[72,72,72,79,86,86,93,93,93,93,93,93,93,93,93,93,93,93,93,93,93,93,93,93,93,93,93,93,93,93,93,93,93,93],"card_choices":[{"not_picked":["Ragnarok","Brilliance"],"picked":"Scrawl","floor":0.0},{"not_picked":["Swivel","FollowUp","Evaluate"],"picked":"SKIP","floor":1.0},{"not_picked":["LikeWater","EmptyBody","PathToVictory"],"picked":"SKIP","floor":2.0},{"not_picked":["WaveOfTheHand","Protect","Crescendo"],"picked":"SKIP","floor":7.0},{"not_picked":["Nirvana","FlyingSleeves","Fasting2"],"picked":"SKIP","floor":10.0},{"not_picked":["WaveOfTheHand","EmptyFist","Pray"],"picked":"SKIP","floor":14.0},{"not_picked":["Vault","Alpha"],"picked":"Scrawl","floor":16.0},{"not_picked":["Crescendo+1","PathToVictory","CarveReality+1"],"picked":"SKIP","floor":18.0},{"not_picked":["Conclude","JustLucky+1"],"picked":"Wallop","floor":20.0},{"not_picked":["PathToVictory","WaveOfTheHand","Weave"],"picked":"SKIP","floor":22.0},{"not_picked":["WreathOfFlame+1","Prostrate","EmptyBody"],"picked":"SKIP","floor":24.0},{"not_picked":["PathToVictory","Prostrate","Sanctity"],"picked":"SKIP","floor":25},{"not_picked":["FollowUp","Evaluate","CutThroughFate"],"picked":"SKIP","floor":27},{"not_picked":["EmptyFist","BowlingBash+1"],"picked":"LessonLearned","floor":28},{"not_picked":["FlyingSleeves+1","EmptyMind+1","SashWhip"],"picked":"SKIP","floor":29},{"not_picked":["ThirdEye","Protect+1","Crescendo"],"picked":"SKIP","floor":31}],"player_experience":112485,"relics_obtained":[{"floor":7.0,"key":"Strawberry"},{"floor":9.0,"key":"Blood Vial"},{"floor":26,"key":"Gremlin Horn"},{"floor":28,"key":"Dream Catcher"},{"floor":31,"key":"Nunchaku"}],"event_choices":[],"is_beta":false,"boss_relics":[{"not_picked":["Cursed Key","SlaversCollar"],"picked":"HolyWater"}],"items_purged_floors":[],"is_endless":false,"potions_floor_spawned":[1,10,22,24,27],"killed_by":"Gensokyo:Eternal_Rivals","ascension_level":0}}