{"host":"d42v9a78iaxjks5w","time":1612633248,"event":{"mods":["BaseMod","BetterRewards","Colored Map","Colored Powertips","Downfall","Infinite Spire","Minty Spire (QoL Compilation)","Replay The Spire","StSLib"],"gold_per_floor":[116,116,9,21,34,61,61,61,61,78,78,78,98,118,118,134,134,230,230,250,197,214,233,250,250,276,276,276,276,295,295,295,314,314,419,469,481,494,39,57,57,57,67,67,145,145,164,164,179,199,199,199,199],"floor_reached":52,"language":"ENG","playtime":2085,"items_purged":["Defend_G","Strike_G"],"score":581,"play_id":"fce97e99-66f9-4d83-853b-9c96451eb0f1","local_time":"20210206114047","is_ascension_mode":true,"campfire_choices":[{"data":"Accuracy","floor":8,"key":"SMITH"},{"data":"Infinite Blades","floor":15,"key":"SMITH"},{"data":"Cloak And Dagger","floor":17,"key":"SMITH"},{"data":"Blade Dance","floor":25,"key":"SMITH"},{"data":"Dodge and Roll","floor":27,"key":"SMITH"},{"data":"Blade Dance","floor":29,"key":"SMITH"},{"floor":34,"key":"DIG"},{"floor":42,"key":"DIG"},{"floor":44,"key":"DIG"},{"floor":48,"key":"DIG"},{"floor":51,"key":"DIG"}],"circlet_count":0,"master_deck":["Strike_G+1","Strike_G","Strike_G","Strike_G","Defend_G","Defend_G","Defend_G","Defend_G","Survivor","Neutralize","Cloak And Dagger+1","Accuracy+1","Sucker Punch+1","Blade Dance+1","Slice+1","Slice+1","Infinite Blades+1","Dodge and Roll+1","Hidden Blade","Blade Dance+1","Slice+1","Backflip+1","Hidden Blade","Distraction+1","Infinite Blades+1","Envenom+1","Slice+1","Backflip+1","Cloak And Dagger+1","Deflect"],"relics":["Ring of the Snake","Nunchaku","Eternal Feather","White Beast Statue","Painkiller Herb","Paper Crane","ReplayTheSpireMod:Shallot","Shovel","Enchiridion","InkBottle","Tiny House","Guide Book","Basket Of Snakes","Pen Nib","Potion Belt","Replay:Bottled Eggs","Bottled Flame","infinitespire:FocusingShard","infinitespire:Broken Mirror"],"acts_visited":["Exordium","TheCity","TheBeyond"],"potions_floor_usage":[6,16,18,18,22,23,23,23,26,26,26,26,26,35,35,35,38,38,40,40,49,49,50,52,52],"damage_taken":[{"damage":1,"enemies":"Cultist","floor":1,"turns":5},{"damage":0,"enemies":"2 Louse","floor":4,"turns":3},{"damage":1,"enemies":"Jaw Worm","floor":5,"turns":2},{"damage":13,"enemies":"Lagavulin","floor":6,"turns":4},{"damage":0,"enemies":"2 Fungi Beasts","floor":10,"turns":2},{"damage":0,"enemies":"Exordium Wildlife","floor":13,"turns":3},{"damage":3,"enemies":"Looter","floor":14,"turns":2},{"damage":6,"enemies":"Exordium Thugs","floor":16,"turns":3},{"damage":8,"enemies":"The Guardian","floor":18,"turns":11},{"damage":19,"enemies":"Spheric Guardian","floor":20,"turns":4},{"damage":2,"enemies":"Shell Parasite","floor":22,"turns":4},{"damage":9,"enemies":"Centurion and Healer","floor":23,"turns":4},{"damage":14,"enemies":"Shelled Parasite and Fungi","floor":24,"turns":4},{"damage":1,"enemies":"Replay:Snechameleon","floor":26,"turns":3},{"damage":0,"enemies":"Chosen and Byrds","floor":30,"turns":4},{"damage":0,"enemies":"Snecko","floor":33,"turns":3},{"damage":12,"enemies":"Automaton","floor":35,"turns":6},{"damage":25,"enemies":"3 Shapes","floor":37,"turns":3},{"damage":12,"enemies":"3 Darklings","floor":38,"turns":4},{"damage":29,"enemies":"Writhing Mass","floor":40,"turns":4},{"damage":0,"enemies":"Maw","floor":43,"turns":4},{"damage":0,"enemies":"Spire Growth","floor":47,"turns":2},{"damage":11,"enemies":"Writhing Mass","floor":49,"turns":3},{"damage":0,"enemies":"Transient","floor":50,"turns":5},{"damage":67,"enemies":"infinitespire:MassOfShapes","floor":52,"turns":5}],"seed_played":"-5002980016083626885","potions_obtained":[{"floor":4,"key":"SkillPotion"},{"floor":10,"key":"GamblersBrew"},{"floor":13,"key":"Fire Potion"},{"floor":14,"key":"PowerPotion"},{"floor":16,"key":"SneckoOil"},{"floor":18,"key":"Ancient Potion"},{"floor":20,"key":"Ancient Potion"},{"floor":22,"key":"Poison Potion"},{"floor":23,"key":"Strength Potion"},{"floor":24,"key":"EntropicBrew"},{"floor":26,"key":"Dexterity Potion"},{"floor":30,"key":"Toxic Potion"},{"floor":33,"key":"hexamod:SoulburnPotion"},{"floor":35,"key":"Swift Potion"},{"floor":36,"key":"Weak Potion"},{"floor":37,"key":"AttackPotion"},{"floor":38,"key":"SpeedPotion"},{"floor":40,"key":"Block Potion"},{"floor":43,"key":"Poison Potion"},{"floor":47,"key":"Milkshake"},{"floor":49,"key":"BlessingOfTheForge"},{"floor":50,"key":"SteroidPotion"}],"is_trial":false,"path_per_floor":["M","?","$","M","M","E","$","R","T","M","PTL","PTL","M","M","R","M","R","B",null,"?","T","?","?","?","T","E","T","T","T","?","AVR","?","?","T","B",null,"?","?","T","?","?","T","?","T","T","AVR","?","T","?","?","T","B"],"character_chosen":"THE_SILENT","items_purchased":["Accuracy","Sucker Punch+1","Blade Dance","Guide Book","Basket Of Snakes"],"campfire_rested":0,"item_purchase_floors":[3,3,21,39,39],"current_hp_per_floor":[69,62,62,62,61,48,48,57,57,57,57,57,57,54,63,57,69,61,70,51,51,49,40,26,41,40,55,55,70,70,70,54,54,69,57,75,50,38,38,9,66,66,66,66,66,66,66,66,55,55,66,0,0],"gold":199,"neow_bonus":"RANDOM_COMMON_RELIC","is_daily":false,"chose_seed":false,"campfire_upgraded":6,"win_rate":0.0,"timestamp":1612633247,"path_taken":["M","?","?","M","M","E","$","R","T","M","PTL","PTL","M","M","R","?","R","BOSS","?","T","?","?","?","T","E","T","T","T","?","AVR","?","?","T","BOSS","?","?","T","?","?","T","?","T","T","AVR","?","T","?","?","T","BOSS"],"items_purchased_type":["Card","Card","Card","Relic","Relic"],"build_version":"2020-12-22","purchased_purges":2,"victory":false,"max_hp_per_floor":[70,70,70,70,70,70,70,70,70,70,70,70,70,70,70,70,70,70,70,70,70,70,70,70,70,70,70,70,70,70,70,70,70,70,70,75,75,75,75,75,66,66,66,66,66,66,66,66,66,66,66,66,66],"card_choices":[{"not_picked":["Dagger Spray","Backflip"],"picked":"Cloak And Dagger","floor":1},{"not_picked":["Dagger Throw","Backflip"],"picked":"Blade Dance","floor":4},{"not_picked":["Sneak Up","Outmaneuver"],"picked":"Slice","floor":5},{"not_picked":["Crippling Poison","Eviscerate","Atom Bomb"],"picked":"SKIP","floor":6},{"not_picked":["Outmaneuver","Dagger Throw"],"picked":"Slice","floor":10},{"not_picked":["Dodge and Roll","Reflex","Sucker Punch"],"picked":"SKIP","floor":13},{"not_picked":["Leg Sweep","ReplayTheSpireMod:The Works"],"picked":"Infinite Blades","floor":14},{"not_picked":["Quick Slash","Expertise"],"picked":"Dodge and Roll","floor":16},{"not_picked":["Dagger Spray+1","Distraction+1"],"picked":"Hidden Blade","floor":20},{"not_picked":["All Out Attack","Dagger Spray"],"picked":"Slice+1","floor":22},{"not_picked":["Dagger Throw+1","Outmaneuver"],"picked":"Backflip+1","floor":23},{"not_picked":["Prepared","ReplayTheSpireMod:From All Sides"],"picked":"Hidden Blade","floor":24},{"not_picked":["Quick Slash","PiercingWail","Eviscerate"],"picked":"SKIP","floor":26},{"not_picked":["Endless Agony+1","Flying Knee"],"picked":"Distraction+1","floor":30},{"not_picked":["Toxin Wave","Dodge and Roll"],"picked":"Infinite Blades","floor":33},{"not_picked":["Phantasmal Killer","Burst"],"picked":"Envenom","floor":35},{"not_picked":["Reflex+1","Dagger Throw+1"],"picked":"Slice+1","floor":37},{"not_picked":["Dagger Throw","Die Die Die"],"picked":"Backflip+1","floor":38},{"not_picked":["Backflip+1","Choke"],"picked":"Cloak And Dagger+1","floor":40},{"not_picked":["Infinite Blades","Underhanded Strike+1","ReplayTheSpireMod:Speed Training"],"picked":"SKIP","floor":43},{"not_picked":["Predator","Catalyst+1","Deadly Poison+1"],"picked":"SKIP","floor":47},{"not_picked":["Replay:Poison Smokescreen","Dodge and Roll+1"],"picked":"Deflect","floor":49},{"not_picked":["Slice","Quick Slash+1","PiercingWail+1"],"picked":"SKIP","floor":50}],"player_experience":96063,"relics_obtained":[{"floor":6,"key":"Eternal Feather"},{"floor":9,"key":"White Beast Statue"},{"floor":26,"key":"Paper Crane"},{"floor":28,"key":"ReplayTheSpireMod:Shallot"},{"floor":32,"key":"Enchiridion"},{"floor":34,"key":"InkBottle"},{"floor":42,"key":"Pen Nib"},{"floor":44,"key":"Potion Belt"},{"floor":45,"key":"Replay:Bottled Eggs"},{"floor":48,"key":"infinitespire:FocusingShard"},{"floor":51,"key":"infinitespire:Broken Mirror"}],"event_choices":[{"damage_healed":0,"gold_gain":0,"player_choice":"Damaged","damage_taken":7,"max_hp_gain":0,"max_hp_loss":0,"event_name":"Wheel of Change","floor":2,"gold_loss":0},{"damage_healed":0,"gold_gain":0,"player_choice":"Obtained Book","damage_taken":16,"max_hp_gain":0,"max_hp_loss":0,"event_name":"Cursed Tome","floor":32,"gold_loss":0},{"damage_healed":66,"gold_gain":0,"player_choice":"Heal","damage_taken":0,"max_hp_gain":0,"max_hp_loss":9,"event_name":"The Moai Head","floor":41,"gold_loss":0}],"is_beta":false,"boss_relics":[{"not_picked":["Runic Dome","Philosopher\u0027s Stone"],"picked":"Painkiller Herb"},{"not_picked":["Cursed Key","Empty Cage"],"picked":"Tiny House"}],"items_purged_floors":[31,46],"is_endless":false,"potions_floor_spawned":[4,10,13,14,16,18,20,22,23,24,26,30,33,35,37,38,40,43,47,49,50],"killed_by":"infinitespire:MassOfShapes","ascension_level":2}}