{"host":"sav7uxregyirlf69","time":1612573554,"event":{"mods":["AchievementEnabler","BaseMod","Colored Map","DeckTracker","Keyboard Shortcuts","Minty Spire (QoL Compilation)","READ ME - Guardian Mod","StSLib","SuperFastMode"],"gold_per_floor":[119,135,135,23,33,33,51,51,77,111,123,134,134,167,167,241,241,254,267,267,167,186,186,213,213,268,285,305,305,405,330,330,330,330],"floor_reached":33,"language":"KOR","playtime":635,"items_purged":["Pain","Strike_G"],"score":704,"play_id":"5c5267c7-ae88-4c8f-8368-354e47934f2d","local_time":"20210206100554","is_ascension_mode":true,"campfire_choices":[{"data":"Masterful Stab","floor":6,"key":"SMITH"},{"data":"Catalyst","floor":8,"key":"SMITH"},{"data":"Noxious Fumes","floor":13,"key":"SMITH"},{"data":"Bouncing Flask","floor":15,"key":"SMITH"},{"floor":23,"key":"REST"},{"data":"Adrenaline","floor":25,"key":"SMITH"},{"floor":29,"key":"REST"},{"floor":32,"key":"REST"}],"circlet_count":0,"master_deck":["AscendersBane","Strike_G+1","Strike_G","Strike_G","Defend_G","Defend_G","Defend_G","Defend_G","Defend_G","Survivor","Neutralize+1","Masterful Stab+1","Flying Knee","Predator","Bouncing Flask+1","Catalyst+1","Noxious Fumes+1","Adrenaline+1","Backflip","Corpse Explosion"],"relics":["Ring of the Snake","Bronze Scales","WarpedTongs","Whetstone","MealTicket","Ninja Scroll","Runic Pyramid","Juzu Bracelet","Dream Catcher","Torii","Frozen Egg 2"],"acts_visited":["Exordium","TheCity"],"potions_floor_usage":[14,16,24,30],"damage_taken":[{"damage":2,"enemies":"Small Slimes","floor":1,"turns":4},{"damage":1,"enemies":"Cultist","floor":2,"turns":3},{"damage":4,"enemies":"Jaw Worm","floor":5,"turns":3},{"damage":5,"enemies":"Blue Slaver","floor":7,"turns":2},{"damage":6,"enemies":"Gremlin Nob","floor":10,"turns":3},{"damage":13,"enemies":"Exordium Wildlife","floor":11,"turns":3},{"damage":6,"enemies":"Large Slime","floor":12,"turns":4},{"damage":17,"enemies":"3 Sentries","floor":14,"turns":5},{"damage":0,"enemies":"Slime Boss","floor":16,"turns":2},{"damage":7,"enemies":"3 Byrds","floor":18,"turns":4},{"damage":3,"enemies":"Chosen","floor":19,"turns":4},{"damage":6,"enemies":"3 Cultists","floor":22,"turns":5},{"damage":33,"enemies":"Gremlin Leader","floor":24,"turns":7},{"damage":15,"enemies":"Shelled Parasite and Fungi","floor":27,"turns":4},{"damage":1,"enemies":"Snecko","floor":28,"turns":4},{"damage":2,"enemies":"Colosseum Slavers","floor":30,"turns":5},{"damage":23,"enemies":"Colosseum Nobs","floor":30,"turns":4},{"damage":25,"enemies":"Collector","floor":33,"turns":3}],"seed_played":"4569927349514213583","potions_obtained":[{"floor":7,"key":"DuplicationPotion"},{"floor":10,"key":"Regen Potion"},{"floor":16,"key":"DuplicationPotion"},{"floor":18,"key":"Dexterity Potion"}],"is_trial":false,"path_per_floor":["M","M","?","$","M","R","M","R","T","E","M","M","R","E","R","B",null,"M","M","?","$","M","R","E","R","T","M","M","R","?","?","R","B"],"character_chosen":"THE_SILENT","items_purchased":["Predator"],"campfire_rested":3,"item_purchase_floors":[4],"current_hp_per_floor":[57,56,56,56,52,52,47,47,47,41,28,22,22,20,20,20,55,48,45,27,42,36,57,24,24,24,9,8,29,4,4,25,0,0],"gold":330,"neow_bonus":"RANDOM_COMMON_RELIC","is_daily":false,"chose_seed":false,"campfire_upgraded":5,"win_rate":0.0,"timestamp":1612573554,"path_taken":["M","M","?","$","M","R","M","R","T","E","M","?","R","E","R","BOSS","M","M","?","$","M","R","E","R","T","M","M","R","?","?","R","BOSS"],"items_purchased_type":["Card"],"build_version":"2020-12-22","purchased_purges":2,"victory":false,"max_hp_per_floor":[66,66,66,66,66,66,66,66,66,66,66,66,66,66,66,66,66,66,66,71,71,71,71,71,71,71,71,71,71,71,71,71,71,71],"card_choices":[{"not_picked":["Backflip","Setup"],"picked":"Masterful Stab","floor":1},{"not_picked":["Infinite Blades","Acrobatics"],"picked":"Flying Knee","floor":2},{"not_picked":["Heel Hook","Prepared"],"picked":"Bouncing Flask","floor":5},{"not_picked":["Tactician","Predator"],"picked":"Catalyst","floor":7},{"not_picked":["Escape Plan","Leg Sweep"],"picked":"Noxious Fumes","floor":10},{"not_picked":["Outmaneuver","Sucker Punch","Prepared"],"picked":"SKIP","floor":11},{"not_picked":["Outmaneuver","Flechettes","Prepared"],"picked":"SKIP","floor":12},{"not_picked":["Accuracy","Cloak And Dagger","Blade Dance"],"picked":"SKIP","floor":14},{"not_picked":["Night Terror","Phantasmal Killer"],"picked":"Adrenaline","floor":16},{"not_picked":["Dagger Spray+1","Poisoned Stab","Choke"],"picked":"SKIP","floor":18},{"not_picked":["Underhanded Strike","Sucker Punch","Deadly Poison"],"picked":"SKIP","floor":19},{"not_picked":["Predator","Dodge and Roll"],"picked":"Backflip","floor":22},{"not_picked":["Quick Slash+1","Dodge and Roll","Endless Agony"],"picked":"SKIP","floor":24},{"not_picked":["Noxious Fumes","Infinite Blades","Bouncing Flask"],"picked":"SKIP","floor":27},{"not_picked":["Underhanded Strike","Terror","Deflect"],"picked":"SKIP","floor":28},{"not_picked":["Cloak And Dagger","Flechettes"],"picked":"Corpse Explosion","floor":32}],"player_experience":1501649,"relics_obtained":[{"floor":9,"key":"Whetstone"},{"floor":10,"key":"MealTicket"},{"floor":14,"key":"Ninja Scroll"},{"floor":24,"key":"Juzu Bracelet"},{"floor":26,"key":"Dream Catcher"},{"floor":30,"key":"Torii"},{"floor":30,"key":"Frozen Egg 2"}],"event_choices":[{"damage_healed":0,"gold_gain":0,"player_choice":"Rummage","damage_taken":0,"relics_obtained":["WarpedTongs"],"max_hp_gain":0,"max_hp_loss":0,"event_name":"Accursed Blacksmith","floor":3,"gold_loss":0,"cards_obtained":["Pain"]},{"damage_healed":0,"gold_gain":0,"player_choice":"Shed Blood","damage_taken":23,"max_hp_gain":5,"max_hp_loss":0,"event_name":"Forgotten Altar","floor":20,"gold_loss":0},{"damage_healed":0,"gold_gain":0,"player_choice":"Fight","damage_taken":0,"max_hp_gain":0,"max_hp_loss":0,"event_name":"Colosseum","floor":30,"gold_loss":0},{"damage_healed":0,"gold_gain":0,"player_choice":"Fought Nobs","damage_taken":0,"max_hp_gain":0,"max_hp_loss":0,"event_name":"Colosseum","floor":30,"gold_loss":0},{"cards_removed":["Strike_G"],"damage_healed":0,"gold_gain":0,"player_choice":"Gave Gold","damage_taken":0,"max_hp_gain":0,"max_hp_loss":0,"event_name":"Beggar","floor":31,"gold_loss":75}],"is_beta":false,"boss_relics":[{"not_picked":["Empty Cage","Cursed Key"],"picked":"Runic Pyramid"}],"items_purged_floors":[4,21],"is_endless":false,"potions_floor_spawned":[7,10,16,18,22,30],"killed_by":"Collector","ascension_level":20}}