{"host":"Qube","time":1612640174,"event":{"mods":["AchievementEnabler","BaseMod","Colored Map","Colored Powertips","Highlight Path","Minty Spire (QoL Compilation)","Permanent Neow","Quick Restart","Random Character Button","StSLib"],"gold_per_floor":[361,4,4,43,60,60,101,101,101,159,159,238,283,283,283,283,283],"floor_reached":16,"language":"ENG","playtime":813,"items_purged":["Strike_R"],"score":220,"play_id":"46136975-c747-422a-9a1e-3f99983f1557","local_time":"20210206113614","is_ascension_mode":true,"campfire_choices":[{"data":"HandOfGreed","floor":6.0,"key":"SMITH"},{"data":"Armaments","floor":8.0,"key":"SMITH"},{"floor":15,"key":"REST"}],"circlet_count":0,"master_deck":["AscendersBane","Strike_R","Strike_R","Strike_R","Defend_R","Defend_R","Defend_R","Defend_R","Bash","Uppercut+1","HandOfGreed+1","Iron Wave","Armaments+1","Body Slam","Havoc","Iron Wave","Spot Weakness","Hemokinesis"],"relics":["Burning Blood","Letter Opener","Paper Frog","Mercury Hourglass"],"acts_visited":["Exordium"],"potions_floor_usage":[16],"damage_taken":[{"damage":9.0,"enemies":"Jaw Worm","floor":1.0,"turns":5.0},{"damage":0.0,"enemies":"Small Slimes","floor":4.0,"turns":3.0},{"damage":0.0,"enemies":"Cultist","floor":5.0,"turns":3.0},{"damage":4.0,"enemies":"Looter","floor":7.0,"turns":4.0},{"damage":27.0,"enemies":"Gremlin Nob","floor":10.0,"turns":4.0},{"damage":27.0,"enemies":"3 Sentries","floor":12.0,"turns":8.0},{"damage":17,"enemies":"Exordium Wildlife","floor":13,"turns":4},{"damage":54,"enemies":"The Guardian","floor":16,"turns":11}],"seed_played":"8657946622424761408","potions_obtained":[{"floor":1.0,"key":"BlessingOfTheForge"},{"floor":4.0,"key":"Regen Potion"}],"is_trial":false,"path_per_floor":["M","$","?","M","M","R","M","R","T","E","?","E","M","?","R","B"],"character_chosen":"IRONCLAD","items_purchased":["HandOfGreed","Iron Wave","Armaments"],"campfire_rested":1,"item_purchase_floors":[2,2,2],"current_hp_per_floor":[65,65,65,68,68,68,68,68,68,47,47,26,15,15,35,0,0],"gold":283,"neow_bonus":"TWO_FIFTY_GOLD","is_daily":false,"chose_seed":false,"campfire_upgraded":2,"win_rate":0.0,"timestamp":1612640174,"path_taken":["M","$","?","M","M","R","M","R","T","E","?","E","?","?","R","BOSS"],"items_purchased_type":["Card","Card","Card"],"build_version":"2020-12-18","purchased_purges":1,"victory":false,"max_hp_per_floor":[68,68,68,68,68,68,68,68,68,68,68,68,68,68,68,68,68],"card_choices":[{"not_picked":["Whirlwind","Sentinel"],"picked":"Uppercut","floor":1.0},{"not_picked":["Sword Boomerang","Twin Strike","Anger"],"picked":"SKIP","floor":4.0},{"not_picked":["Dual Wield","Anger","Clothesline"],"picked":"SKIP","floor":5.0},{"not_picked":["Dual Wield","Anger","Clothesline"],"picked":"SKIP","floor":5.0},{"not_picked":["Iron Wave","Thunderclap"],"picked":"Body Slam","floor":7.0},{"not_picked":["Wild Strike","Heavy Blade"],"picked":"Havoc","floor":10.0},{"not_picked":["Wild Strike","Bloodletting"],"picked":"Iron Wave","floor":12.0},{"not_picked":["Rampage","Iron Wave"],"picked":"Spot Weakness","floor":13}],"player_experience":1078148,"relics_obtained":[{"floor":9.0,"key":"Letter Opener"},{"floor":10.0,"key":"Paper Frog"},{"floor":12.0,"key":"Mercury Hourglass"}],"event_choices":[{"damage_healed":0.0,"max_hp_gain":0.0,"max_hp_loss":0.0,"gold_gain":0.0,"event_name":"Liars Game","player_choice":"Ignored","floor":3.0,"gold_loss":0.0,"damage_taken":0.0},{"damage_healed":0.0,"max_hp_gain":0.0,"max_hp_loss":0.0,"gold_gain":0.0,"event_name":"Upgrade Shrine","player_choice":"Upgraded","floor":11.0,"gold_loss":0.0,"damage_taken":0.0,"cards_upgraded":["Uppercut"]},{"damage_healed":0,"gold_gain":0,"cards_transformed":["Strike_R"],"player_choice":"Change","damage_taken":0,"max_hp_gain":0,"max_hp_loss":0,"event_name":"Living Wall","floor":14,"gold_loss":0,"cards_obtained":["Hemokinesis"]}],"is_beta":true,"boss_relics":[],"items_purged_floors":[2],"is_endless":false,"potions_floor_spawned":[1,4],"killed_by":"The Guardian","ascension_level":20}}