{"host":"6gickdzyi2e936w7","time":1612578719,"event":{"mods":["Ascension Reborn","BaseMod","BetterRewards","Minty Spire (QoL Compilation)","Random Character Button","Replay The Spire","StSLib","Synergy Search"],"gold_per_floor":[118,118,138,249,263,263,282,323,323,323,347,363,363,72,72,200,200,200,200],"floor_reached":18,"language":"ENG","playtime":1104,"items_purged":[],"score":287,"play_id":"f881322f-d4cf-408a-9fe5-383391ee5161","local_time":"20210205213159","is_ascension_mode":true,"campfire_choices":[{"data":"Replay:BasicMightCard","floor":6,"key":"SMITH"},{"floor":15,"key":"REST"}],"circlet_count":0,"master_deck":["Strike_P","Strike_P","Strike_P","Strike_P","Defend_P","Defend_P","Defend_P","Defend_P","Eruption","Vigilance","Replay:BasicMightCard+1","Halt","Tantrum","Prostrate","Conclude+1","Devotion"],"relics":["PureWater","Sling","Golden Idol","Peace Pipe","Ornamental Fan","Blue Candle","Prayer Wheel","SlaversCollar"],"acts_visited":["Exordium","TheCity"],"potions_floor_usage":[16],"damage_taken":[{"damage":1,"enemies":"2 Louse","floor":1,"turns":2},{"damage":0,"enemies":"Jaw Worm","floor":3,"turns":3},{"damage":7,"enemies":"Small Slimes","floor":5,"turns":3},{"damage":0,"enemies":"2 Fungi Beasts","floor":7,"turns":3},{"damage":0,"enemies":"Replay:BlueRogue","floor":8,"turns":3},{"damage":8,"enemies":"Large Slime","floor":11,"turns":4},{"damage":5,"enemies":"Lots of Slimes","floor":12,"turns":6},{"damage":51,"enemies":"Fading Forest","floor":16,"turns":11},{"damage":77,"enemies":"3 Byrds","floor":18,"turns":3}],"seed_played":"5888140268809571590","potions_obtained":[{"floor":1,"key":"Reflective Coating"},{"floor":11,"key":"ColorlessPotion"},{"floor":16,"key":"Ancient Potion"}],"is_trial":false,"path_per_floor":["M","?","M","?","M","R","M","E","T","T","M","M","?","$","R","B",null,"M"],"character_chosen":"WATCHER","items_purchased":["Sling","Replay:BasicMightCard","Prayer Wheel"],"campfire_rested":1,"item_purchase_floors":[0,0,14],"current_hp_per_floor":[71,53,53,53,46,46,46,46,46,46,38,33,33,33,54,23,72,0,0],"gold":200,"neow_bonus":"","is_daily":false,"chose_seed":false,"campfire_upgraded":1,"win_rate":0.0,"timestamp":1612578719,"path_taken":["M","?","M","?","M","R","M","E","T","?","M","M","?","$","R","BOSS","M"],"items_purchased_type":["Relic","Card","Relic"],"build_version":"2020-12-22","purchased_purges":0,"victory":false,"max_hp_per_floor":[72,72,72,72,72,72,72,72,72,72,72,72,72,72,72,72,72,72,72],"card_choices":[{"not_picked":["Halt","SignatureMove","ThirdEye"],"picked":"SKIP","floor":1},{"not_picked":["Indignation","FollowUp"],"picked":"Halt","floor":3},{"not_picked":["Replay:AllIn","SashWhip"],"picked":"Tantrum","floor":4},{"not_picked":["BowlingBash","Replay:Battleflow"],"picked":"LikeWater","floor":4},{"not_picked":["JustLucky","SashWhip","SignatureMove"],"picked":"SKIP","floor":5},{"not_picked":["Indignation","CarveReality","ThirdEye"],"picked":"SKIP","floor":7},{"not_picked":["CarveReality","EmptyBody","JustLucky"],"picked":"SKIP","floor":8},{"not_picked":["EmptyFist","LikeWater"],"picked":"Prostrate","floor":11},{"not_picked":["EmptyBody","Indignation","Protect"],"picked":"SKIP","floor":12},{"not_picked":["Replay:LoomingThreat","Omniscience"],"picked":"Devotion","floor":16}],"player_experience":96243,"relics_obtained":[{"floor":8,"key":"Peace Pipe"},{"floor":9,"key":"Ornamental Fan"},{"floor":10,"key":"Blue Candle"}],"event_choices":[{"damage_healed":0,"gold_gain":0,"player_choice":"Take Damage","damage_taken":18,"relics_obtained":["Golden Idol"],"max_hp_gain":0,"max_hp_loss":0,"event_name":"Golden Idol","floor":2,"gold_loss":0}],"is_beta":false,"boss_relics":[{"not_picked":["HolyWater","Pandora\u0027s Box"],"picked":"SlaversCollar"}],"items_purged_floors":[],"is_endless":false,"potions_floor_spawned":[1,11,12,16],"killed_by":"3 Byrds","ascension_level":0}}