{"host":"1q02rw1wpi0nrsss","time":1612647601,"event":{"mods":["AchievementEnabler","BaseMod","Better Note","Better Third Choice","Bossed Relics","Custom Start","Dark Map","DeckTracker","Disable Question Mark Monsters","Minty Spire (QoL Compilation)","Permanent Neow","Quick Restart","Rare Cards Sparkle","Relic Stats","StSLib","??????REMEMod"],"gold_per_floor":[367,93,93,93,114,114,145,145,145,170,221,221,262,9,9,129,129,152,167,167,167,181,181,181,181],"floor_reached":24,"language":"ENG","playtime":789,"items_purged":["Decay","Strike_G"],"score":346,"play_id":"1fe4bfb6-e09a-4a74-bc06-6a65aa335db1","local_time":"20210206134001","is_ascension_mode":true,"campfire_choices":[{"data":"Hyperbeam","floor":6,"key":"SMITH"},{"floor":12,"key":"REST"},{"data":"Neutralize","floor":15,"key":"SMITH"},{"data":"Venomology","floor":23,"key":"SMITH"}],"circlet_count":0,"master_deck":["Strike_G","Strike_G","Strike_G","Strike_G+1","Defend_G","Defend_G","Defend_G","Defend_G","Defend_G","Survivor+1","Neutralize+1","Hyperbeam+1","Expertise","Deadly Poison","PiercingWail","Venomology+1","Backflip","Corpse Explosion","REME_ShadowForm","Noxious Fumes"],"relics":["Ring of the Snake","REME_ComplimentaryCards","Snake Skull","Golden Idol","Potion Belt","Mercury Hourglass","Girya","Coffee Dripper"],"acts_visited":["Exordium","TheCity"],"potions_floor_usage":[13,13,13,16,16,18,18,18,19,19,22,22,22,24,24],"damage_taken":[{"damage":7,"enemies":"Jaw Worm","floor":1,"turns":3},{"damage":0,"enemies":"2 Louse","floor":5,"turns":1},{"damage":22,"enemies":"Lagavulin","floor":7,"turns":6},{"damage":0,"enemies":"Small Slimes","floor":10,"turns":3},{"damage":0,"enemies":"3 Sentries","floor":13,"turns":3},{"damage":0,"enemies":"The Guardian","floor":16,"turns":7},{"damage":0,"enemies":"Spheric Guardian","floor":18,"turns":4},{"damage":0,"enemies":"3 Byrds","floor":19,"turns":1},{"damage":20,"enemies":"Shelled Parasite and Fungi","floor":22,"turns":4},{"damage":27,"enemies":"Book of Stabbing","floor":24,"turns":4}],"seed_played":"626598955824768616","potions_obtained":[{"floor":7,"key":"EntropicBrew"},{"floor":16,"key":"LiquidBronze"},{"floor":18,"key":"Dexterity Potion"}],"is_trial":false,"path_per_floor":["M","$","?","?","M","R","E","?","T","M","?","R","E","$","R","B",null,"M","M","?","?","M","R","E"],"character_chosen":"THE_SILENT","items_purchased":["Snake Skull","Deadly Poison","Corpse Explosion"],"campfire_rested":1,"item_purchase_floors":[2,2,14],"current_hp_per_floor":[63,63,63,63,63,63,41,27,27,27,27,48,48,48,48,62,68,68,68,68,68,48,48,21,21],"gold":181,"neow_bonus":"TWO_FIFTY_GOLD","is_daily":false,"chose_seed":false,"campfire_upgraded":3,"win_rate":0.0,"timestamp":1612647601,"path_taken":["M","$","?","?","M","R","E","?","T","M","?","R","E","$","R","BOSS","M","M","?","?","M","R","E"],"items_purchased_type":["Relic","Card","Card"],"build_version":"2020-12-22","purchased_purges":2,"victory":false,"max_hp_per_floor":[70,70,70,70,70,70,70,70,70,70,70,70,70,70,70,70,70,70,70,70,70,70,70,70,70],"relic_stats":{"counters":[10,36],"Golden Idol":58,"Snake Skull":[19],"obtain_stats":[{"Potion Belt":7,"Girya":13,"Golden Idol":3,"Snake Skull":2,"Coffee Dripper":17,"Ring of the Snake":0,"REME_ComplimentaryCards":0,"Mercury Hourglass":9},{"Potion Belt":3,"Girya":5,"Golden Idol":1,"Snake Skull":1,"Coffee Dripper":6,"Ring of the Snake":0,"REME_ComplimentaryCards":0,"Mercury Hourglass":3},{"Potion Belt":10,"Girya":16,"Golden Idol":3,"Snake Skull":3,"Coffee Dripper":23,"Ring of the Snake":0,"REME_ComplimentaryCards":0,"Mercury Hourglass":10}],"Ring of the Snake":[20],"Mercury Hourglass":[78]},"card_choices":[{"not_picked":["Poisoned Stab","REME_ShadowStrike"],"picked":"Expertise","floor":1},{"not_picked":["Sucker Punch","Flying Knee"],"picked":"PiercingWail","floor":5},{"not_picked":["Dash","Quick Slash"],"picked":"Venomology","floor":7},{"not_picked":["Distraction","Dagger Throw"],"picked":"Backflip","floor":10},{"not_picked":["Blade Dance","Concentrate","Sucker Punch"],"picked":"SKIP","floor":13},{"not_picked":["REME_SpectralBlade","Doppelganger"],"picked":"REME_ShadowForm","floor":16},{"not_picked":["Escape Plan+1","Dodge and Roll","Cloak And Dagger"],"picked":"SKIP","floor":18},{"not_picked":["Predator","Heel Hook","Terror"],"picked":"SKIP","floor":19},{"not_picked":["Finisher","Prepared","Flechettes+1"],"picked":"SKIP","floor":22}],"player_experience":99126,"relics_obtained":[{"floor":7,"key":"Potion Belt"},{"floor":9,"key":"Mercury Hourglass"},{"floor":13,"key":"Girya"}],"event_choices":[{"damage_healed":0,"gold_gain":0,"player_choice":"Take Wound","damage_taken":0,"relics_obtained":["Golden Idol"],"max_hp_gain":0,"max_hp_loss":0,"event_name":"Golden Idol","floor":3,"gold_loss":0,"cards_obtained":["Injury"]},{"cards_removed":["Injury"],"damage_healed":0,"gold_gain":0,"player_choice":"Forget","damage_taken":0,"max_hp_gain":0,"max_hp_loss":0,"event_name":"Living Wall","floor":4,"gold_loss":0},{"damage_healed":41,"gold_gain":0,"player_choice":"Upgrade","damage_taken":14,"max_hp_gain":0,"max_hp_loss":70,"event_name":"betterThird:BetterShining","floor":8,"gold_loss":0,"cards_upgraded":["Strike_G","Survivor"]},{"damage_healed":0,"gold_gain":51,"player_choice":"Gained Gold","damage_taken":0,"max_hp_gain":0,"max_hp_loss":0,"event_name":"Golden Wing","floor":11,"gold_loss":0},{"damage_healed":0,"gold_gain":0,"player_choice":"Ignored","damage_taken":0,"max_hp_gain":0,"max_hp_loss":0,"event_name":"Ghosts","floor":20,"gold_loss":0},{"damage_healed":0,"gold_gain":0,"player_choice":"Read","damage_taken":0,"max_hp_gain":0,"max_hp_loss":0,"event_name":"The Library","floor":21,"gold_loss":0,"cards_obtained":["Noxious Fumes"]}],"is_beta":false,"boss_relics":[{"not_picked":["REME_DuelDisc","Black Star"],"picked":"Coffee Dripper"}],"items_purged_floors":[2,14],"is_endless":false,"potions_floor_spawned":[7,16,18],"killed_by":"Book of Stabbing","ascension_level":5}}