{"host":"p0hktren06injwdf","time":1612607205,"event":{"mods":["AchievementEnabler","BaseMod","Colored Map","DeckTracker","Minty Spire (QoL Compilation)","Permanent Neow","StSLib","SuperFastMode"],"gold_per_floor":[134,172,172,9,42,42,42,95,95,133,133,133,133,195,195,269,269,333,27,72,72,87,87,121,121,147,205,216,216,216,252,252,323,323,362,403,418,418,418,478,544,577,625,660,108,155,180,218,218,268,293],"floor_reached":52,"language":"KOR","playtime":1619,"items_purged":["Strike_P","Defend_P","Defend_P"],"score":2139,"play_id":"7f5b3236-12f3-442c-9547-492d387656c8","local_time":"20210206192645","is_ascension_mode":true,"campfire_choices":[{"data":"Eruption","floor":6.0,"key":"SMITH"},{"data":"Adaptation","floor":11.0,"key":"SMITH"},{"data":"Ragnarok","floor":13.0,"key":"SMITH"},{"data":"EmptyFist","floor":15.0,"key":"SMITH"},{"data":"MentalFortress","floor":23.0,"key":"SMITH"},{"data":"Adaptation","floor":25.0,"key":"SMITH"},{"floor":32,"key":"REST"},{"data":"Tantrum","floor":49,"key":"SMITH"}],"circlet_count":0,"master_deck":["AscendersBane","Defend_P","Eruption+1","Vigilance","HandOfGreed+1","BowlingBash","EmptyFist+1","Adaptation+1","FlurryOfBlows","CutThroughFate","Ragnarok+1","Vault","Adaptation+1","InnerPeace","Tantrum+1","MentalFortress+1","Evaluate","DeusExMachina","Evaluate+1","BattleHymn+1","EmptyBody+1","MentalFortress+1","MentalFortress+1","Vault"],"relics":["PureWater","Question Card","Yang","Sozu","Frozen Egg 2","Anchor","Astrolabe","Pantograph","Meat on the Bone","Bag of Marbles","Shuriken","Strawberry","Ice Cream","Omamori"],"acts_visited":["Exordium","TheCity","TheBeyond"],"potions_floor_usage":[],"damage_taken":[{"damage":0.0,"enemies":"2 Louse","floor":1.0,"turns":3.0},{"damage":0.0,"enemies":"Cultist","floor":2.0,"turns":3.0},{"damage":0.0,"enemies":"Small Slimes","floor":5.0,"turns":2.0},{"damage":8.0,"enemies":"Gremlin Nob","floor":8.0,"turns":3.0},{"damage":2.0,"enemies":"Gremlin Gang","floor":10.0,"turns":3.0},{"damage":4.0,"enemies":"Lots of Slimes","floor":14.0,"turns":5.0},{"damage":45.0,"enemies":"The Guardian","floor":16.0,"turns":10.0},{"damage":1.0,"enemies":"2 Thieves","floor":18.0,"turns":4.0},{"damage":0.0,"enemies":"3 Byrds","floor":20.0,"turns":5.0},{"damage":12.0,"enemies":"3 Cultists","floor":22.0,"turns":4.0},{"damage":0.0,"enemies":"Gremlin Leader","floor":24.0,"turns":3.0},{"damage":4.0,"enemies":"Slavers","floor":27.0,"turns":3.0},{"damage":21,"enemies":"Snake Plant","floor":28,"turns":4},{"damage":0,"enemies":"Cultist and Chosen","floor":31,"turns":4},{"damage":8,"enemies":"Automaton","floor":33,"turns":7},{"damage":7,"enemies":"3 Shapes","floor":35,"turns":5},{"damage":0,"enemies":"3 Darklings","floor":36,"turns":3},{"damage":0,"enemies":"Transient","floor":37,"turns":7},{"damage":13,"enemies":"Giant Head","floor":40,"turns":5},{"damage":0,"enemies":"Sphere and 2 Shapes","floor":41,"turns":4},{"damage":0,"enemies":"Nemesis","floor":42,"turns":5},{"damage":0,"enemies":"Spire Growth","floor":44,"turns":4},{"damage":12,"enemies":"2 Orb Walkers","floor":46,"turns":4},{"damage":0,"enemies":"Reptomancer","floor":47,"turns":4},{"damage":8,"enemies":"4 Shapes","floor":48,"turns":5},{"damage":56,"enemies":"Awakened One","floor":50,"turns":9},{"damage":18,"enemies":"Donu and Deca","floor":51,"turns":7}],"seed_played":"-8783514256316919994","potions_obtained":[{"floor":2.0,"key":"FairyPotion"},{"floor":8.0,"key":"Regen Potion"}],"is_trial":false,"path_per_floor":["M","M","?","$","M","R","?","E","T","M","R","?","R","M","R","B",null,"M","$","M","?","M","R","E","R","T","E","M","?","?","M","R","B",null,"M","M","M","T","?","E","M","E","T","M","$","?","E","M","R","B","B",null],"character_chosen":"WATCHER","items_purchased":["Adaptation","Adaptation","InnerPeace","Tantrum","Shuriken","Strawberry"],"campfire_rested":1,"item_purchase_floors":[4,19,19,19,45,45],"current_hp_per_floor":[61,61,61,61,61,61,61,53,53,51,51,51,51,47,47,17,51,50,50,50,50,38,38,38,38,38,34,13,13,13,13,31,23,52,45,45,45,45,45,32,32,32,32,32,39,39,39,43,43,24,43],"gold":293,"neow_bonus":"RANDOM_COLORLESS_2","is_daily":false,"chose_seed":false,"campfire_upgraded":7,"win_rate":0.0,"timestamp":1612607205,"path_taken":["M","M","?","$","M","R","?","E","T","M","R","?","R","?","R","BOSS","M","$","M","?","M","R","E","R","T","E","?","?","?","M","R","BOSS","M","?","?","?","?","E","M","E","T","?","$","?","E","M","R","BOSS","BOSS"],"items_purchased_type":["Card","Card","Card","Card","Relic","Relic"],"build_version":"2020-12-22","purchased_purges":3,"victory":true,"max_hp_per_floor":[62,62,62,62,62,62,62,62,62,62,62,62,62,62,62,62,62,62,62,62,62,62,62,62,62,62,62,62,62,62,62,62,62,62,62,62,62,62,62,62,62,62,62,62,69,69,69,69,69,69,69],"card_choices":[{"not_picked":["Mayhem","Chrysalis"],"picked":"HandOfGreed","floor":0.0},{"not_picked":["Prostrate","FlyingSleeves"],"picked":"BowlingBash","floor":1.0},{"not_picked":["BattleHymn","CrushJoints"],"picked":"EmptyFist","floor":2.0},{"not_picked":["JustLucky","ClearTheMind"],"picked":"FlurryOfBlows","floor":5.0},{"not_picked":["ForeignInfluence","ThirdEye"],"picked":"CutThroughFate","floor":8.0},{"not_picked":["FlurryOfBlows","Evaluate","Swivel"],"picked":"Ragnarok","floor":10.0},{"not_picked":["LikeWater","CrushJoints","PathToVictory","CarveReality"],"picked":"SKIP","floor":14.0},{"not_picked":["Ragnarok","Scrawl","Alpha"],"picked":"Vault","floor":16.0},{"not_picked":["Prostrate","BowlingBash","FlyingSleeves","SandsOfTime+1"],"picked":"SKIP","floor":18.0},{"not_picked":["Prostrate","BowlingBash","FlyingSleeves","SandsOfTime+1"],"picked":"SKIP","floor":18.0},{"not_picked":["CutThroughFate","Prostrate","Wireheading","EmptyBody"],"picked":"SKIP","floor":20.0},{"not_picked":["FlyingSleeves","BowlingBash","SandsOfTime"],"picked":"MentalFortress","floor":22.0},{"not_picked":["InnerPeace","ClearTheMind","Weave","FlyingSleeves"],"picked":"SKIP","floor":24.0},{"not_picked":["SashWhip","Consecrate","MasterReality+1","BowlingBash"],"picked":"SKIP","floor":27.0},{"not_picked":["Crescendo+1","BattleHymn+1","Consecrate","CrushJoints"],"picked":"SKIP","floor":28},{"not_picked":["Vengeance","Study+1","EmptyMind","PathToVictory"],"picked":"SKIP","floor":31},{"not_picked":["Evaluate","Prostrate","CutThroughFate+1","FearNoEvil"],"picked":"SKIP","floor":35},{"not_picked":["FlyingSleeves","Collect+1","EmptyFist","BowlingBash"],"picked":"SKIP","floor":36},{"not_picked":["SashWhip","WreathOfFlame","FlyingSleeves","Prostrate"],"picked":"SKIP","floor":37},{"not_picked":["Evaluate","ConjureBlade","ForeignInfluence"],"picked":"MentalFortress+1","floor":40},{"not_picked":["Nirvana+1","Pray","EmptyMind","Swivel+1"],"picked":"SKIP","floor":41},{"not_picked":["Wireheading+1","Pray","MasterReality+1","Evaluate"],"picked":"SKIP","floor":42},{"not_picked":["Evaluate","EmptyFist","Consecrate","Halt"],"picked":"SKIP","floor":44},{"not_picked":["Meditate+1","DeceiveReality","WheelKick"],"picked":"Vault","floor":47},{"not_picked":["Evaluate","SignatureMove","CarveReality","Crescendo"],"picked":"SKIP","floor":48}],"player_experience":1015166,"relics_obtained":[{"floor":8.0,"key":"Question Card"},{"floor":9.0,"key":"Yang"},{"floor":24.0,"key":"Frozen Egg 2"},{"floor":26.0,"key":"Anchor"},{"floor":38,"key":"Pantograph"},{"floor":40,"key":"Meat on the Bone"},{"floor":42,"key":"Bag of Marbles"},{"floor":46,"key":"Ice Cream"},{"floor":47,"key":"Omamori"}],"event_choices":[{"damage_healed":0.0,"max_hp_gain":0.0,"max_hp_loss":0.0,"gold_gain":0.0,"event_name":"Scrap Ooze","player_choice":"Fled","floor":3.0,"gold_loss":0.0,"damage_taken":0.0},{"damage_healed":0.0,"max_hp_gain":0.0,"max_hp_loss":0.0,"gold_gain":0.0,"event_name":"Liars Game","player_choice":"Ignored","floor":7.0,"gold_loss":0.0,"damage_taken":0.0},{"damage_healed":0.0,"max_hp_gain":0.0,"max_hp_loss":0.0,"gold_gain":0.0,"event_name":"Accursed Blacksmith","player_choice":"Forge","floor":12.0,"gold_loss":0.0,"damage_taken":0.0,"cards_upgraded":["HandOfGreed"]},{"cards_removed":["Strike_P"],"damage_healed":0.0,"max_hp_gain":0.0,"max_hp_loss":0.0,"gold_gain":0.0,"event_name":"Bonfire Elementals","player_choice":"Offered Basic","floor":21.0,"gold_loss":0.0,"damage_taken":0.0},{"damage_healed":0,"gold_gain":0,"player_choice":"Read","damage_taken":0,"max_hp_gain":0,"max_hp_loss":0,"event_name":"The Library","floor":29,"gold_loss":0,"cards_obtained":["Evaluate"]},{"damage_healed":0,"gold_gain":0,"player_choice":"1 cards matched","damage_taken":0,"max_hp_gain":0,"max_hp_loss":0,"event_name":"Match and Keep!","floor":30,"gold_loss":0,"cards_obtained":["DeusExMachina"]},{"damage_healed":0,"gold_gain":0,"player_choice":"Copied","damage_taken":0,"max_hp_gain":0,"max_hp_loss":0,"event_name":"Duplicator","floor":39,"gold_loss":0,"cards_obtained":["MentalFortress"]},{"damage_healed":0,"gold_gain":0,"player_choice":"Fight","damage_taken":0,"max_hp_gain":0,"max_hp_loss":0,"event_name":"Mysterious Sphere","floor":46,"gold_loss":0}],"is_beta":false,"boss_relics":[{"not_picked":["Fusion Hammer","Ectoplasm"],"picked":"Sozu"},{"not_picked":["Coffee Dripper","Busted Crown"],"picked":"Astrolabe"}],"items_purged_floors":[4,19,45],"is_endless":false,"potions_floor_spawned":[2,8,14,20,24,31,33,40,42,44,46,48],"ascension_level":20}}