{"host":"sav7uxregyirlf69","time":1612593224,"event":{"mods":["AchievementEnabler","BaseMod","Colored Map","DeckTracker","Keyboard Shortcuts","Minty Spire (QoL Compilation)","READ ME - Guardian Mod","StSLib","SuperFastMode"],"gold_per_floor":[209,220,370,370,53,88,108,108,133,133,133,149,105,105,105],"floor_reached":14,"language":"KOR","playtime":236,"items_purged":["Doubt"],"score":176,"play_id":"07391572-2ffc-47c5-897d-f186560ef5e3","local_time":"20210206153344","is_ascension_mode":true,"campfire_choices":[{"data":"Blade Dance","floor":8.0,"key":"SMITH"},{"data":"Neutralize","floor":11,"key":"SMITH"}],"circlet_count":0,"master_deck":["AscendersBane","Strike_G","Strike_G","Strike_G","Strike_G","Strike_G","Defend_G","Defend_G","Defend_G","Defend_G","Defend_G","Survivor","Neutralize+1","Backstab","Dagger Spray","All Out Attack","Blade Dance+1","Bouncing Flask"],"relics":["Ring of the Snake","Bag of Marbles","Mummified Hand","Smiling Mask"],"acts_visited":["Exordium"],"potions_floor_usage":[],"damage_taken":[{"damage":6.0,"enemies":"Cultist","floor":1.0,"turns":5.0},{"damage":1.0,"enemies":"Jaw Worm","floor":2.0,"turns":4.0},{"damage":29.0,"enemies":"Lagavulin","floor":6.0,"turns":6.0},{"damage":1.0,"enemies":"Small Slimes","floor":7.0,"turns":3.0},{"damage":7,"enemies":"2 Fungi Beasts","floor":12,"turns":3},{"damage":19,"enemies":"3 Sentries","floor":14,"turns":4}],"seed_played":"6172826891088224196","potions_obtained":[{"floor":1.0,"key":"SneckoOil"}],"is_trial":false,"path_per_floor":["M","M","?","T","$","E","M","R","T","?","R","M","?","E"],"character_chosen":"THE_SILENT","items_purchased":["Bag of Marbles","All Out Attack"],"campfire_rested":0,"item_purchase_floors":[5,5],"current_hp_per_floor":[53,52,52,52,52,23,22,22,22,22,22,15,15,0,0],"gold":105,"neow_bonus":"HUNDRED_GOLD","is_daily":false,"chose_seed":false,"campfire_upgraded":2,"win_rate":0.0,"timestamp":1612593224,"path_taken":["M","?","?","?","$","E","M","R","T","?","R","M","?","E"],"items_purchased_type":["Relic","Card"],"build_version":"2020-12-22","purchased_purges":1,"victory":false,"max_hp_per_floor":[66,66,66,66,66,66,66,66,66,66,66,66,66,66,66],"card_choices":[{"not_picked":["Footwork","Prepared"],"picked":"Backstab","floor":1.0},{"not_picked":["Dagger Throw","Backflip"],"picked":"Dagger Spray","floor":2.0},{"not_picked":["Tools of the Trade","Flying Knee","Poisoned Stab"],"picked":"SKIP","floor":6.0},{"not_picked":["Cloak And Dagger","Acrobatics"],"picked":"Blade Dance","floor":7.0},{"not_picked":["Flying Knee","Cloak And Dagger"],"picked":"Bouncing Flask","floor":12}],"player_experience":1505265,"relics_obtained":[{"floor":6.0,"key":"Mummified Hand"},{"floor":9.0,"key":"Smiling Mask"}],"event_choices":[{"damage_healed":0.0,"max_hp_gain":0.0,"max_hp_loss":0.0,"gold_gain":150.0,"event_name":"Liars Game","player_choice":"AGREE","floor":3.0,"gold_loss":0.0,"damage_taken":0.0,"cards_obtained":["Doubt"]},{"damage_healed":0,"gold_gain":0,"player_choice":"Searched \u00270\u0027 times","damage_taken":0,"max_hp_gain":0,"max_hp_loss":0,"event_name":"Dead Adventurer","floor":10,"gold_loss":0},{"damage_healed":0,"gold_gain":0,"player_choice":"Left Gold","damage_taken":0,"max_hp_gain":0,"max_hp_loss":0,"event_name":"World of Goop","floor":13,"gold_loss":44}],"is_beta":false,"boss_relics":[],"items_purged_floors":[5],"is_endless":false,"potions_floor_spawned":[1],"killed_by":"3 Sentries","ascension_level":20}}