{"host":"mo4d2vii2wc3uyp7","time":1612597331,"event":{"mods":["AchievementEnabler","BaseMod","Colored Map","Highlight Path","Keyboard Shortcuts","Minty Spire (QoL Compilation)","Permanent Neow","Quick Restart","Shop Mod","StSLib","SuperFastMode","everything is the same but u backflip on backflip"],"gold_per_floor":[119,136,153,153,169,194,194,206,230,250,250,110,141,141,141,141,141],"floor_reached":16,"language":"KOR","playtime":408,"items_purged":[],"score":206,"play_id":"f45d2b87-953c-4778-87ae-1cd1323a5738","local_time":"20210206164211","is_ascension_mode":true,"campfire_choices":[{"data":"Bouncing Flask","floor":7.0,"key":"SMITH"},{"data":"Leg Sweep","floor":11.0,"key":"SMITH"},{"floor":15,"key":"REST"}],"circlet_count":0,"master_deck":["AscendersBane","Strike_G","Strike_G","Strike_G","Defend_G","Defend_G","Defend_G","Defend_G","Defend_G","Survivor","Neutralize","Bouncing Flask+1","Bane","Escape Plan","Dagger Spray","Poisoned Stab","Leg Sweep+1","Calculated Gamble","Dodge and Roll"],"relics":["Ring of the Snake","Vajra","Bronze Scales","Juzu Bracelet"],"acts_visited":["Exordium"],"potions_floor_usage":[13,13,16],"damage_taken":[{"damage":0.0,"enemies":"2 Louse","floor":1.0,"turns":3.0},{"damage":0.0,"enemies":"Cultist","floor":2.0,"turns":3.0},{"damage":0.0,"enemies":"Jaw Worm","floor":3.0,"turns":3.0},{"damage":4.0,"enemies":"Looter","floor":5.0,"turns":4.0},{"damage":22.0,"enemies":"Lagavulin","floor":6.0,"turns":5.0},{"damage":6.0,"enemies":"2 Fungi Beasts","floor":8.0,"turns":3.0},{"damage":0.0,"enemies":"Blue Slaver","floor":10.0,"turns":3.0},{"damage":0,"enemies":"Gremlin Nob","floor":13,"turns":2},{"damage":61,"enemies":"Slime Boss","floor":16,"turns":7}],"seed_played":"-4536492320872499986","potions_obtained":[{"floor":3.0,"key":"FearPotion"},{"floor":5.0,"key":"AttackPotion"},{"floor":6.0,"key":"PowerPotion"},{"floor":8.0,"key":"DistilledChaos"}],"is_trial":false,"path_per_floor":["M","M","M","?","M","E","R","M","T","M","R","$","E","?","R","B"],"character_chosen":"THE_SILENT","items_purchased":["Calculated Gamble","Dodge and Roll","AttackPotion"],"campfire_rested":1,"item_purchase_floors":[12,12,12],"current_hp_per_floor":[63,63,63,63,59,37,37,31,31,31,31,31,31,31,52,0,0],"gold":141,"neow_bonus":"REMOVE_CARD","is_daily":false,"chose_seed":false,"campfire_upgraded":2,"win_rate":0.0,"timestamp":1612597331,"path_taken":["M","M","M","?","M","E","R","M","T","M","R","$","E","?","R","BOSS"],"items_purchased_type":["Card","Card","Potion"],"build_version":"2020-12-22","purchased_purges":0,"victory":false,"max_hp_per_floor":[70,70,70,70,70,70,70,70,70,70,70,70,70,70,70,70,70],"card_choices":[{"not_picked":["Deflect","Accuracy"],"picked":"Bouncing Flask","floor":1.0},{"not_picked":["Accuracy","Footwork"],"picked":"Bane","floor":2.0},{"not_picked":["Acrobatics","Poisoned Stab"],"picked":"Escape Plan","floor":3.0},{"not_picked":["Masterful Stab","Riddle With Holes"],"picked":"Dagger Spray","floor":5.0},{"not_picked":["Deadly Poison","Bullet Time"],"picked":"Poisoned Stab","floor":6.0},{"not_picked":["Prepared","Underhanded Strike"],"picked":"Leg Sweep","floor":8.0},{"not_picked":["Setup","Dagger Spray","Outmaneuver"],"picked":"SKIP","floor":10.0},{"not_picked":["Outmaneuver","Bouncing Flask","Dodge and Roll"],"picked":"SKIP","floor":13}],"player_experience":601393,"relics_obtained":[{"floor":6.0,"key":"Vajra"},{"floor":9.0,"key":"Bronze Scales"},{"floor":13,"key":"Juzu Bracelet"}],"event_choices":[{"cards_removed":["Strike_G"],"damage_healed":0.0,"max_hp_gain":0.0,"max_hp_loss":0.0,"gold_gain":0.0,"event_name":"Purifier","player_choice":"Purged","floor":4.0,"gold_loss":0.0,"damage_taken":0.0},{"damage_healed":0,"gold_gain":0,"player_choice":"Ignored","damage_taken":0,"max_hp_gain":0,"max_hp_loss":0,"event_name":"Liars Game","floor":14,"gold_loss":0}],"is_beta":false,"boss_relics":[],"items_purged_floors":[],"is_endless":false,"potions_floor_spawned":[3,5,6,8],"killed_by":"Slime Boss","ascension_level":10}}