{"host":"svad1nuufomhazap","time":1612571927,"event":{"mods":["Act Like it!","Aspiration","BaseMod","Bestiary","BetterRewards","Conspire","Custom Start","Downfall","GifTheSpireLib","Minty Spire (QoL Compilation)","Morshu Shopkeeper","Pale of the Ancients","Permanent Neow","Shop Mod","StSLib","Unceasing Turn Reminder"],"gold_per_floor":[99,120,134,134,92,92,139,162,156,190,218,246,146,171,196,307,307,207,239,272,272,372,372,372,390,421,461,461,461,461],"floor_reached":28,"language":"ENG","playtime":2251,"items_purged":[],"score":235,"play_id":"e9b734d5-24c5-474d-b1ac-6120a8429b7f","local_time":"20210205183847","is_ascension_mode":true,"campfire_choices":[{"data":"hexamod:Float","floor":1,"key":"SMITH"},{"data":"hexamod:Sear","floor":6,"key":"SMITH"},{"floor":13,"key":"RECALL"},{"data":"hexamod:HeatCrush","floor":18,"key":"SMITH"},{"data":"hexamod:SuperheatedStrike","floor":23,"key":"SMITH"}],"circlet_count":0,"master_deck":["hexamod:Strike","hexamod:Strike","hexamod:Strike","hexamod:Defend","hexamod:Defend","hexamod:Defend","hexamod:Defend","hexamod:Sear+1","hexamod:Float+1","hexamod:ExtraCrispy","hexamod:StepThrough","hexamod:SuperheatedStrike+1","hexamod:GhostflameBarrier","hexamod:HeatCrush+1","hexamod:InspiringFlames","hexamod:SpectersWail","hexamod:SpectralSpark+1","hexamod:HauntingEcho+1","hexamod:ThermalTransfer","hexamod:FifthSeal","hexamod:SixthSeal","hexamod:HeatMetal+1","hexamod:FourthSeal","hexamod:Haunt+1","hexamod:ThirdSeal","hexamod:FlamesFromBeyond+1","hexamod:Firestarter","hexamod:BurningTouch","hexamod:SecondSeal"],"relics":["hexamod:SpiritBrand","CeramicFish","Smiling Mask","CaptainsWheel","downfall:HeartBlessingGreen","expansioncontent:StudyCardRelic","downfall:HeartBlessingRed"],"acts_visited":["Exordium","TheCity"],"potions_floor_usage":[10],"damage_taken":[{"damage":3,"enemies":"2 Louse","floor":2,"turns":4},{"damage":1,"enemies":"Jaw Worm","floor":3,"turns":4},{"damage":0,"enemies":"downfall:FleeingMerchant","floor":5,"turns":4},{"damage":2,"enemies":"conspire:RoseBush","floor":8,"turns":3},{"damage":5,"enemies":"downfall:FleeingMerchant","floor":9,"turns":4},{"damage":8,"enemies":"Lagavulin","floor":10,"turns":4},{"damage":1,"enemies":"2 Fungi Beasts","floor":11,"turns":3},{"damage":5,"enemies":"Exordium Thugs","floor":12,"turns":4},{"damage":0,"enemies":"3 Louse","floor":14,"turns":2},{"damage":4,"enemies":"Exordium Wildlife","floor":15,"turns":3},{"damage":5,"enemies":"SI_SHIV_ARCHETYPE","floor":16,"turns":8},{"damage":10,"enemies":"Spheric Guardian","floor":19,"turns":4},{"damage":12,"enemies":"3 Byrds","floor":20,"turns":4},{"damage":23,"enemies":"Snake Plant","floor":25,"turns":4},{"damage":0,"enemies":"Shelled Parasite and Fungi","floor":26,"turns":4},{"damage":2,"enemies":"Sentry and Sphere","floor":27,"turns":5},{"damage":51,"enemies":"Slavers","floor":28,"turns":4}],"seed_played":"-6061692189432914564","potions_obtained":[{"floor":2,"key":"DistilledChaos"},{"floor":3,"key":"Swift Potion"},{"floor":4,"key":"hexamod:InfernoChargePotion"},{"floor":4,"key":"Block Potion"},{"floor":4,"key":"SmokeBomb"},{"floor":11,"key":"AttackPotion"},{"floor":12,"key":"hexamod:SoulburnPotion"},{"floor":14,"key":"Regen Potion"},{"floor":16,"key":"FairyPotion"},{"floor":25,"key":"Swift Potion"}],"is_trial":false,"path_per_floor":["R","M","M","?","$","R","T","M","$","E","M","M","R","M","M","B",null,"R","M","M","?","?","R","T","M","M","M","E"],"character_chosen":"THE_SPIRIT","items_purchased":["hexamod:SuperheatedStrike"],"campfire_rested":0,"item_purchase_floors":[5],"current_hp_per_floor":[70,67,66,66,66,66,66,64,59,51,50,45,45,45,41,36,70,70,60,48,48,48,48,48,25,25,23,0,0,0],"gold":461,"neow_bonus":"RANDOM_COMMON_RELIC","is_daily":false,"chose_seed":false,"campfire_upgraded":4,"win_rate":0.0,"timestamp":1612571927,"path_taken":["R","M","M","?","$","R","T","M","?","E","M","M","R","M","M","BOSS","R","M","M","?","?","R","T","M","M","?","E"],"items_purchased_type":["Card"],"build_version":"2020-12-22","purchased_purges":0,"victory":false,"max_hp_per_floor":[70,70,70,70,70,70,70,70,70,70,70,70,70,70,70,70,70,70,70,70,70,70,70,70,70,70,70,70,70,70],"card_choices":[{"not_picked":["hexamod:BacktrackSmack","hexamod:HeatMetal"],"picked":"hexamod:ExtraCrispy","floor":2},{"not_picked":["hexamod:GhostOfSpirePast","hexamod:BacktrackSmack","hexamod:SwordOfDarkness"],"picked":"SKIP","floor":3},{"not_picked":["hexamod:SuperheatedStrike","hexamod:PhantomFireball"],"picked":"hexamod:StepThrough","floor":5},{"not_picked":["hexamod:AdvancingGuard","hexamod:Again"],"picked":"hexamod:GhostflameBarrier","floor":8},{"not_picked":["hexamod:Incineration","hexamod:RainOfEmbers"],"picked":"hexamod:HeatCrush","floor":9},{"not_picked":["hexamod:HeatCrush","hexamod:PowerFromBeyond"],"picked":"hexamod:InspiringFlames","floor":10},{"not_picked":["hexamod:RecurringNightmare","hexamod:NightmareStrike"],"picked":"hexamod:SpectersWail","floor":11},{"not_picked":["hexamod:NightmareStrike","hexamod:Again"],"picked":"hexamod:SpectralSpark","floor":12},{"not_picked":["hexamod:SpectralAdrenaline","hexamod:GhostLash"],"picked":"hexamod:HauntingEcho","floor":14},{"not_picked":["hexamod:CatchUp","hexamod:FirstSeal"],"picked":"hexamod:ThermalTransfer","floor":15},{"not_picked":["hexamod:ForkedFlame","hexamod:GhostOfSpirePresent"],"picked":"hexamod:FifthSeal","floor":16},{"not_picked":["hexamod:FirstSeal","hexamod:FourthSeal"],"picked":"hexamod:SixthSeal","floor":19},{"not_picked":["hexamod:SwordOfDarkness","hexamod:ShieldOfDarkness+1"],"picked":"hexamod:HeatMetal","floor":19},{"not_picked":["hexamod:ThirdSeal","hexamod:SixthSeal"],"picked":"hexamod:FourthSeal","floor":20},{"not_picked":["hexamod:CatchUp","hexamod:NightmareStrike+1"],"picked":"hexamod:Haunt+1","floor":20},{"not_picked":["hexamod:SwordOfDarkness","hexamod:BacktrackSmack","hexamod:NightmareStrike"],"picked":"SKIP","floor":25},{"not_picked":["hexamod:SixthSeal","hexamod:SecondSeal"],"picked":"hexamod:ThirdSeal","floor":26},{"not_picked":["hexamod:NightmareStrike","hexamod:CatchUp"],"picked":"hexamod:FlamesFromBeyond+1","floor":26},{"not_picked":["hexamod:BacktrackSmack","hexamod:SoulSteal"],"picked":"hexamod:Firestarter","floor":27},{"not_picked":["hexamod:HeatCrush","hexamod:GhostShield+1"],"picked":"hexamod:BurningTouch","floor":27},{"not_picked":["hexamod:ThirdSeal","hexamod:SixthSeal"],"picked":"hexamod:SecondSeal","floor":27}],"player_experience":316301,"relics_obtained":[{"floor":7,"key":"Smiling Mask"},{"floor":10,"key":"CaptainsWheel"}],"event_choices":[{"damage_healed":0,"gold_gain":0,"player_choice":"Got Potions","damage_taken":0,"max_hp_gain":0,"max_hp_loss":0,"event_name":"Lab","floor":4,"gold_loss":0}],"is_beta":false,"boss_relics":[{"not_picked":["hexamod:UnbrokenSoul","aspiration:RunicSpoon"],"picked":"expansioncontent:StudyCardRelic"}],"items_purged_floors":[],"is_endless":false,"potions_floor_spawned":[2,3,11,12,14,16,25,27],"killed_by":"Slavers","ascension_level":1}}