{"host":"jksa5rawk3m4gilz","time":1612628530,"event":{"mods":["BaseMod","Colored Map","Highlight Path","Minty Spire (QoL Compilation)","Quick Restart"],"gold_per_floor":[111,87,87,7,17,52,66,66,90,90,121,121,121,49,49,126,126,139,139,139,151,163,188,188,188,188,219,219,252,277,43,43,115,115,126,126,126,0,0,0,32,32,32,32,48,48,48],"floor_reached":46,"language":"ENG","playtime":1551,"items_purged":[],"score":987,"play_id":"8496ca34-8960-4f66-850e-d379afed68ef","local_time":"20210206172210","is_ascension_mode":true,"campfire_choices":[{"data":"Body Slam","floor":8,"key":"SMITH"},{"data":"Intimidate","floor":10,"key":"SMITH"},{"data":"Spot Weakness","floor":13,"key":"SMITH"},{"data":"Whirlwind","floor":15,"key":"SMITH"},{"data":"Limit Break","floor":24,"key":"SMITH"},{"data":"Heavy Blade","floor":28,"key":"SMITH"},{"data":"Intimidate","floor":32,"key":"SMITH"},{"floor":40,"key":"REST"},{"floor":42,"key":"REST"},{"data":"Barricade","floor":44,"key":"SMITH"}],"circlet_count":0,"master_deck":["AscendersBane","Defend_R+1","Defend_R+1","Defend_R+1","Defend_R+1","Bash","Flame Barrier","Shrug It Off","Spot Weakness+1","Body Slam+1","Pummel","Intimidate+1","Flame Barrier","Whirlwind+1","Limit Break+1","Intimidate+1","Bite","Bite","Bite","Bite","Bite","Rage+1","Intimidate","Heavy Blade+1","True Grit+1","Pummel","Spot Weakness+1","Barricade+1","CurseOfTheBell","Madness+1","Madness+1","Panache","Enlightenment+1","Deep Breath+1","Limit Break+1","Armaments+1","True Grit+1"],"relics":["Burning Blood","NeowsBlessing","Centennial Puzzle","Vajra","Bronze Scales","Ancient Tea Set","Velvet Choker","Strawberry","WingedGreaves","Mummified Hand","Toxic Egg 2","Mercury Hourglass","Boot","Chemical X","Calling Bell","Bag of Preparation","HornCleat","Calipers","Red Mask","Gremlin Horn","Nunchaku"],"acts_visited":["Exordium","TheCity","TheBeyond"],"potions_floor_usage":[23,41,41],"damage_taken":[{"damage":0,"enemies":"Cultist","floor":1,"turns":1},{"damage":0,"enemies":"2 Louse","floor":5,"turns":2},{"damage":0,"enemies":"Lagavulin","floor":6,"turns":1},{"damage":2,"enemies":"Jaw Worm","floor":7,"turns":5},{"damage":20,"enemies":"3 Sentries","floor":11,"turns":7},{"damage":53,"enemies":"Hexaghost","floor":16,"turns":9},{"damage":13,"enemies":"Shell Parasite","floor":18,"turns":4},{"damage":0,"enemies":"Chosen","floor":21,"turns":3},{"damage":16,"enemies":"Centurion and Healer","floor":22,"turns":4},{"damage":15,"enemies":"Gremlin Leader","floor":23,"turns":7},{"damage":14,"enemies":"Slavers","floor":27,"turns":5},{"damage":1,"enemies":"Gremlin Leader","floor":29,"turns":4},{"damage":19,"enemies":"Book of Stabbing","floor":30,"turns":4},{"damage":61,"enemies":"Champ","floor":33,"turns":7},{"damage":0,"enemies":"3 Darklings","floor":35,"turns":2},{"damage":51,"enemies":"Reptomancer","floor":41,"turns":5},{"damage":28,"enemies":"3 Shapes","floor":45,"turns":1},{"damage":46,"enemies":"Giant Head","floor":46,"turns":7}],"seed_played":"-5614449592887386454","potions_obtained":[{"floor":1,"key":"Weak Potion"},{"floor":5,"key":"CultistPotion"},{"floor":23,"key":"Strength Potion"},{"floor":27,"key":"BloodPotion"},{"floor":41,"key":"Fruit Juice"},{"floor":45,"key":"DistilledChaos"}],"is_trial":false,"path_per_floor":["M","$","?","$","M","E","M","R","T","R","E","?","R","$","R","B",null,"M","?","?","M","M","E","R","T","T","E","R","E","E","$","R","B",null,"M","?","?","?","?","R","E","R","T","R","M","E"],"character_chosen":"IRONCLAD","items_purchased":["Shrug It Off","Spot Weakness","Whirlwind","Chemical X","Spot Weakness+1"],"campfire_rested":2,"item_purchase_floors":[2,4,14,31,31],"current_hp_per_floor":[74,74,67,67,73,75,75,75,75,75,61,66,66,66,66,19,65,58,56,56,56,56,63,63,63,63,59,59,63,56,56,56,11,50,58,50,40,40,40,58,36,56,56,56,36,0,0],"gold":48,"neow_bonus":"THREE_ENEMY_KILL","is_daily":false,"chose_seed":false,"campfire_upgraded":8,"win_rate":0.0,"timestamp":1612628530,"path_taken":["M","$","?","$","M","E","M","R","T","R","E","?","R","$","R","BOSS","M","?","?","M","M","E","R","?","T","E","R","E","E","$","R","BOSS","M","?","?","?","?","R","E","R","T","R","M","E"],"items_purchased_type":["Card","Card","Card","Relic","Card"],"build_version":"2020-12-22","purchased_purges":0,"victory":false,"max_hp_per_floor":[75,75,75,75,75,75,75,75,75,75,75,80,80,80,80,80,80,80,56,56,56,56,63,63,63,63,63,63,63,63,63,63,63,63,63,63,63,63,63,63,68,68,68,68,68,68,68],"card_choices":[{"not_picked":["Bloodletting","Infernal Blade"],"picked":"Flame Barrier","floor":1},{"not_picked":["Shrug It Off","Wild Strike"],"picked":"Body Slam","floor":5},{"not_picked":["Metallicize","Heavy Blade"],"picked":"Pummel","floor":6},{"not_picked":["Disarm","Anger"],"picked":"Intimidate","floor":7},{"not_picked":["Anger","Sword Boomerang"],"picked":"Flame Barrier","floor":11},{"not_picked":["Double Tap","Juggernaut"],"picked":"Limit Break","floor":16},{"not_picked":["Twin Strike","Spot Weakness"],"picked":"Intimidate","floor":18},{"not_picked":["Warcry","Headbutt","Bloodletting"],"picked":"SKIP","floor":21},{"not_picked":["Body Slam","Evolve"],"picked":"Rage+1","floor":22},{"not_picked":["Anger","Shrug It Off"],"picked":"Intimidate","floor":23},{"not_picked":["Infernal Blade+1","Havoc+1"],"picked":"Heavy Blade","floor":27},{"not_picked":["Sever Soul","Barricade"],"picked":"True Grit+1","floor":29},{"not_picked":["Dark Embrace","Power Through+1"],"picked":"Pummel","floor":30},{"not_picked":["Exhume+1","Feed"],"picked":"Barricade","floor":33},{"not_picked":["Anger+1","Shrug It Off+1","Thunderclap"],"picked":"SKIP","floor":35},{"not_picked":["Mind Blast","Metamorphosis+1"],"picked":"Panache","floor":37},{"not_picked":["Dramatic Entrance","Impatience+1"],"picked":"Enlightenment+1","floor":37},{"not_picked":["Jack Of All Trades+1","Panache"],"picked":"Deep Breath+1","floor":37},{"not_picked":["Perfected Strike","Searing Blow"],"picked":"Armaments+1","floor":41},{"not_picked":["Bloodletting+1","Armaments+1"],"picked":"True Grit+1","floor":45}],"player_experience":1816342,"relics_obtained":[{"floor":6,"key":"Vajra"},{"floor":9,"key":"Bronze Scales"},{"floor":11,"key":"Ancient Tea Set"},{"floor":23,"key":"Strawberry"},{"floor":25,"key":"WingedGreaves"},{"floor":26,"key":"Mummified Hand"},{"floor":27,"key":"Toxic Egg 2"},{"floor":29,"key":"Mercury Hourglass"},{"floor":30,"key":"Boot"},{"floor":34,"key":"Bag of Preparation"},{"floor":34,"key":"HornCleat"},{"floor":34,"key":"Calipers"},{"floor":41,"key":"Gremlin Horn"},{"floor":43,"key":"Nunchaku"}],"event_choices":[{"damage_healed":0,"gold_gain":0,"player_choice":"Success","damage_taken":7,"relics_obtained":["Centennial Puzzle"],"max_hp_gain":0,"max_hp_loss":0,"event_name":"Scrap Ooze","floor":3,"gold_loss":0},{"damage_healed":0,"gold_gain":0,"player_choice":"Donut","damage_taken":0,"max_hp_gain":5,"max_hp_loss":0,"event_name":"Big Fish","floor":12,"gold_loss":0},{"damage_healed":0,"gold_gain":0,"player_choice":"Became a vampire","damage_taken":0,"max_hp_gain":0,"max_hp_loss":24,"event_name":"Vampires","floor":19,"gold_loss":0,"cards_obtained":["Bite","Bite","Bite","Bite","Bite"]},{"damage_healed":0,"gold_gain":0,"player_choice":"Simplicity","damage_taken":0,"max_hp_gain":0,"max_hp_loss":0,"event_name":"Back to Basics","floor":20,"gold_loss":0,"cards_upgraded":["Defend_R","Defend_R","Defend_R","Defend_R"]},{"damage_healed":0,"gold_gain":0,"player_choice":"Embrace Madness","damage_taken":8,"max_hp_gain":0,"max_hp_loss":0,"event_name":"Winding Halls","floor":36,"gold_loss":0,"cards_obtained":["Madness","Madness"]},{"damage_healed":0,"gold_gain":0,"player_choice":"Memory 3","damage_taken":10,"max_hp_gain":0,"max_hp_loss":0,"event_name":"SensoryStone","floor":37,"gold_loss":0},{"damage_healed":0,"gold_gain":0,"player_choice":"Paid","damage_taken":0,"relics_obtained":["Red Mask"],"max_hp_gain":0,"max_hp_loss":0,"event_name":"Tomb of Lord Red Mask","floor":38,"gold_loss":126},{"damage_healed":0,"gold_gain":0,"player_choice":"Copied","damage_taken":0,"max_hp_gain":0,"max_hp_loss":0,"event_name":"Duplicator","floor":39,"gold_loss":0,"cards_obtained":["Limit Break"]}],"is_beta":false,"boss_relics":[{"not_picked":["Mark of Pain","Runic Cube"],"picked":"Velvet Choker"},{"not_picked":["Black Star","Pandora\u0027s Box"],"picked":"Calling Bell"}],"items_purged_floors":[],"is_endless":false,"potions_floor_spawned":[1,5,6,7,21,23,27,41,45],"killed_by":"Giant Head","ascension_level":14}}