{"host":"opg65mucj6ra7dr1","time":1612615230,"event":{"mods":["BaseMod","DeckTracker","Keyboard Shortcuts","Minty Spire (QoL Compilation)","Permanent Neow","Quick Restart","everything is the same but u backflip on backflip"],"gold_per_floor":[112,130,55,0,0,0,0,0,25,61,73,109,137,164,176,188,188],"floor_reached":16,"language":"KOR","playtime":381,"items_purged":["Strike_G"],"score":138,"play_id":"d9389fc1-2c7c-448f-9d04-2d59093576de","local_time":"20210206214030","is_ascension_mode":true,"campfire_choices":[{"data":"Envenom","floor":6,"key":"SMITH"},{"data":"Neutralize","floor":11,"key":"SMITH"},{"data":"Bane","floor":15,"key":"SMITH"}],"circlet_count":0,"master_deck":["AscendersBane","Strike_G","Strike_G","Strike_G","Strike_G","Defend_G","Defend_G","Defend_G","Defend_G","Defend_G","Survivor","Neutralize+1","Envenom+1","Poisoned Stab","Deadly Poison","Bane+1","Blur","Dodge and Roll"],"relics":["Ring of the Snake","The Courier","Golden Idol","MawBank"],"acts_visited":["Exordium"],"potions_floor_usage":[13,16,16],"damage_taken":[{"damage":4,"enemies":"Small Slimes","floor":1,"turns":5},{"damage":1,"enemies":"Cultist","floor":2,"turns":4},{"damage":0,"enemies":"Jaw Worm","floor":10,"turns":5},{"damage":25,"enemies":"Exordium Wildlife","floor":12,"turns":6},{"damage":1,"enemies":"Blue Slaver","floor":13,"turns":3},{"damage":12,"enemies":"Large Slime","floor":14,"turns":7},{"damage":0,"enemies":"Hexaghost","floor":16,"turns":7}],"seed_played":"7874287132200248966","potions_obtained":[{"floor":12,"key":"ColorlessPotion"},{"floor":13,"key":"Fruit Juice"},{"floor":14,"key":"Strength Potion"}],"is_trial":false,"path_per_floor":["M","M","$","?","$","R","$","?","T","M","R","M","M","M","R","B"],"character_chosen":"THE_SILENT","items_purchased":[],"campfire_rested":0,"item_purchase_floors":[],"current_hp_per_floor":[59,58,58,58,58,58,58,41,41,41,41,16,20,8,8,8,8],"gold":188,"neow_bonus":"ONE_RANDOM_RARE_CARD","is_daily":false,"chose_seed":false,"campfire_upgraded":3,"win_rate":0.0,"timestamp":1612615230,"path_taken":["M","M","$","?","?","R","$","?","T","?","R","M","M","M","R","BOSS"],"items_purchased_type":[],"build_version":"2020-12-22","purchased_purges":1,"victory":false,"max_hp_per_floor":[70,70,70,70,70,70,70,70,70,70,70,70,75,75,75,75,75],"card_choices":[{"not_picked":["Distraction","All Out Attack"],"picked":"Poisoned Stab","floor":1},{"not_picked":["Outmaneuver","Calculated Gamble","Eviscerate"],"picked":"SKIP","floor":2},{"not_picked":["Sucker Punch","Finisher"],"picked":"Deadly Poison","floor":10},{"not_picked":["Deadly Poison","Prepared"],"picked":"Bane","floor":12},{"not_picked":["Infinite Blades","Masterful Stab"],"picked":"Blur","floor":13},{"not_picked":["Sucker Punch","Finisher"],"picked":"Dodge and Roll","floor":14}],"player_experience":166626,"relics_obtained":[{"floor":9,"key":"MawBank"}],"event_choices":[{"damage_healed":0,"gold_gain":0,"player_choice":"Paid Gold","damage_taken":0,"relics_obtained":["The Courier"],"max_hp_gain":0,"max_hp_loss":0,"event_name":"WeMeetAgain","floor":4,"gold_loss":55},{"damage_healed":0,"gold_gain":0,"player_choice":"Take Damage","damage_taken":17,"relics_obtained":["Golden Idol"],"max_hp_gain":0,"max_hp_loss":0,"event_name":"Golden Idol","floor":8,"gold_loss":0}],"is_beta":false,"boss_relics":[],"items_purged_floors":[3],"is_endless":false,"potions_floor_spawned":[12,13,14],"killed_by":"Hexaghost","ascension_level":10}}