{"host":"nwd160me4iqdtr8u","time":1612641722,"event":{"mods":["AchievementEnabler","Act Like it!","BaseMod","Colored Map","DeckTracker","Keyboard Shortcuts","Minty Spire (QoL Compilation)","Quick Restart","Rare Cards Sparkle","Smile Girya","StSLib","SuperFastMode","everything is the same but u backflip on backflip"],"gold_per_floor":[119,119,119,137,147,147,176,238,238,238,251,278,288,304,304,407,407,420,432,432,432,444,472,18,31,31,31,48,59,70,70,70,167,167,180,160,16,31,41,41,59,59,59,70,70,84,84,112,112,112,112],"floor_reached":50,"language":"KOR","playtime":2163,"items_purged":[],"score":913,"play_id":"b0f82e00-f727-4a72-a25a-23fe687e8502","local_time":"20210207050202","is_ascension_mode":true,"campfire_choices":[{"data":"Dualcast","floor":6.0,"key":"SMITH"},{"data":"Streamline","floor":10.0,"key":"SMITH"},{"data":"Redo","floor":15.0,"key":"SMITH"},{"floor":27.0,"key":"REST"},{"data":"Ghostly","floor":32.0,"key":"SMITH"},{"data":"Ghostly","floor":40.0,"key":"SMITH"},{"data":"Ghostly","floor":42.0,"key":"SMITH"},{"data":"Ghostly","floor":45.0,"key":"SMITH"},{"data":"Ghostly","floor":47.0,"key":"SMITH"},{"data":"Reinforced Body","floor":49.0,"key":"SMITH"}],"circlet_count":0,"master_deck":["Zap","Dualcast+1","Chaos+1","Conserve Battery","Streamline+1","Cold Snap","Biased Cognition+1","Redo+1","Stack","Self Repair+1","Electrodynamics+1","Glacier","BootSequence","Electrodynamics+1","Barrage","Defragment+1","Lockon","Core Surge","Compile Driver","Reinforced Body+1","Redo+1","Chill","Genetic Algorithm","Coolheaded","Turbo","Aggregate","Ghostly+1","Ghostly+1","Ghostly+1","Ghostly+1","Ghostly+1","Reboot"],"relics":["Cracked Core","Dead Branch","CaptainsWheel","Mango","Frozen Egg 2","StoneCalendar","Pandora\u0027s Box","DataDisk","Omamori","MealTicket","WingedGreaves","Question Card","Busted Crown","Bag of Preparation","StrikeDummy","Du-Vu Doll"],"acts_visited":["Exordium","TheCity","TheBeyond"],"potions_floor_usage":[50,50,50],"damage_taken":[{"damage":1.0,"enemies":"Cultist","floor":1.0,"turns":3.0},{"damage":2.0,"enemies":"Jaw Worm","floor":4.0,"turns":4.0},{"damage":7.0,"enemies":"Small Slimes","floor":5.0,"turns":3.0},{"damage":5.0,"enemies":"3 Sentries","floor":7.0,"turns":5.0},{"damage":10.0,"enemies":"Lagavulin Event","floor":8.0,"turns":5.0},{"damage":6.0,"enemies":"2 Fungi Beasts","floor":11.0,"turns":3.0},{"damage":6.0,"enemies":"Lagavulin","floor":12.0,"turns":5.0},{"damage":4.0,"enemies":"Looter","floor":13.0,"turns":2.0},{"damage":8.0,"enemies":"Exordium Thugs","floor":14.0,"turns":5.0},{"damage":4.0,"enemies":"Hexaghost","floor":16.0,"turns":7.0},{"damage":0.0,"enemies":"3 Byrds","floor":18.0,"turns":1.0},{"damage":12.0,"enemies":"2 Thieves","floor":19.0,"turns":2.0},{"damage":14.0,"enemies":"Snake Plant","floor":22.0,"turns":2.0},{"damage":17.0,"enemies":"Slavers","floor":23.0,"turns":2.0},{"damage":12.0,"enemies":"3 Cultists","floor":25.0,"turns":3.0},{"damage":15.0,"enemies":"Centurion and Healer","floor":28.0,"turns":3.0},{"damage":0.0,"enemies":"Sentry and Sphere","floor":29.0,"turns":4.0},{"damage":0.0,"enemies":"3 Cultists","floor":30.0,"turns":3.0},{"damage":3.0,"enemies":"Automaton","floor":33.0,"turns":7.0},{"damage":0.0,"enemies":"Orb Walker","floor":35.0,"turns":3.0},{"damage":0.0,"enemies":"3 Shapes","floor":38.0,"turns":2.0},{"damage":1.0,"enemies":"Transient","floor":39.0,"turns":5.0},{"damage":0.0,"enemies":"Sphere and 2 Shapes","floor":41.0,"turns":5.0},{"damage":0.0,"enemies":"Maw","floor":44.0,"turns":6.0},{"damage":0.0,"enemies":"3 Darklings","floor":46.0,"turns":4.0},{"damage":0.0,"enemies":"Nemesis","floor":48.0,"turns":7.0},{"damage":46,"enemies":"Awakened One","floor":50,"turns":24}],"seed_played":"5272456417658844331","potions_obtained":[{"floor":1.0,"key":"LiquidMemories"},{"floor":4.0,"key":"DuplicationPotion"},{"floor":5.0,"key":"PowerPotion"},{"floor":14.0,"key":"AttackPotion"},{"floor":28.0,"key":"Fire Potion"},{"floor":29.0,"key":"Block Potion"},{"floor":36.0,"key":"Dexterity Potion"}],"is_trial":false,"path_per_floor":["M","?","?","M","M","R","E","?","T","R","M","E","M","M","R","B",null,"M","M","?","?","M","E","$","M","T","R","M","M","M","?","R","B",null,"M","?","$","M","M","R","M","R","T","M","R","M","R","E","R","B"],"character_chosen":"DEFECT","items_purchased":["MealTicket","WingedGreaves","Bag of Preparation"],"campfire_rested":1,"item_purchase_floors":[24,24,37],"current_hp_per_floor":[67,53,58,56,49,49,44,48,48,48,42,36,32,24,24,30,73,73,61,61,61,57,40,40,38,38,64,49,59,59,43,43,43,43,43,43,43,43,43,43,43,43,43,43,43,43,43,43,43,0,0],"gold":112,"neow_bonus":"ONE_RARE_RELIC","is_daily":false,"chose_seed":false,"campfire_upgraded":9,"win_rate":0.0,"timestamp":1612641722,"path_taken":["M","?","?","M","M","R","E","?","T","R","M","E","M","M","R","BOSS","M","M","?","?","?","E","$","M","T","R","M","M","?","?","R","BOSS","M","?","$","M","?","R","M","R","T","M","R","M","R","E","R","BOSS"],"items_purchased_type":["Relic","Relic","Relic"],"build_version":"2020-12-22","purchased_purges":0,"victory":false,"max_hp_per_floor":[68,68,73,73,73,73,73,87,87,87,87,87,87,87,87,87,87,87,87,87,87,87,87,87,87,87,87,87,87,87,43,43,43,43,43,43,43,43,43,43,43,43,43,43,43,43,43,43,43,43,43],"card_choices":[{"not_picked":["Hello World","Beam Cell"],"picked":"Chaos","floor":1.0},{"not_picked":["Melter","Leap","Beam Cell"],"picked":"SKIP","floor":4.0},{"not_picked":["Gash","Stack"],"picked":"Conserve Battery","floor":5.0},{"not_picked":["Auto Shields","White Noise"],"picked":"Streamline","floor":7.0},{"not_picked":["Ball Lightning","Conserve Battery"],"picked":"Cold Snap","floor":8.0},{"not_picked":["Stack","Go for the Eyes"],"picked":"Biased Cognition+1","floor":11.0},{"not_picked":["Hologram","Barrage"],"picked":"Redo","floor":12.0},{"not_picked":["Steam","Heatsinks+1"],"picked":"Stack","floor":13.0},{"not_picked":["Redo","Fusion"],"picked":"Self Repair+1","floor":14.0},{"not_picked":["Biased Cognition+1","Buffer+1"],"picked":"Electrodynamics+1","floor":16.0},{"not_picked":["Self Repair+1","Blizzard","Cold Snap"],"picked":"SKIP","floor":18.0},{"not_picked":["Doom and Gloom+1","Hologram"],"picked":"Reinforced Body","floor":19.0},{"not_picked":["Genetic Algorithm","Rip and Tear"],"picked":"Redo+1","floor":22.0},{"not_picked":["Beam Cell","BootSequence"],"picked":"Chill","floor":23.0},{"not_picked":["Barrage+1","Lockon+1"],"picked":"Genetic Algorithm","floor":25.0},{"not_picked":["Creative AI+1","Gash+1","Leap"],"picked":"Coolheaded","floor":28.0},{"not_picked":["Rebound","Melter+1","Steam"],"picked":"Turbo","floor":29.0},{"not_picked":["Leap","Conserve Battery","Steam"],"picked":"Aggregate","floor":30.0},{"not_picked":["Multi-Cast","Electrodynamics+1","Biased Cognition+1"],"picked":"Reboot","floor":33.0},{"not_picked":["Redo+1","Go for the Eyes"],"picked":"SKIP","floor":35.0},{"not_picked":["Gash+1","Conserve Battery+1"],"picked":"SKIP","floor":38.0},{"not_picked":["Gash+1","Conserve Battery+1"],"picked":"SKIP","floor":38.0},{"not_picked":["Leap","Streamline+1"],"picked":"SKIP","floor":39.0},{"not_picked":["Barrage","Leap"],"picked":"SKIP","floor":41.0},{"not_picked":["Leap+1","Rip and Tear"],"picked":"SKIP","floor":44.0},{"not_picked":["BootSequence+1","Double Energy"],"picked":"SKIP","floor":46.0},{"not_picked":["Blizzard","Sweeping Beam+1"],"picked":"SKIP","floor":48.0}],"player_experience":403806,"relics_obtained":[{"floor":7.0,"key":"CaptainsWheel"},{"floor":8.0,"key":"Mango"},{"floor":9.0,"key":"Frozen Egg 2"},{"floor":12.0,"key":"StoneCalendar"},{"floor":23.0,"key":"Omamori"},{"floor":26.0,"key":"Question Card"},{"floor":43.0,"key":"StrikeDummy"},{"floor":48.0,"key":"Du-Vu Doll"}],"event_choices":[{"damage_healed":0.0,"max_hp_gain":0.0,"max_hp_loss":0.0,"gold_gain":0.0,"event_name":"Shining Light","player_choice":"Entered Light","floor":2.0,"gold_loss":0.0,"damage_taken":14.0,"cards_upgraded":["Chaos","Defend_B"]},{"damage_healed":0.0,"max_hp_gain":5.0,"max_hp_loss":0.0,"gold_gain":0.0,"event_name":"Big Fish","player_choice":"Donut","floor":3.0,"gold_loss":0.0,"damage_taken":0.0},{"damage_healed":0.0,"max_hp_gain":0.0,"max_hp_loss":0.0,"gold_gain":0.0,"event_name":"Dead Adventurer","player_choice":"Searched \u00271\u0027 times","floor":8.0,"gold_loss":0.0,"damage_taken":0.0},{"damage_healed":0.0,"max_hp_gain":0.0,"max_hp_loss":0.0,"gold_gain":0.0,"event_name":"The Mausoleum","player_choice":"Opened","floor":20.0,"gold_loss":0.0,"damage_taken":0.0,"relics_obtained":["DataDisk"]},{"damage_healed":0.0,"max_hp_gain":0.0,"max_hp_loss":0.0,"gold_gain":0.0,"event_name":"Match and Keep!","player_choice":"0 cards matched","floor":21.0,"gold_loss":0.0,"damage_taken":0.0,"cards_obtained":[]},{"damage_healed":0.0,"max_hp_gain":0.0,"max_hp_loss":44.0,"gold_gain":0.0,"event_name":"Ghosts","player_choice":"Became a Ghost","floor":31.0,"gold_loss":0.0,"damage_taken":0.0,"cards_obtained":["Ghostly","Ghostly","Ghostly","Ghostly","Ghostly"]},{"damage_healed":0.0,"max_hp_gain":0.0,"max_hp_loss":0.0,"gold_gain":0.0,"event_name":"The Woman in Blue","player_choice":"Bought 1 Potion","floor":36.0,"gold_loss":0.0,"damage_taken":0.0}],"is_beta":false,"boss_relics":[{"not_picked":["Cursed Key","SacredBark"],"picked":"Pandora\u0027s Box"},{"not_picked":["Velvet Choker","Astrolabe"],"picked":"Busted Crown"}],"items_purged_floors":[],"is_endless":false,"potions_floor_spawned":[1,4,5,14,28,29,41,48],"killed_by":"Awakened One","ascension_level":6}}