{"host":"e1r14iqujvrv6qpf","time":1612589101,"event":{"mods":["AchievementEnabler","Act Like it!","Aspiration","BaseMod","BetterRewards","Colored Map","Colored Powertips","Conspire","Downfall","Friendly Minions","Gensokyo","Googly Eyes","Hallownest","Highlight Path","Hubris","KinomotoSakuraMod(木之本樱)","Koishi","KomeijiMod","LagranYue(拉格朗・月)","Lobotomy","Marisa（F雨　魔理沙）","Minty Spire (QoL Compilation)","Quick Restart","Reimu（博丽灵梦）","Remilia（蕾米莉亚）","Replay The Spire","Shop Mod","StSLib","The Administrix","The Animator","The Bug Knight","The Construct","The Cursed","The Servant 0.9.4","Waifu the Spire","WarShipGirlsR/战舰少女R mod","Youmu（魂魄妖梦）","Yuyuko"],"gold_per_floor":[109,128,128,148,25,59,59,94,119,119,119,129,159,174,174,274,274,284,284,148,158,172,202,202,335,335,335,463,82,110,124,124,227,227,245,245,91,91,313,313,345,345,345,375,390,390,81,95,95,95],"floor_reached":51,"language":"ZHS","playtime":4576,"items_purged":["HollowMod:NailStrikeStart"],"score":872,"play_id":"e2125ad5-6a05-4ff2-99e5-5af8a1e41588","local_time":"20210206132501","is_ascension_mode":true,"campfire_choices":[{"data":"HollowMod:FastStrike","floor":10.0,"key":"SMITH"},{"data":"HollowMod:FastStrike","floor":15.0,"key":"SMITH"},{"data":"HollowMod:SlysStrikes","floor":27.0,"key":"SMITH"},{"floor":32.0,"key":"DIG"},{"data":"HollowMod:Weaversong","floor":40.0,"key":"SMITH"},{"data":"HollowMod:QuickDashStart","floor":42.0,"key":"SMITH"},{"data":"HollowMod:QuickDashStart","floor":46.0,"key":"SMITH"},{"data":"HollowMod:VoidDash","floor":49.0,"key":"PURGE"}],"circlet_count":0,"master_deck":["HollowMod:NailStrikeStart","HollowMod:NailStrikeStart","HollowMod:QuickDashStart","HollowMod:QuickDashStart","HollowMod:QuickDashStart","HollowMod:QuickDashStart+3","HollowMod:PogoStrike+1","HollowMod:FastStrike+1","HollowMod:FastStrike+1","HollowMod:SlysStrikes+1","HollowMod:QuirrelsAssistance+1","HollowMod:DreamGate","HollowMod:SharpenedNail+1","HollowMod:CloakDash+1","HollowMod:BaldurShell+1","HollowMod:Weaversong+1"],"relics":["HollowMod:VesselMask","LagranYue:RandomDrawCardRelic","Simple Rune","hubris:Icosahedron","GoodDreamPillow","hubris:SlimyHat","HollowMod:MillibellesNoteRelic","Bag of Preparation","hubris:Zylophone","LagranYue:SoulBurningRelic","hubris:CrystalStatue","hubris:Towel","Torii","Nunchaku","Red Mask","aspiration:AnachronicSnailShell","Blue Doll","hubris:PeanutButter","Busted Crown","hubris:Potato","Pen Nib","AntiCross","Pet Ghost","Boot","conspire:GlowingRock"],"acts_visited":["Exordium","TheCity","TheBeyond"],"potions_floor_usage":[50,50,50],"damage_taken":[{"damage":0.0,"enemies":"Cultist","floor":1.0,"turns":3.0},{"damage":2.0,"enemies":"Jaw Worm","floor":2.0,"turns":3.0},{"damage":0.0,"enemies":"2 Louse","floor":4.0,"turns":3.0},{"damage":3.0,"enemies":"3 Sentries","floor":6.0,"turns":6.0},{"damage":8.0,"enemies":"Gremlin Nob","floor":8.0,"turns":3.0},{"damage":3.0,"enemies":"Exordium Wildlife","floor":12.0,"turns":3.0},{"damage":10.0,"enemies":"3 Sentries","floor":13.0,"turns":4.0},{"damage":13.0,"enemies":"Exordium Thugs","floor":14.0,"turns":3.0},{"damage":57.0,"enemies":"HollowMod:FalseKnight","floor":16.0,"turns":7.0},{"damage":4.0,"enemies":"HollowMod:HuskSentry","floor":18.0,"turns":3.0},{"damage":0.0,"enemies":"conspire:FuzzyDice","floor":21.0,"turns":3.0},{"damage":6.0,"enemies":"conspire:HollyBat","floor":22.0,"turns":4.0},{"damage":0.0,"enemies":"HollowMod:Nosk","floor":23.0,"turns":5.0},{"damage":5.0,"enemies":"conspire:MimicChest","floor":25.0,"turns":5.0},{"damage":0.0,"enemies":"Masked Bandits","floor":28.0,"turns":2.0},{"damage":4.0,"enemies":"Slavers","floor":30.0,"turns":2.0},{"damage":0.0,"enemies":"Sentry and Sphere","floor":31.0,"turns":4.0},{"damage":4.0,"enemies":"Automaton","floor":33.0,"turns":7.0},{"damage":0.0,"enemies":"Orb Walker","floor":35.0,"turns":2.0},{"damage":0.0,"enemies":"R_Hoarder","floor":41.0,"turns":7.0},{"damage":1.0,"enemies":"Reptomancer","floor":44.0,"turns":4.0},{"damage":0.0,"enemies":"3 Shapes","floor":45.0,"turns":2.0},{"damage":0.0,"enemies":"Writhing Mass","floor":48.0,"turns":3.0},{"damage":46,"enemies":"conspire:OrnateMirror","floor":50,"turns":5}],"seed_played":"-4259219665622142798","potions_obtained":[{"floor":2.0,"key":"PowerPotion"},{"floor":4.0,"key":"Fire Potion"},{"floor":12.0,"key":"DistilledChaos"},{"floor":16.0,"key":"SkillPotion"},{"floor":25.0,"key":"ZuzhouPotion:ReiMu"},{"floor":28.0,"key":"Fire Potion"},{"floor":30.0,"key":"Fire Potion"},{"floor":45.0,"key":"SpeedPotion"}],"is_trial":false,"path_per_floor":["M","M","?","M","?","E","$","E","T","R","?","M","E","M","R","B",null,"M","?","$","M","M","E","?","?","T","R","?","$","E","M","R_BF","B",null,"M","?","$","?","?","R","E","R","T","E","M","R","$","M","R_BF","B",null],"character_chosen":"THE_BUGKNIGHT","items_purchased":["HollowMod:QuirrelsAssistance+1","HollowMod:BaldurShell","aspiration:AnachronicSnailShell","Pen Nib","conspire:GlowingRock"],"campfire_rested":0,"item_purchase_floors":[20,29,29,37,47],"current_hp_per_floor":[75,73,73,75,75,75,75,67,67,67,67,70,60,53,53,22,75,71,71,71,71,65,65,65,60,60,60,60,60,56,56,56,52,75,75,75,75,71,71,71,71,71,71,70,70,70,70,70,70,24],"gold":95,"neow_bonus":"RANDOM_COMMON_RELIC","is_daily":false,"chose_seed":false,"campfire_upgraded":6,"win_rate":0.0,"timestamp":1612589101,"path_taken":["M","M","?","M","?","E","?","E","T","R","?","M","E","M","R","BOSS","M","?","?","?","M","E","?","?","T","R","?","$","E","M","R_BF","BOSS","M","?","?","?","?","R","E","R","T","E","M","R","$","M","R_BF","BOSS"],"items_purchased_type":["Card","Card","Relic","Relic","Relic"],"build_version":"2020-12-22","purchased_purges":1,"victory":true,"max_hp_per_floor":[75,75,75,75,75,75,75,75,75,75,75,75,75,75,75,75,75,75,75,75,75,75,75,75,75,75,75,75,75,75,75,75,75,75,75,75,75,71,71,71,71,71,71,71,71,71,71,71,71,71],"card_choices":[{"not_picked":["HollowMod:VengefulVoid","HollowMod:HeavyBlow"],"picked":"HollowMod:FastStrike","floor":1.0},{"not_picked":["HollowMod:ChannelNail","HollowMod:DesolateDive","HollowMod:TaintedHusks"],"picked":"SKIP","floor":2.0},{"not_picked":["HollowMod:HowlingWraiths","HollowMod:VengefulSpirit","HollowMod:LifebloodCocoon"],"picked":"SKIP","floor":4.0},{"not_picked":["HollowMod:SharpenedNail","HollowMod:SoulSplash","HollowMod:DoubleDash"],"picked":"SKIP","floor":6.0},{"not_picked":["HollowMod:GoodIntentions","HollowMod:TaintedHusks"],"picked":"HollowMod:FastStrike","floor":8.0},{"not_picked":["HollowMod:GoodIntentions","HollowMod:TaintedHusks","HollowMod:BrokenVessel"],"picked":"SKIP","floor":12.0},{"not_picked":["HollowMod:HowlingWraiths","HollowMod:SoulEater"],"picked":"HollowMod:VoidDash","floor":13.0},{"not_picked":["HollowMod:SoulSplash","HollowMod:MothsMistake","HollowMod:GreatSlash"],"picked":"SKIP","floor":14.0},{"not_picked":["HollowMod:VoidDash","HollowMod:AwokenDreamNail"],"picked":"HollowMod:SlysStrikes","floor":16.0},{"not_picked":["HollowMod:NewLittleFool","HollowMod:LifebloodCocoon","HollowMod:InfectedAttack"],"picked":"SKIP","floor":18.0},{"not_picked":["HollowMod:TaintedHusks","HollowMod:SoulStrike","HollowMod:ShadowDash"],"picked":"SKIP","floor":21.0},{"not_picked":["HollowMod:HowlingWraiths+1","HollowMod:InfectedAttack"],"picked":"HollowMod:DreamGate","floor":22.0},{"not_picked":["HollowMod:MidwifesHunger","HollowMod:theNailsmith"],"picked":"HollowMod:SharpenedNail+1","floor":23.0},{"not_picked":["HollowMod:NewGlowingWomb","HollowMod:InfectedCysts"],"picked":"HollowMod:CloakDash+1","floor":28.0},{"not_picked":["HollowMod:SharpenedNail","HollowMod:LifebloodCocoon","HollowMod:InfectionAssault+1"],"picked":"SKIP","floor":30.0},{"not_picked":["HollowMod:TaintedHusks","HollowMod:AbyssShriek"],"picked":"HollowMod:BaldurShell+1","floor":31.0},{"not_picked":["HollowMod:NewInfectedGuardian","HollowMod:HornetsHelp"],"picked":"HollowMod:Weaversong","floor":33.0},{"not_picked":["HollowMod:WraithStrike"],"picked":"SKIP","floor":35.0},{"not_picked":["HollowMod:NewLittleFool"],"picked":"SKIP","floor":41.0},{"not_picked":["HollowMod:PureNailStrike"],"picked":"SKIP","floor":44.0},{"not_picked":["HollowMod:Grubsong+1"],"picked":"SKIP","floor":45.0},{"not_picked":["HollowMod:PureNailStrike+1"],"picked":"SKIP","floor":48.0}],"player_experience":275616,"relics_obtained":[{"floor":6.0,"key":"hubris:SlimyHat"},{"floor":8.0,"key":"HollowMod:MillibellesNoteRelic"},{"floor":9.0,"key":"Bag of Preparation"},{"floor":13.0,"key":"hubris:Zylophone"},{"floor":23.0,"key":"hubris:CrystalStatue"},{"floor":25.0,"key":"Torii"},{"floor":26.0,"key":"Nunchaku"},{"floor":28.0,"key":"Red Mask"},{"floor":30.0,"key":"Blue Doll"},{"floor":32.0,"key":"hubris:PeanutButter"},{"floor":41.0,"key":"AntiCross"},{"floor":43.0,"key":"Pet Ghost"},{"floor":44.0,"key":"Boot"}],"event_choices":[{"cards_removed":["HollowMod:NailStrikeStart"],"damage_healed":0.0,"max_hp_gain":0.0,"max_hp_loss":0.0,"gold_gain":0.0,"event_name":"Living Wall","player_choice":"Forget","floor":11.0,"gold_loss":0.0,"damage_taken":0.0},{"cards_removed":["HollowMod:FocusHealStart"],"damage_healed":0.0,"max_hp_gain":0.0,"max_hp_loss":0.0,"gold_gain":0.0,"event_name":"Bonfire Elementals","player_choice":"Offered Basic","floor":19.0,"gold_loss":0.0,"damage_taken":0.0},{"damage_healed":0.0,"max_hp_gain":0.0,"max_hp_loss":0.0,"gold_gain":0.0,"event_name":"Masked Bandits","player_choice":"Fought Bandits","floor":28.0,"gold_loss":0.0,"damage_taken":0.0},{"cards_removed":["HollowMod:BaldurShell"],"damage_healed":0.0,"max_hp_gain":0.0,"max_hp_loss":0.0,"gold_gain":0.0,"event_name":"WeMeetAgain","player_choice":"Gave Card","floor":36.0,"gold_loss":0.0,"damage_taken":0.0,"relics_obtained":["hubris:Potato"]},{"damage_healed":0.0,"max_hp_gain":0.0,"max_hp_loss":4.0,"gold_gain":0.0,"event_name":"Winding Halls","player_choice":"Max HP","floor":38.0,"gold_loss":0.0,"damage_taken":0.0},{"damage_healed":0.0,"max_hp_gain":0.0,"max_hp_loss":0.0,"gold_gain":222.0,"event_name":"Tomb of Lord Red Mask","player_choice":"Wore Mask","floor":39.0,"gold_loss":0.0,"damage_taken":0.0}],"is_beta":false,"boss_relics":[{"not_picked":["Black Star","hubris:ScarierMask"],"picked":"LagranYue:SoulBurningRelic"},{"not_picked":["Fusion Hammer","conspire:SeveredTorchhead"],"picked":"Busted Crown"}],"items_purged_floors":[20],"is_endless":false,"potions_floor_spawned":[2,4,12,16,25,28,30,45,48],"ascension_level":1}}