{"host":"yx8wv8d7ru77s2k1","time":1612619303,"event":{"mods":["BaseMod","Colored Map","Downfall","Hermit","Infinite Spire","Jorbs\u0027s Wanderer Trilogy","Marisa????????","Minty Spire (QoL Compilation)","Relic Sorter","Reliquary","Spikes Relics","StSLib","The Bug Knight","The Disciple","The Hierophant","The Necromancer","The Servant 0.9.4"],"gold_per_floor":[118,128,145,145,157,157,183,183,207,207,207,207,230,254,254,375,375,389,433,433,433,433],"floor_reached":21,"language":"ENG","playtime":705,"items_purged":[],"score":179,"play_id":"eff58ec9-e5a8-4bbd-985b-3f1fe2433b3a","local_time":"20210206144823","is_ascension_mode":false,"campfire_choices":[{"data":"hermit:GoldenBullet","floor":6,"key":"SMITH"},{"floor":8,"key":"REST"},{"data":"hermit:Shortfuse","floor":15,"key":"SMITH"}],"circlet_count":0,"master_deck":["hermit:Strike_Hermit","hermit:Strike_Hermit","hermit:Strike_Hermit","hermit:Strike_Hermit","hermit:Defend_Hermit+1","hermit:Defend_Hermit","hermit:Defend_Hermit","hermit:Defend_Hermit","hermit:Snapshot","hermit:Snipe","hermit:GoldenBullet+1","hermit:Determination","hermit:Shortfuse+1"],"relics":["hermit:Momento","War Paint","Strawberry","Bloody Idol","SlaversCollar","Red Mask"],"acts_visited":["Exordium","TheCity"],"potions_floor_usage":[18],"damage_taken":[{"damage":0,"enemies":"2 Louse","floor":1,"turns":2},{"damage":2,"enemies":"Small Slimes","floor":2,"turns":5},{"damage":1,"enemies":"Cultist","floor":3,"turns":3},{"damage":1,"enemies":"2 Fungi Beasts","floor":5,"turns":3},{"damage":34,"enemies":"3 Sentries","floor":7,"turns":9},{"damage":9,"enemies":"3 Louse","floor":13,"turns":3},{"damage":3,"enemies":"Exordium Wildlife","floor":14,"turns":3},{"damage":53,"enemies":"The Guardian","floor":16,"turns":10},{"damage":5,"enemies":"Spheric Guardian","floor":18,"turns":3},{"damage":57,"enemies":"Masked Bandits","floor":19,"turns":6},{"damage":14,"enemies":"3 Byrds","floor":21,"turns":3}],"seed_played":"1139365002658601277","potions_obtained":[{"floor":16,"key":"BlessingOfTheForge"}],"is_trial":true,"path_per_floor":["M","M","M","$","M","R","E","R","T","?","?","?","M","M","R","B",null,"M","?","?","M"],"character_chosen":"HERMIT","items_purchased":[],"campfire_rested":1,"item_purchase_floors":[],"current_hp_per_floor":[75,73,72,72,71,71,37,59,66,66,66,66,57,54,54,1,76,71,14,14,0,0],"gold":433,"neow_bonus":"","is_daily":false,"chose_seed":false,"campfire_upgraded":2,"win_rate":0.0,"timestamp":1612619303,"path_taken":["M","M","M","$","M","R","E","R","T","?","?","?","?","M","R","BOSS","M","?","?","M"],"items_purchased_type":[],"build_version":"2020-12-22","purchased_purges":0,"victory":false,"max_hp_per_floor":[75,75,75,75,75,75,75,75,82,76,76,76,76,76,76,76,76,76,76,76,76,76],"card_choices":[{"not_picked":["hermit:Glare","hermit:TakeCover","hermit:Grudge"],"picked":"SKIP","floor":1},{"not_picked":["hermit:Dive","hermit:Coalescence"],"picked":"hermit:Snipe","floor":2},{"not_picked":["hermit:LoneWolf","hermit:Coalescence","hermit:FullyLoaded"],"picked":"SKIP","floor":3},{"not_picked":["hermit:Dissolve","hermit:LowProfile"],"picked":"hermit:GoldenBullet","floor":5},{"not_picked":["hermit:Desperado","hermit:Quickdraw"],"picked":"hermit:Determination","floor":7},{"not_picked":["hermit:Ricochet","hermit:PistolWhip"],"picked":"hermit:Shortfuse","floor":13},{"not_picked":["hermit:Ricochet","hermit:NoHoldsBarred","hermit:Combo"],"picked":"SKIP","floor":14},{"not_picked":["hermit:Desperado+1","hermit:CalledShot+1","hermit:BodyArmor"],"picked":"SKIP","floor":18}],"player_experience":173356,"relics_obtained":[{"floor":7,"key":"War Paint"},{"floor":9,"key":"Strawberry"},{"floor":19,"key":"Red Mask"}],"event_choices":[{"damage_healed":0,"gold_gain":0,"player_choice":"Lose Max HP","damage_taken":0,"relics_obtained":["Golden Idol"],"max_hp_gain":0,"max_hp_loss":6,"event_name":"Golden Idol","floor":10,"gold_loss":0},{"cards_removed":["hermit:Covet"],"damage_healed":0,"gold_gain":0,"player_choice":"Purged","damage_taken":0,"max_hp_gain":0,"max_hp_loss":0,"event_name":"Purifier","floor":12,"gold_loss":0},{"damage_healed":0,"gold_gain":0,"player_choice":"Fought Bandits","damage_taken":0,"max_hp_gain":0,"max_hp_loss":0,"event_name":"Masked Bandits","floor":19,"gold_loss":0},{"damage_healed":0,"gold_gain":0,"player_choice":"Gave Idol","damage_taken":0,"relics_obtained":["Bloody Idol"],"max_hp_gain":0,"max_hp_loss":0,"event_name":"Forgotten Altar","floor":20,"relics_lost":["Golden Idol"],"gold_loss":0}],"is_beta":false,"boss_relics":[{"not_picked":["reliquary:KinkedSpring","Sozu"],"picked":"SlaversCollar"}],"items_purged_floors":[],"is_endless":false,"potions_floor_spawned":[1,3,16,19],"killed_by":"3 Byrds","ascension_level":0}}