{"host":"0s8kyghz8ihx2r41","time":1612572884,"event":{"mods":["100% Spire Juice","2.2 Compatiblity","Act Like it!","Bard","BaseMod","Block Reminder","CapriCore","Chen","Conspire","Downfall","Friendly Minions","GungeonMod","Hermit","HololiveMod","Hubris","Koishi","Lobotomy","LobotomyExtend","Marisa（霧雨　魔理沙）","Minty Spire (QoL Compilation)","Monster B Gone","Morshu Shopkeeper","Prisma Mod","Reimu（博??梦）","Reliquary","Replay The Spire","Spire Birthday Party","StSLib","The Administrix","The Alterego","The Clintock","The Construct","The Cursed","The Disciple","The Edgeheg","The Gatherer","The Immortal","The Marked","The Mystic","The Paleblood","The Servant 0.9.4","TheBandit","TheSwordswoman","TheVacant","Waifu the Spire","Yakumo Yukari mod","Yuyuko","everything is the same but u backflip on backflip","slay the spire mod where everything is the same but ironclad has a cowboy hat"],"gold_per_floor":[113,113,83,99,99,99,130,142,142,142,142,155,49,65,65,167,167,167,167,16,27,27,27,53,53,53,53,72,89,107,107,107,107,107,107],"floor_reached":33,"language":"ENG","playtime":1463,"items_purged":[],"score":263,"play_id":"5650e5f2-3513-4db8-8726-7612e085150e","local_time":"20210205195444","is_ascension_mode":false,"campfire_choices":[{"floor":6,"key":"REST"},{"floor":11,"key":"REST"},{"floor":15,"key":"REST"},{"floor":23,"key":"REST"},{"floor":25,"key":"REST"},{"floor":32,"key":"REST"}],"circlet_count":0,"master_deck":["MokouMod:Strike","MokouMod:Strike","MokouMod:Defend","MokouMod:Defend","MokouMod:Defend","MokouMod:Defend","MokouMod:HeatSpark","MokouMod:Ember","MokouMod:SpontaneousHumanCombustion","MokouMod:ResoluteFlare","MokouMod:ScorchedEarth","MokouMod:FujiyamaVolcano","MokouMod:Ember","MokouMod:ShiftIgnition","MokouMod:Overheat","MokouMod:Geothermal","MokouMod:CrimsonFlare","MokouMod:Ember","MokouMod:Fireball+1","MokouMod:RoaringFlare","MokouMod:AdaptivePyromancy+1"],"relics":["MokouMod:PhoenixFeather","Counterbalance","LetterFromLob","Replay:Rubber Ducky","CultistMask","Regal Pillow","DemoMod:WhiteGuonStone","Replay:Grab Bag","reliquary:WritOfMandamus","reliquary:Craggleroot","Ring of Chaos","reliquary:PorcupineQuills","reliquary:PurpleTingedLeaf"],"acts_visited":["Exordium","TheCity"],"potions_floor_usage":[16,24,30,33],"damage_taken":[{"damage":21,"enemies":"Small Slimes","floor":1,"turns":5},{"damage":0,"enemies":"2 Louse","floor":4,"turns":2},{"damage":55,"enemies":"3 Sentries","floor":7,"turns":11},{"damage":0,"enemies":"Cultist","floor":8,"turns":2},{"damage":4,"enemies":"3 Louse","floor":12,"turns":3},{"damage":13,"enemies":"Gremlin Gang","floor":14,"turns":3},{"damage":38,"enemies":"Slime Boss","floor":16,"turns":8},{"damage":42,"enemies":"2 Thieves","floor":21,"turns":4},{"damage":43,"enemies":"Gremlin Leader","floor":24,"turns":6},{"damage":29,"enemies":"Shell Parasite","floor":28,"turns":5},{"damage":23,"enemies":"3 Cultists","floor":29,"turns":4},{"damage":23,"enemies":"Snecko","floor":30,"turns":5},{"damage":134,"enemies":"Champ","floor":33,"turns":10}],"seed_played":"-760108901841079631","potions_obtained":[{"floor":1,"key":"GrandPatriotsElixir:ReiMu"},{"floor":3,"key":"GrandPatriotsElixir:ReiMu"},{"floor":3,"key":"Venom Potion"},{"floor":16,"key":"Regen Potion"},{"floor":29,"key":"DistilledChaos"}],"is_trial":false,"path_per_floor":["M","?","?","M","?","R","E","M","T","?","R","M","$","M","R","B",null,"M","?","$","M","?","R","E","R","T","$","M","M","M","?","R","B"],"character_chosen":"MKU","items_purchased":["MokouMod:Ember","MokouMod:ShiftIgnition","reliquary:PorcupineQuills"],"campfire_rested":6,"item_purchase_floors":[13,13,20],"current_hp_per_floor":[47,44,44,44,44,64,9,9,9,9,44,40,40,27,62,24,68,68,68,68,26,26,61,18,53,53,53,25,3,3,3,38,0,0,0],"gold":107,"neow_bonus":"ONE_RARE_RELIC","is_daily":false,"chose_seed":false,"campfire_upgraded":0,"win_rate":0.0,"timestamp":1612572884,"path_taken":["M","?","?","?","?","R","E","?","T","?","R","M","?","M","R","BOSS","M","?","?","M","?","R","E","R","T","$","?","M","M","?","R","BOSS"],"items_purchased_type":["Card","Card","Relic"],"build_version":"2020-12-22","purchased_purges":0,"victory":false,"max_hp_per_floor":[68,68,68,68,68,68,68,68,68,68,68,68,68,68,68,68,68,68,68,68,68,68,68,68,68,68,68,68,68,68,68,68,68,68,68],"card_choices":[{"not_picked":["MokouMod:FlareStarter","MokouMod:Stoke"],"picked":"MokouMod:Ember","floor":1},{"not_picked":["MokouMod:CrimsonArmoury","MokouMod:IndiscriminateIgnition"],"picked":"MokouMod:SpontaneousHumanCombustion","floor":4},{"not_picked":["MokouMod:Singe","MokouMod:SearingShot"],"picked":"MokouMod:ResoluteFlare","floor":7},{"not_picked":["MokouMod:BlazingComet","MokouMod:Trailblazer"],"picked":"MokouMod:ScorchedEarth","floor":8},{"not_picked":["MokouMod:FujiyamaVolcano","MokouMod:ControlledCombustion","MokouMod:IllusoryBattlefield"],"picked":"SKIP","floor":12},{"not_picked":["MokouMod:UncontrollableSolarReaction","MokouMod:FujiyamaVolcano"],"picked":"MokouMod:Overheat","floor":14},{"not_picked":["MokouMod:RadiantBlade","MokouMod:ExplosiveFlame"],"picked":"MokouMod:Geothermal","floor":16},{"not_picked":["MokouMod:PhoenixFeathers","MokouMod:FlareStarter"],"picked":"MokouMod:CrimsonFlare","floor":21},{"not_picked":["MokouMod:Singe","MokouMod:SearingShot+1"],"picked":"MokouMod:Ember","floor":24},{"not_picked":["MokouMod:UncontrollableSolarReaction+1","MokouMod:FusionFlare+1"],"picked":"MokouMod:Fireball+1","floor":28},{"not_picked":["MokouMod:Trailblazer","MokouMod:AdaptivePyromancy"],"picked":"MokouMod:RoaringFlare","floor":29},{"not_picked":["MokouMod:Singe+1","MokouMod:RetainTemperature"],"picked":"MokouMod:AdaptivePyromancy+1","floor":30}],"player_experience":370231,"relics_obtained":[{"floor":1,"key":"LetterFromLob"},{"floor":7,"key":"Regal Pillow"},{"floor":9,"key":"DemoMod:WhiteGuonStone"},{"floor":24,"key":"reliquary:PurpleTingedLeaf"}],"event_choices":[{"damage_healed":0,"gold_gain":0,"player_choice":"Success","damage_taken":3,"relics_obtained":["Replay:Rubber Ducky"],"max_hp_gain":0,"max_hp_loss":0,"event_name":"Scrap Ooze","floor":2,"gold_loss":0},{"damage_healed":0,"gold_gain":0,"player_choice":"Bought 2 Potions","damage_taken":0,"max_hp_gain":0,"max_hp_loss":0,"event_name":"The Woman in Blue","floor":3,"gold_loss":0},{"damage_healed":0,"gold_gain":0,"player_choice":"Trade","damage_taken":0,"relics_obtained":["CultistMask"],"max_hp_gain":0,"max_hp_loss":0,"event_name":"FaceTrader","floor":5,"gold_loss":0},{"damage_healed":0,"gold_gain":0,"cards_transformed":["MokouMod:Strike"],"player_choice":"Transformed","damage_taken":0,"max_hp_gain":0,"max_hp_loss":0,"event_name":"Transmorgrifier","floor":10,"gold_loss":0,"cards_obtained":["MokouMod:FujiyamaVolcano"]},{"cards_removed":["MokouMod:Strike"],"damage_healed":0,"gold_gain":0,"player_choice":"Card Removal","damage_taken":0,"max_hp_gain":0,"max_hp_loss":0,"event_name":"Wheel of Change","floor":19,"gold_loss":0},{"cards_removed":["MokouMod:Strike"],"damage_healed":0,"gold_gain":0,"player_choice":"Purged","damage_taken":0,"max_hp_gain":0,"max_hp_loss":0,"event_name":"Purifier","floor":22,"gold_loss":0},{"damage_healed":0,"gold_gain":0,"player_choice":"Ignored","damage_taken":0,"max_hp_gain":0,"max_hp_loss":0,"event_name":"The Mausoleum","floor":31,"gold_loss":0}],"is_beta":false,"boss_relics":[{"not_picked":["Hololive_TopUpMoneyS","construct:ClawGrip"],"picked":"Replay:Grab Bag"},{"not_picked":["reliquary:Ember","Ectoplasm"],"picked":"reliquary:WritOfMandamus"},{"not_picked":["Replay:Bronze Core","conspire:SlowCooker"],"picked":"reliquary:Craggleroot"},{"not_picked":["Astrolabe","Replay:Drink Me"],"picked":"Ring of Chaos"}],"items_purged_floors":[],"is_endless":false,"potions_floor_spawned":[1,4,16,29],"killed_by":"Champ","ascension_level":0}}