{"host":"oehe2dxjvdgux73m","time":1612626581,"event":{"mods":["AchievementEnabler","BaseMod","Colored Map","Colored Powertips","DeckTracker","Keyboard Shortcuts","Minty Spire (QoL Compilation)","Permanent Neow","Quick Restart","StSLib","SuperFastMode"],"gold_per_floor":[112,125,125,125,125,125,152,162,162,173,189,189,200,211,211,313,313,325,338,169,94,94,94,119,119,119,119,119,136,136,155,155,254,254,268,168,168,168,184,184,184],"floor_reached":40,"language":"KOR","playtime":1181,"items_purged":["Defend_P","Defend_P"],"score":453,"play_id":"ce5e4aa5-2eec-4056-920a-3bc2cfc58cf1","local_time":"20210207004941","is_ascension_mode":true,"campfire_choices":[{"data":"EmptyBody","floor":6,"key":"SMITH"},{"data":"Adaptation","floor":12,"key":"SMITH"},{"data":"MentalFortress","floor":15,"key":"SMITH"},{"data":"Strike_P","floor":23,"key":"SMITH"},{"data":"Strike_P","floor":25,"key":"SMITH"},{"floor":32,"key":"REST"}],"circlet_count":0,"master_deck":["Strike_P+1","Strike_P+1","Strike_P+1","Defend_P","Eruption+1","Vigilance","EmptyBody+1","DeusExMachina","Adaptation+1","MentalFortress+1","Flash of Steel","Study+1","Sanctity+1","Finesse"],"relics":["PureWater","NeowsBlessing","Omamori","Mercury Hourglass","Busted Crown","Question Card","Ancient Tea Set","Darkstone Periapt","Fusion Hammer"],"acts_visited":["Exordium","TheCity","TheBeyond"],"potions_floor_usage":[14,16,16,30,30,31,33],"damage_taken":[{"damage":0,"enemies":"Jaw Worm","floor":1,"turns":1},{"damage":0,"enemies":"Small Slimes","floor":2,"turns":2},{"damage":0,"enemies":"3 Sentries","floor":7,"turns":1},{"damage":0,"enemies":"2 Louse","floor":8,"turns":3},{"damage":0,"enemies":"Blue Slaver","floor":10,"turns":3},{"damage":3,"enemies":"Red Slaver","floor":11,"turns":4},{"damage":3,"enemies":"2 Fungi Beasts","floor":13,"turns":3},{"damage":0,"enemies":"Large Slime","floor":14,"turns":4},{"damage":22,"enemies":"The Guardian","floor":16,"turns":14},{"damage":15,"enemies":"Chosen","floor":18,"turns":7},{"damage":0,"enemies":"Spheric Guardian","floor":19,"turns":5},{"damage":26,"enemies":"Slavers","floor":24,"turns":6},{"damage":11,"enemies":"Snake Plant","floor":29,"turns":3},{"damage":0,"enemies":"Colosseum Slavers","floor":30,"turns":5},{"damage":4,"enemies":"Shelled Parasite and Fungi","floor":31,"turns":5},{"damage":6,"enemies":"Champ","floor":33,"turns":10},{"damage":6,"enemies":"3 Shapes","floor":35,"turns":4},{"damage":18,"enemies":"Orb Walker","floor":39,"turns":4},{"damage":0,"enemies":"Reptomancer","floor":40,"turns":2}],"seed_played":"8859702784087355633","potions_obtained":[{"floor":1,"key":"FearPotion"},{"floor":7,"key":"LiquidMemories"},{"floor":10,"key":"Explosive Potion"},{"floor":16,"key":"FearPotion"},{"floor":24,"key":"Fire Potion"},{"floor":29,"key":"SkillPotion"},{"floor":31,"key":"BlessingOfTheForge"},{"floor":39,"key":"BottledMiracle"}],"is_trial":false,"path_per_floor":["M","M","?","?","?","R","E","M","T","M","M","R","M","M","R","B",null,"M","M","$","?","$","R","E","R","T","?","T","M","?","M","R","B",null,"M","$","?","?","M","E"],"character_chosen":"WATCHER","items_purchased":["Flash of Steel"],"campfire_rested":1,"item_purchase_floors":[20],"current_hp_per_floor":[72,72,72,58,51,51,51,51,51,51,48,48,45,45,45,23,72,57,57,57,57,57,57,31,31,31,18,18,7,7,3,26,20,77,71,71,71,61,43,43,43],"gold":184,"neow_bonus":"THREE_ENEMY_KILL","is_daily":false,"chose_seed":false,"campfire_upgraded":5,"win_rate":0.0,"timestamp":1612626581,"path_taken":["M","M","?","?","?","R","E","M","T","M","M","R","?","M","R","BOSS","M","M","$","?","$","R","E","R","T","?","?","?","?","M","R","BOSS","M","$","?","?","M","E"],"items_purchased_type":["Card"],"build_version":"2020-12-22","purchased_purges":2,"victory":false,"max_hp_per_floor":[72,72,72,72,72,72,72,72,72,72,72,72,72,72,72,72,72,72,72,72,72,72,72,72,72,72,77,77,77,77,77,77,77,77,77,77,73,73,73,73,73],"card_choices":[{"not_picked":["JustLucky","FollowUp"],"picked":"EmptyBody","floor":1},{"not_picked":["Evaluate","FlyingSleeves","WaveOfTheHand"],"picked":"SKIP","floor":2},{"not_picked":["ThirdEye","FlurryOfBlows"],"picked":"DeusExMachina","floor":7},{"not_picked":["ClearTheMind","CrushJoints","FlyingSleeves"],"picked":"SKIP","floor":8},{"not_picked":["CutThroughFate","CrushJoints"],"picked":"Adaptation","floor":10},{"not_picked":["JustLucky","CrushJoints"],"picked":"MentalFortress","floor":11},{"not_picked":["WaveOfTheHand","CutThroughFate","JustLucky"],"picked":"SKIP","floor":13},{"not_picked":["PathToVictory","ClearTheMind","FlurryOfBlows"],"picked":"SKIP","floor":14},{"not_picked":["JustLucky"],"picked":"SKIP","floor":18},{"not_picked":["EmptyFist"],"picked":"SKIP","floor":19},{"not_picked":["ClearTheMind"],"picked":"SKIP","floor":24},{"not_picked":["TalkToTheHand","Swivel"],"picked":"SKIP","floor":29},{"not_picked":["SignatureMove"],"picked":"Study+1","floor":31},{"not_picked":["Worship"],"picked":"Sanctity+1","floor":35},{"not_picked":["Deep Breath"],"picked":"Finesse","floor":38},{"not_picked":["JustLucky","CarveReality"],"picked":"SKIP","floor":39}],"player_experience":396396,"relics_obtained":[{"floor":7,"key":"Omamori"},{"floor":9,"key":"Mercury Hourglass"},{"floor":24,"key":"Question Card"},{"floor":26,"key":"Ancient Tea Set"},{"floor":28,"key":"Darkstone Periapt"}],"event_choices":[{"damage_healed":0,"gold_gain":0,"player_choice":"Ignored","damage_taken":0,"max_hp_gain":0,"max_hp_loss":0,"event_name":"Liars Game","floor":3,"gold_loss":0},{"damage_healed":0,"gold_gain":0,"player_choice":"Entered Light","damage_taken":14,"max_hp_gain":0,"max_hp_loss":0,"event_name":"Shining Light","floor":4,"gold_loss":0,"cards_upgraded":["Eruption","Strike_P"]},{"cards_removed":["Strike_P"],"damage_healed":0,"gold_gain":0,"player_choice":"Card Removal","damage_taken":7,"max_hp_gain":0,"max_hp_loss":0,"event_name":"Golden Wing","floor":5,"gold_loss":0},{"cards_removed":["Defend_P"],"damage_healed":0,"gold_gain":0,"player_choice":"Gave Gold","damage_taken":0,"max_hp_gain":0,"max_hp_loss":0,"event_name":"Beggar","floor":21,"gold_loss":75},{"damage_healed":0,"gold_gain":0,"player_choice":"Shed Blood","damage_taken":18,"max_hp_gain":5,"max_hp_loss":0,"event_name":"Forgotten Altar","floor":27,"gold_loss":0},{"damage_healed":0,"gold_gain":0,"player_choice":"Fight","damage_taken":0,"max_hp_gain":0,"max_hp_loss":0,"event_name":"Colosseum","floor":30,"gold_loss":0},{"damage_healed":0,"gold_gain":0,"player_choice":"Fled From Nobs","damage_taken":0,"max_hp_gain":0,"max_hp_loss":0,"event_name":"Colosseum","floor":30,"gold_loss":0},{"damage_healed":0,"gold_gain":0,"player_choice":"Max HP","damage_taken":0,"max_hp_gain":0,"max_hp_loss":4,"event_name":"Winding Halls","floor":37,"gold_loss":0},{"damage_healed":0,"gold_gain":0,"player_choice":"Memory 3","damage_taken":10,"max_hp_gain":0,"max_hp_loss":0,"event_name":"SensoryStone","floor":38,"gold_loss":0}],"is_beta":false,"boss_relics":[{"not_picked":["Pandora\u0027s Box","Ectoplasm"],"picked":"Busted Crown"},{"not_picked":["Cursed Key","SacredBark"],"picked":"Fusion Hammer"}],"items_purged_floors":[20,36],"is_endless":false,"potions_floor_spawned":[1,7,10,16,24,29,30,31,39],"killed_by":"Reptomancer","ascension_level":1}}