{"host":"7wagoesq7cf4lu47","time":1612598385,"event":{"mods":["Act Like it!","BaseMod","KinomotoSakuraMod(Ä¾Ö®±¾Ó£)","Minty Spire (QoL Compilation)","StSLib"],"gold_per_floor":[110,121,136,136,155,168,168,186,186,224,236,259,271,313,325,440,452,476,8,22,33,51,51,71,71,71,101,101,101,101,101,101,200,200,217,254,268,368,387,413,430,78,103,134,134,148,168,184,184,184],"floor_reached":51,"language":"ZHS","playtime":2539,"items_purged":["ClowCardTheSword","ClowCardTheSword"],"score":868,"play_id":"412b5564-7da8-4838-ad7f-d174c98a122f","local_time":"20210206155945","is_ascension_mode":false,"campfire_choices":[{"data":"SpellCardSeal","floor":7.0,"key":"SMITH"},{"floor":13.0,"key":"REST"},{"data":"ClowCardTheWave","floor":15.0,"key":"SMITH"},{"floor":23.0,"key":"REST"},{"data":"ClowCardTheFight","floor":25.0,"key":"SMITH"},{"floor":28.0,"key":"REST"},{"floor":32.0,"key":"REST"},{"floor":45.0,"key":"REST"},{"floor":49,"key":"REST"}],"circlet_count":0,"master_deck":["SakuraCardTheRain+","SakuraCardTheThunder+","ClowCardTheSword","ClowCardTheShield","ClowCardTheShield","ClowCardTheShield","SpellCardRelease","ClowCardTheWave+1","ClowCardTheFight+1","ClowCardTheNothing","ClowCardTheMaze+1"],"relics":["KSMOD_SealedBook","KSMOD_StarWand","MawBank","Mercury Hourglass","Orichalcum","Kunai","ClockworkSouvenir","KSMOD_Cerberus","Toxic Egg 2","MutagenicStrength","Black Star","Bottled Flame","Lantern","Pantograph","Omamori","Smiling Mask","Boot"],"acts_visited":["Exordium","TheCity","TheBeyond"],"potions_floor_usage":[],"damage_taken":[{"damage":0.0,"enemies":"Cultist","floor":1.0,"turns":3.0},{"damage":0.0,"enemies":"2 Louse","floor":2.0,"turns":2.0},{"damage":0.0,"enemies":"Jaw Worm","floor":3.0,"turns":3.0},{"damage":7.0,"enemies":"3 Louse","floor":5.0,"turns":4.0},{"damage":6.0,"enemies":"2 Fungi Beasts","floor":6.0,"turns":6.0},{"damage":1.0,"enemies":"Large Slime","floor":8.0,"turns":2.0},{"damage":4.0,"enemies":"3 Sentries","floor":10.0,"turns":7.0},{"damage":13.0,"enemies":"Lots of Slimes","floor":12.0,"turns":4.0},{"damage":0.0,"enemies":"Gremlin Nob","floor":14.0,"turns":3.0},{"damage":37.0,"enemies":"Hexaghost","floor":16.0,"turns":8.0},{"damage":1.0,"enemies":"Chosen","floor":18.0,"turns":4.0},{"damage":10.0,"enemies":"Shell Parasite","floor":20.0,"turns":4.0},{"damage":26.0,"enemies":"Snake Plant","floor":21.0,"turns":3.0},{"damage":13.0,"enemies":"3 Cultists","floor":22.0,"turns":4.0},{"damage":4.0,"enemies":"Cultist and Chosen","floor":24.0,"turns":5.0},{"damage":8.0,"enemies":"Slavers","floor":27.0,"turns":3.0},{"damage":7.0,"enemies":"Automaton","floor":33.0,"turns":6.0},{"damage":8.0,"enemies":"3 Shapes","floor":35.0,"turns":2.0},{"damage":0.0,"enemies":"KSMOD_TheNothingMonster","floor":36.0,"turns":2.0},{"damage":0.0,"enemies":"3 Darklings","floor":37.0,"turns":2.0},{"damage":22.0,"enemies":"Jaw Worm Horde","floor":39.0,"turns":2.0},{"damage":9.0,"enemies":"Nemesis","floor":40.0,"turns":3.0},{"damage":0.0,"enemies":"Spire Growth","floor":41.0,"turns":1.0},{"damage":24.0,"enemies":"Reptomancer","floor":44.0,"turns":4.0},{"damage":0,"enemies":"4 Shapes","floor":46,"turns":1},{"damage":0,"enemies":"3 Darklings","floor":47,"turns":1},{"damage":0,"enemies":"Maw","floor":48,"turns":5},{"damage":20,"enemies":"Donu and Deca","floor":50,"turns":3}],"seed_played":"5939924884140348412","potions_obtained":[{"floor":1.0,"key":"LiquidMemories"},{"floor":3.0,"key":"SteroidPotion"},{"floor":8.0,"key":"ColorlessPotion"},{"floor":33.0,"key":"FairyPotion"},{"floor":36.0,"key":"PowerPotion"},{"floor":39.0,"key":"DistilledChaos"},{"floor":40.0,"key":"FairyPotion"},{"floor":44.0,"key":"LiquidMemories"}],"is_trial":false,"path_per_floor":["M","M","M","?","M","M","R","M","T","E","$","M","R","E","R","B",null,"M","$","M","M","M","R","M","R","T","E","R","?","?","?","R","B",null,"M","?","M","?","M","E","M","$","T","E","R","M","M","M","R","B",null],"character_chosen":"KINOMOTOSAKURA","items_purchased":["Kunai","ClockworkSouvenir","Pantograph"],"campfire_rested":6,"item_purchase_floors":[19,19,42],"current_hp_per_floor":[70,70,70,70,63,57,57,56,56,52,52,39,60,60,60,23,70,69,69,59,33,20,41,37,37,37,29,50,50,37,37,59,52,75,67,67,67,67,45,36,36,36,36,12,34,34,34,34,56,55],"gold":184,"neow_bonus":"ONE_RANDOM_RARE_CARD","is_daily":false,"chose_seed":false,"campfire_upgraded":3,"win_rate":0.0,"timestamp":1612598385,"path_taken":["M","?","M","?","M","M","R","?","T","E","$","M","R","E","R","BOSS","M","$","M","M","M","R","?","R","T","E","R","?","?","?","R","BOSS","M","?","M","?","M","E","M","$","T","E","R","?","M","?","R","BOSS"],"items_purchased_type":["Relic","Relic","Relic"],"build_version":"2020-12-22","purchased_purges":2,"victory":true,"max_hp_per_floor":[70,70,70,70,70,70,70,70,70,70,70,70,70,70,70,70,70,70,70,70,70,70,70,70,70,70,70,70,70,75,75,75,75,75,75,75,75,75,75,75,75,75,75,75,75,75,75,75,75,75],"card_choices":[{"not_picked":["ClowCardTheJump","ClowCardTheArrow","ClowCardTheGlow"],"picked":"SKIP","floor":1.0},{"not_picked":["ClowCardTheGlow","ClowCardTheFly"],"picked":"ClowCardTheFreeze","floor":2.0},{"not_picked":["ClowCardTheRain","ClowCardTheSand","ClowCardTheDream"],"picked":"SKIP","floor":3.0},{"not_picked":["ClowCardTheFreeze","ClowCardTheCloud","ClowCardTheMove"],"picked":"SKIP","floor":5.0},{"not_picked":["ClowCardTheSilent","ClowCardTheMirror","ClowCardTheVoice"],"picked":"SKIP","floor":6.0},{"not_picked":["ClowCardTheSong","ClowCardTheMist","ClowCardTheFreeze"],"picked":"SKIP","floor":8.0},{"not_picked":["ClowCardTheFloat","ClowCardTheWindy","ClowCardTheBubbles"],"picked":"SKIP","floor":10.0},{"not_picked":["ClowCardTheErase","ClowCardTheLock","ClowCardTheLoop"],"picked":"SKIP","floor":12.0},{"not_picked":["ClowCardTheLock","ClowCardTheLoop","ClowCardTheFly"],"picked":"SKIP","floor":14.0},{"not_picked":["ClowCardTheFly","ClowCardTheSilent+1","ClowCardTheVoice+1"],"picked":"SKIP","floor":18.0},{"not_picked":["ClowCardTheLoop","ClowCardTheCloud","ClowCardTheRain"],"picked":"SKIP","floor":20.0},{"not_picked":["ClowCardTheChange","ClowCardTheFly","ClowCardTheFloat+1"],"picked":"SKIP","floor":21.0},{"not_picked":["ClowCardTheVoice","ClowCardTheShadow"],"picked":"ClowCardTheFight","floor":22.0},{"not_picked":["ClowCardTheIllusion","ClowCardTheSilent","ClowCardTheVoice+1"],"picked":"SKIP","floor":24.0},{"not_picked":["ClowCardTheLock+1","ClowCardTheWatery+1"],"picked":"ClowCardTheRain+1","floor":27.0},{"not_picked":["ClowCardTheJump+1","ClowCardTheSnow+1","ClowCardTheMirror+1"],"picked":"SKIP","floor":35.0},{"not_picked":["ClowCardTheGlow+1","ClowCardTheShot+1","ClowCardTheMaze+1"],"picked":"SKIP","floor":37.0},{"not_picked":["ClowCardTheLibra+1","ClowCardTheSand+1","ClowCardTheJump+1"],"picked":"SKIP","floor":39.0},{"not_picked":["ClowCardTheCloud+1","ClowCardTheStorm","ClowCardTheLock+1"],"picked":"SKIP","floor":40.0},{"not_picked":["ClowCardTheBig+1","ClowCardTheShadow+1"],"picked":"ClowCardTheMaze+1","floor":41.0},{"not_picked":["ClowCardTheFly+1","ClowCardTheArrow+1","ClowCardTheMist+1"],"picked":"SKIP","floor":44.0},{"not_picked":["ClowCardTheFreeze","ClowCardTheBubbles+1","ClowCardTheWatery+1"],"picked":"SKIP","floor":46},{"not_picked":["ClowCardTheFreeze","ClowCardTheBubbles+1","ClowCardTheWatery+1"],"picked":"SKIP","floor":46},{"not_picked":["ClowCardTheSweet+1","ClowCardTheMove+1","ClowCardTheShadow+1"],"picked":"SKIP","floor":47},{"not_picked":["ClowCardTheMist+1","ClowCardTheFight","ClowCardTheSand+1"],"picked":"SKIP","floor":48}],"player_experience":172989,"relics_obtained":[{"floor":9.0,"key":"MawBank"},{"floor":10.0,"key":"Mercury Hourglass"},{"floor":14.0,"key":"Orichalcum"},{"floor":26.0,"key":"KSMOD_Cerberus"},{"floor":27.0,"key":"Toxic Egg 2"},{"floor":40.0,"key":"Bottled Flame"},{"floor":40.0,"key":"Lantern"},{"floor":43.0,"key":"Omamori"},{"floor":44.0,"key":"Smiling Mask"},{"floor":44.0,"key":"Boot"}],"event_choices":[{"damage_healed":0.0,"max_hp_gain":0.0,"max_hp_loss":0.0,"gold_gain":0.0,"cards_transformed":["ClowCardTheSword"],"event_name":"Transmorgrifier","player_choice":"Transformed","floor":4.0,"gold_loss":0.0,"damage_taken":0.0,"cards_obtained":["ClowCardTheWave"]},{"damage_healed":0.0,"max_hp_gain":0.0,"max_hp_loss":0.0,"gold_gain":0.0,"event_name":"Vampires","player_choice":"Ignored","floor":29.0,"gold_loss":0.0,"damage_taken":0.0},{"damage_healed":0.0,"max_hp_gain":5.0,"max_hp_loss":0.0,"gold_gain":0.0,"event_name":"Forgotten Altar","player_choice":"Shed Blood","floor":30.0,"gold_loss":0.0,"damage_taken":18.0},{"damage_healed":0.0,"max_hp_gain":0.0,"max_hp_loss":0.0,"gold_gain":0.0,"event_name":"Drug Dealer","player_choice":"Inject Mutagens","floor":31.0,"gold_loss":0.0,"damage_taken":0.0,"relics_obtained":["MutagenicStrength"]},{"damage_healed":0.0,"max_hp_gain":0.0,"max_hp_loss":0.0,"gold_gain":100.0,"event_name":"Golden Shrine","player_choice":"Pray","floor":38.0,"gold_loss":0.0,"damage_taken":0.0}],"is_beta":false,"boss_relics":[{"not_picked":["Snecko Eye","Philosopher\u0027s Stone"],"picked":"KSMOD_StarWand"},{"not_picked":["SacredBark","Cursed Key"],"picked":"Black Star"}],"items_purged_floors":[19,42],"is_endless":false,"potions_floor_spawned":[1,3,8,10,16,18,22,33,36,39,40,44,47],"ascension_level":0}}