{"host":"l5zfpd2l2htson6l","time":1612609887,"event":{"mods":["AchievementEnabler","BaseMod","Colored Map","Colored Powertips","Minty Spire (QoL Compilation)","Permanent Neow","Quick Restart","Rare Cards Sparkle","Relic Stats","SuperFastMode"],"gold_per_floor":[109,120,132,150,164,164,164],"floor_reached":6,"language":"ENG","playtime":302,"items_purged":[],"score":80,"play_id":"3ed837ef-8b1b-4bd1-89ec-90918d3e2a95","local_time":"20210206031127","is_ascension_mode":true,"campfire_choices":[],"circlet_count":0,"master_deck":["AscendersBane","Strike_R","Strike_R","Strike_R","Strike_R","Strike_R","Defend_R","Defend_R","Defend_R","Defend_R","Bash","Double Tap","Flame Barrier","Whirlwind","Ghostly Armor","Anger","Fire Breathing"],"relics":["Burning Blood"],"acts_visited":["Exordium"],"potions_floor_usage":[6,6],"damage_taken":[{"damage":19,"enemies":"Small Slimes","floor":1,"turns":6},{"damage":7,"enemies":"Jaw Worm","floor":2,"turns":5},{"damage":7,"enemies":"Cultist","floor":3,"turns":4},{"damage":11,"enemies":"2 Fungi Beasts","floor":4,"turns":4},{"damage":25,"enemies":"Red Slaver","floor":5,"turns":4},{"damage":44,"enemies":"Lagavulin","floor":6,"turns":8}],"seed_played":"-1325091023528652049","potions_obtained":[{"floor":1,"key":"Regen Potion"},{"floor":2,"key":"Strength Potion"}],"is_trial":false,"path_per_floor":["M","M","M","M","M","E"],"character_chosen":"IRONCLAD","items_purchased":[],"campfire_rested":0,"item_purchase_floors":[],"current_hp_per_floor":[55,54,53,48,29,0,0],"gold":164,"neow_bonus":"ONE_RANDOM_RARE_CARD","is_daily":false,"chose_seed":false,"campfire_upgraded":0,"win_rate":0.0,"timestamp":1612609887,"path_taken":["M","M","M","M","M","E"],"items_purchased_type":[],"build_version":"2020-12-22","purchased_purges":0,"victory":false,"max_hp_per_floor":[75,75,75,75,75,75,75],"relic_stats":{"counters":[6,31],"obtain_stats":[{"Burning Blood":0},{"Burning Blood":0},{"Burning Blood":0}],"Burning Blood":30},"card_choices":[{"not_picked":["Warcry","Sever Soul"],"picked":"Flame Barrier","floor":1},{"not_picked":["Pummel","Rage"],"picked":"Whirlwind","floor":2},{"not_picked":["Second Wind","Seeing Red"],"picked":"Ghostly Armor","floor":3},{"not_picked":["Cleave","Anger","Havoc"],"picked":"SKIP","floor":4},{"not_picked":["Cleave","Havoc"],"picked":"Anger","floor":4},{"not_picked":["Sentinel","Inflame"],"picked":"Fire Breathing","floor":5}],"player_experience":921075,"relics_obtained":[],"event_choices":[],"is_beta":false,"boss_relics":[],"items_purged_floors":[],"is_endless":false,"potions_floor_spawned":[1,2,5],"killed_by":"Lagavulin","ascension_level":20}}