{"host":"l5zfpd2l2htson6l","time":1612609563,"event":{"mods":["AchievementEnabler","BaseMod","Colored Map","Colored Powertips","Minty Spire (QoL Compilation)","Permanent Neow","Quick Restart","Rare Cards Sparkle","Relic Stats","SuperFastMode"],"gold_per_floor":[109,123,134,22,22,22,48,48,75,102,102,102,122,133,133,133,133],"floor_reached":16,"language":"ENG","playtime":583,"items_purged":[],"score":220,"play_id":"a925e44c-51f6-427e-8401-407d1c90396e","local_time":"20210206030603","is_ascension_mode":true,"campfire_choices":[{"data":"Twin Strike","floor":6.0,"key":"SMITH"},{"floor":8.0,"key":"REST"},{"floor":12.0,"key":"REST"},{"floor":15.0,"key":"REST"}],"circlet_count":0,"master_deck":["AscendersBane","Strike_R","Strike_R","Strike_R","Defend_R","Defend_R","Defend_R","Bash","Battle Trance","Pommel Strike","Shockwave","Twin Strike+1","Headbutt","Ghostly Armor","Clothesline","Whirlwind","Blood for Blood","Fiend Fire"],"relics":["Empty Cage","MealTicket","Prayer Wheel","Orichalcum","Girya"],"acts_visited":["Exordium"],"potions_floor_usage":[16,16],"damage_taken":[{"damage":7.0,"enemies":"Cultist","floor":1.0,"turns":4.0},{"damage":8.0,"enemies":"2 Louse","floor":2.0,"turns":4.0},{"damage":9.0,"enemies":"Small Slimes","floor":3.0,"turns":4.0},{"damage":30.0,"enemies":"3 Sentries","floor":7.0,"turns":7.0},{"damage":21.0,"enemies":"Lagavulin","floor":10.0,"turns":4.0},{"damage":10.0,"enemies":"3 Louse","floor":13.0,"turns":3.0},{"damage":5.0,"enemies":"Blue Slaver","floor":14.0,"turns":5.0},{"damage":39,"enemies":"Slime Boss","floor":16,"turns":10}],"seed_played":"319894923577265829","potions_obtained":[{"floor":3.0,"key":"Strength Potion"},{"floor":7.0,"key":"AttackPotion"},{"floor":10.0,"key":"SpeedPotion"},{"floor":13.0,"key":"DuplicationPotion"}],"is_trial":false,"path_per_floor":["M","M","M","$","?","R","E","R","T","E","?","R","M","M","R","B"],"character_chosen":"IRONCLAD","items_purchased":["Twin Strike","Block Potion"],"campfire_rested":3,"item_purchase_floors":[4,4],"current_hp_per_floor":[61,53,44,44,39,39,9,31,31,10,10,32,22,17,39,0,0],"gold":133,"neow_bonus":"BOSS_RELIC","is_daily":false,"chose_seed":false,"campfire_upgraded":1,"win_rate":0.0,"timestamp":1612609563,"path_taken":["M","M","M","?","?","R","E","R","T","E","?","R","M","M","R","BOSS"],"items_purchased_type":["Card","Potion"],"build_version":"2020-12-22","purchased_purges":0,"victory":false,"max_hp_per_floor":[75,75,75,75,75,75,75,75,75,75,75,75,75,75,75,75,75],"relic_stats":{"counters":[8,41],"MealTicket":0,"Prayer Wheel":2,"Orichalcum":[66],"obtain_stats":[{"Girya":10,"MealTicket":5,"Prayer Wheel":7,"Orichalcum":9,"Empty Cage":0,"Burning Blood":0},{"Girya":5,"MealTicket":3,"Prayer Wheel":4,"Orichalcum":4,"Empty Cage":0,"Burning Blood":0},{"Girya":23,"MealTicket":12,"Prayer Wheel":19,"Orichalcum":19,"Empty Cage":0,"Burning Blood":0}]},"card_choices":[{"not_picked":["Clash","Rage"],"picked":"Battle Trance","floor":1.0},{"not_picked":["Disarm","Anger"],"picked":"Pommel Strike","floor":2.0},{"not_picked":["Pommel Strike","Iron Wave"],"picked":"Shockwave","floor":3.0},{"not_picked":["Searing Blow","Corruption"],"picked":"Headbutt","floor":7.0},{"not_picked":["Headbutt","Iron Wave"],"picked":"Ghostly Armor","floor":10.0},{"not_picked":["Bloodletting","Evolve"],"picked":"Whirlwind","floor":13.0},{"not_picked":["Warcry","Dual Wield","Shrug It Off"],"picked":"SKIP","floor":13.0},{"not_picked":["Dark Embrace","Dual Wield"],"picked":"Blood for Blood","floor":14.0},{"not_picked":["Uppercut","Metallicize"],"picked":"Fiend Fire","floor":14.0}],"player_experience":920492,"relics_obtained":[{"floor":7.0,"key":"Prayer Wheel"},{"floor":9.0,"key":"Orichalcum"},{"floor":10.0,"key":"Girya"}],"event_choices":[{"damage_healed":0.0,"max_hp_gain":0.0,"max_hp_loss":0.0,"gold_gain":0.0,"event_name":"Scrap Ooze","player_choice":"Success","floor":5.0,"gold_loss":0.0,"damage_taken":5.0,"relics_obtained":["MealTicket"]},{"damage_healed":0.0,"max_hp_gain":0.0,"max_hp_loss":0.0,"gold_gain":0.0,"cards_transformed":["Strike_R"],"event_name":"Transmorgrifier","player_choice":"Transformed","floor":11.0,"gold_loss":0.0,"damage_taken":0.0,"cards_obtained":["Clothesline"]}],"is_beta":false,"boss_relics":[],"items_purged_floors":[],"is_endless":false,"potions_floor_spawned":[3,7,10,13],"killed_by":"Slime Boss","ascension_level":20}}