{"host":"oopoa2qluour3scl","time":1612593412,"event":{"mods":["2.2 Compatiblity","AchievementEnabler","AlwaysNeverKeys","BaseMod","Better Match","Better Note","Better Sensory Stone","Better Third Choice","Better Vampires","BetterRewards","Colored Powertips","Communication Mod","Minty Spire (QoL Compilation)","Practice Mode","Random Character Button","Relic Stats","StSLib","SuperFastMode","Swap Starting Deck Mod"],"gold_per_floor":[109,109,121,121,141,141,176,176,254,254,254,272,307,325,325,424,424,441,451,451,501,513,513,513],"floor_reached":23,"language":"ENG","playtime":1089,"items_purged":[],"score":351,"play_id":"c264c89b-b013-4d71-aec7-e0a964e8e3aa","local_time":"20210206073652","is_ascension_mode":false,"campfire_choices":[{"data":"Setup","floor":6.0,"key":"SMITH"},{"floor":8.0,"key":"REST"},{"data":"Accuracy","floor":11.0,"key":"SMITH"},{"data":"Terror","floor":15.0,"key":"SMITH"}],"circlet_count":0,"master_deck":["Strike_G","Strike_G","Strike_G","Strike_G","Strike_G","Defend_G","Defend_G","Defend_G","Defend_G","Defend_G","Survivor","Neutralize","Accuracy+1","Infinite Blades","Expertise","Deadly Poison","Cloak And Dagger","Setup+1","Finisher","Dual Wield+1","Terror+1","Endless Agony","Choke","A Thousand Cuts","Setup","Judgement","Backflip"],"relics":["Ring of the Snake","Orichalcum","WingedGreaves","Orrery","Snake Skull","Bottled Tornado","Bag of Preparation","Bird Faced Urn","The Courier","Centennial Puzzle","Black Star"],"acts_visited":["Exordium","TheCity"],"potions_floor_usage":[22],"damage_taken":[{"damage":1.0,"enemies":"Cultist","floor":1.0,"turns":4.0},{"damage":5.0,"enemies":"Small Slimes","floor":3.0,"turns":3.0},{"damage":0.0,"enemies":"2 Louse","floor":5.0,"turns":2.0},{"damage":12.0,"enemies":"Lagavulin","floor":7.0,"turns":4.0},{"damage":14.0,"enemies":"Exordium Thugs","floor":12.0,"turns":3.0},{"damage":11.0,"enemies":"3 Sentries","floor":13.0,"turns":6.0},{"damage":10.0,"enemies":"Lots of Slimes","floor":14.0,"turns":3.0},{"damage":0.0,"enemies":"Slime Boss","floor":16.0,"turns":6.0},{"damage":15,"enemies":"Spheric Guardian","floor":18,"turns":4},{"damage":4,"enemies":"Chosen","floor":19,"turns":4},{"damage":9,"enemies":"Snake Plant","floor":22,"turns":2},{"damage":68,"enemies":"Gremlin Leader","floor":23,"turns":4}],"seed_played":"1403964009604379301","potions_obtained":[{"floor":3.0,"key":"SmokeBomb"},{"floor":12.0,"key":"DistilledChaos"},{"floor":13.0,"key":"EntropicBrew"},{"floor":14.0,"key":"ColorlessPotion"}],"is_trial":false,"path_per_floor":["M","T","M","?","M","R","E","R","T","?","R","M","E","M","R","B",null,"M","M","?","?","M","E"],"character_chosen":"THE_SILENT","items_purchased":["Orichalcum","Accuracy","Orrery","Snake Skull"],"campfire_rested":1,"item_purchase_floors":[0,0,0,0],"current_hp_per_floor":[69,69,64,30,30,30,18,39,39,70,70,56,49,43,43,49,70,63,65,65,65,62,0,0],"gold":513,"neow_bonus":"","is_daily":false,"chose_seed":false,"campfire_upgraded":3,"win_rate":0.0,"timestamp":1612593412,"path_taken":["M","?","M","?","M","R","E","R","T","?","R","M","E","M","R","BOSS","M","M","?","?","?","E"],"items_purchased_type":["Relic","Card","Relic","Relic"],"build_version":"2020-12-22","purchased_purges":0,"victory":false,"max_hp_per_floor":[70,70,70,70,70,70,70,70,70,70,70,70,70,70,70,70,70,70,70,70,70,70,70,70],"relic_stats":{"Centennial Puzzle":[16],"counters":[58,214],"Bird Faced Urn":[38],"Snake Skull":[11],"Bag of Preparation":[20],"Black Star":0,"Orichalcum":[90],"obtain_stats":[{"Regal Pillow":0,"Singing Bowl":25,"CeramicFish":48,"Vajra":28,"Snake Skull":0,"Bag of Preparation":4,"Whetstone":26,"Bottled Tornado":43,"Sling":20,"Sozu":0,"Nunchaku":53,"Centennial Puzzle":13,"HornCleat":30,"Mummified Hand":0,"Pantograph":0,"WingedGreaves":0,"Cracked Core":0,"Ring of the Snake":0,"Girya":37,"Golden Idol":0,"The Courier":9,"Letter Opener":24,"Frozen Egg 2":23,"Orichalcum":0,"Question Card":38,"GoldenEye":8,"Cables":0,"DataDisk":40,"Bottled Flame":10,"Shuriken":38,"Bronze Scales":0,"Bird Faced Urn":9,"Snecko Eye":17,"Orrery":0,"Molten Egg 2":26,"Coffee Dripper":34,"Black Star":17,"Bottled Lightning":54,"StrikeDummy":6,"Toy Ornithopter":23,"Pocketwatch":6},{"Regal Pillow":33,"Singing Bowl":19,"CeramicFish":30,"Vajra":20,"Snake Skull":46,"Bag of Preparation":48,"Whetstone":4,"Bottled Tornado":28,"Sling":43,"Sozu":0,"Nunchaku":31,"Centennial Puzzle":52,"HornCleat":21,"Mummified Hand":0,"Pantograph":0,"WingedGreaves":46,"Cracked Core":0,"Ring of the Snake":0,"Girya":25,"Golden Idol":0,"The Courier":50,"Letter Opener":45,"Frozen Egg 2":17,"Orichalcum":46,"Question Card":25,"GoldenEye":38,"Cables":0,"DataDisk":27,"Bottled Flame":39,"Shuriken":25,"Bronze Scales":0,"Bird Faced Urn":9,"Snecko Eye":42,"Orrery":46,"Molten Egg 2":19,"Coffee Dripper":23,"Black Star":54,"Bottled Lightning":32,"StrikeDummy":37,"Toy Ornithopter":3,"Pocketwatch":9},{"Regal Pillow":102,"Singing Bowl":61,"CeramicFish":94,"Vajra":64,"Snake Skull":169,"Bag of Preparation":176,"Whetstone":18,"Bottled Tornado":90,"Sling":156,"Sozu":0,"Nunchaku":96,"Centennial Puzzle":191,"HornCleat":66,"Mummified Hand":0,"Pantograph":0,"WingedGreaves":169,"Cracked Core":0,"Ring of the Snake":0,"Girya":81,"Golden Idol":0,"The Courier":182,"Letter Opener":167,"Frozen Egg 2":54,"Orichalcum":169,"Question Card":81,"GoldenEye":124,"Cables":0,"DataDisk":86,"Bottled Flame":133,"Shuriken":81,"Bronze Scales":0,"Bird Faced Urn":31,"Snecko Eye":150,"Orrery":169,"Molten Egg 2":61,"Coffee Dripper":73,"Black Star":200,"Bottled Lightning":99,"StrikeDummy":121,"Toy Ornithopter":14,"Pocketwatch":31}],"Ring of the Snake":[24]},"card_choices":[{"not_picked":["Prepared","Deflect"],"picked":"Infinite Blades","floor":0.0},{"not_picked":["Well Laid Plans","Eviscerate"],"picked":"Expertise","floor":0.0},{"not_picked":["Dodge and Roll","Dagger Throw"],"picked":"Deadly Poison","floor":0.0},{"not_picked":["Dagger Spray","Dodge and Roll"],"picked":"Cloak And Dagger","floor":0.0},{"not_picked":["PiercingWail","Predator"],"picked":"Setup","floor":0.0},{"not_picked":["Well Laid Plans","Slice"],"picked":"Concentrate","floor":1.0},{"not_picked":["Dagger Throw","Eviscerate"],"picked":"Finisher","floor":3.0},{"not_picked":["Tactician","Riddle With Holes"],"picked":"Terror","floor":5.0},{"not_picked":["Bane","Outmaneuver","Underhanded Strike"],"picked":"SKIP","floor":7.0},{"not_picked":["Prepared","Deadly Poison","Blur"],"picked":"SKIP","floor":12.0},{"not_picked":["Calculated Gamble","Bane"],"picked":"Endless Agony","floor":13.0},{"not_picked":["Bouncing Flask","Grand Finale"],"picked":"Choke","floor":14.0},{"not_picked":["Die Die Die","Adrenaline"],"picked":"A Thousand Cuts","floor":16.0},{"not_picked":["Deadly Poison","Underhanded Strike+1","Blur+1"],"picked":"SKIP","floor":18},{"not_picked":["Dash","Heel Hook+1"],"picked":"Setup","floor":19},{"not_picked":["PiercingWail","Dagger Spray"],"picked":"Backflip","floor":22}],"player_experience":448996,"relics_obtained":[{"floor":2.0,"key":"Bottled Tornado"},{"floor":7.0,"key":"Bird Faced Urn"},{"floor":9.0,"key":"The Courier"},{"floor":13.0,"key":"Centennial Puzzle"}],"event_choices":[{"cards_removed":["Concentrate"],"damage_healed":31.0,"max_hp_gain":0.0,"max_hp_loss":0.0,"gold_gain":0.0,"event_name":"Bonfire Elementals","player_choice":"Offered Uncommon","floor":10.0,"gold_loss":0.0,"damage_taken":0.0},{"cards_removed":["A Thousand Cuts"],"damage_healed":0,"gold_gain":0,"player_choice":"Take \u0026 Give","damage_taken":0,"max_hp_gain":0,"max_hp_loss":0,"event_name":"betterNote:BetterNote","floor":20,"gold_loss":0,"cards_obtained":["Judgement"]},{"damage_healed":0,"gold_gain":100,"player_choice":"Bet on Murderer","damage_taken":0,"max_hp_gain":0,"max_hp_loss":0,"event_name":"The Joust","floor":21,"gold_loss":50}],"is_beta":false,"boss_relics":[{"not_picked":["Runic Dome","Astrolabe"],"picked":"Black Star"}],"items_purged_floors":[],"is_endless":false,"potions_floor_spawned":[3,12,13,14,18],"killed_by":"Gremlin Leader","ascension_level":0}}