{"host":"6fz13565vq1u34xu","time":1612578868,"event":{"mods":["Act Like it!","Aspiration","BaseMod","Better Altar","Better Match","Better Note","Better Sensory Stone","Better Vampires","BetterRewards","Challenge The Spire","Colored Map","Colored Powertips","Conspire","DeckTracker","Energized Spire","Hubris","Infinite Spire","Marked Mod","Minty Spire (QoL Compilation)","Quick Restart","Rare Cards Sparkle","Relic Stats","Replay The Spire","StSLib","SuperFastMode"],"gold_per_floor":[27,27,145,262,373,373,373,42,157,270,387,387,153,78,191,311,423,535],"floor_reached":19,"language":"ENG","playtime":1666,"items_purged":["Strike_R","Defend_R","Strike_R"],"score":2655,"play_id":"2e54f92d-772a-46b3-9d78-b4bd75f49ada","local_time":"20210205213428","daily_mods":["challengethespire:Platinum Difficulty","challengethespire:Boss Rush","Uncertain Future"],"is_ascension_mode":true,"campfire_choices":[{"data":"Bash","floor":2.0,"key":"SMITH"},{"data":"Defend_R","floor":7.0,"key":"SMITH"}],"circlet_count":0,"master_deck":["AscendersBane","Strike_R","Strike_R","Strike_R","Defend_R+1","Defend_R+1","Defend_R+1","Bash+1","ReplayUltimateDefense+1","Replay:Dark Deal+1","Replay:Dark Deal+1","Fire Breathing+1","Evolve+1","Battle Trance+1","Offering+1","True Grit+1","Dark Embrace+1","Seeing Red+1","Replay:Bootleg Shield Generator+1","Impervious+1","Body Slam+1","Disarm+1","Anger+1"],"relics":["Burning Blood","The Courier","Molten Egg 2","Toxic Egg 2","Frozen Egg 2","Lantern","DollysMirror","infinitespire:Beetle Shell","Centennial Puzzle","Ancient Tea Set","energizedSpire:NeverEndingSparkler","Quantum Egg","infinitespire:Broken Mirror","Replay:Accelerometer","Thread and Needle","Pantograph","OrangePellets","infinitespire:Bottled Soul","hubris:SlimyHat","War Paint","Bag of Marbles"],"acts_visited":["Exordium"],"potions_floor_usage":[15,18],"damage_taken":[{"damage":0.0,"enemies":"Hexaghost","floor":3.0,"turns":1.0},{"damage":0.0,"enemies":"Slime Boss","floor":4.0,"turns":1.0},{"damage":9.0,"enemies":"The Guardian","floor":5.0,"turns":13.0},{"damage":6.0,"enemies":"Automaton","floor":9.0,"turns":10.0},{"damage":20.0,"enemies":"Champ","floor":10.0,"turns":15.0},{"damage":18.0,"enemies":"Collector","floor":11.0,"turns":8.0},{"damage":24,"enemies":"Awakened One","floor":15,"turns":14},{"damage":6,"enemies":"Donu and Deca","floor":16,"turns":6},{"damage":6,"enemies":"Time Eater","floor":17,"turns":2},{"damage":11,"enemies":"The Heart","floor":18,"turns":10}],"seed_played":"6018927183083907493","potions_obtained":[{"floor":4.0,"key":"SteroidPotion"},{"floor":11.0,"key":"ElixirPotion"},{"floor":16,"key":"LifebloodPotion"},{"floor":18,"key":"Adrenaline Potion"}],"is_trial":true,"path_per_floor":["$","R","M","M","M","T","R","$","M","M","M","T","$","$","M","M","M","M",null],"character_chosen":"IRONCLAD","items_purchased":["ReplayUltimateDefense+1","Replay:Dark Deal+1","Lantern","DollysMirror","Fire Breathing+1","Evolve+1","Quantum Egg","True Grit+1","OrangePellets","Replay:Bootleg Shield Generator+1"],"campfire_rested":0,"item_purchase_floors":[1,1,1,1,1,1,8,8,13,14],"current_hp_per_floor":[68,68,74,75,72,72,72,72,72,58,46,46,46,46,53,75,75,70],"gold":535,"neow_bonus":"","is_daily":false,"chose_seed":false,"campfire_upgraded":2,"win_rate":0.0,"timestamp":1612578868,"path_taken":["$","R","M","M","M","T","R","$","M","M","M","T","$","$","M","M","M","M"],"items_purchased_type":["Card","Card","Relic","Relic","Card","Card","Relic","Card","Relic","Card"],"build_version":"2020-12-22","purchased_purges":3,"victory":true,"max_hp_per_floor":[75,75,75,75,75,75,75,75,75,75,75,75,75,75,75,75,75,75],"relic_stats":{"OrangePellets":[4],"Centennial Puzzle":[24],"counters":[10,80],"Pantograph":47,"War Paint":["Defend_R","Defend_R"],"obtain_stats":[{"Replay:Accelerometer":10,"Lantern":1,"Quantum Egg":8,"Thread and Needle":11,"The Courier":0,"infinitespire:Beetle Shell":3,"hubris:SlimyHat":16,"Frozen Egg 2":0,"War Paint":17,"Ancient Tea Set":5,"Burning Blood":0,"OrangePellets":13,"Centennial Puzzle":4,"DollysMirror":1,"energizedSpire:NeverEndingSparkler":6,"infinitespire:Broken Mirror":9,"infinitespire:Bottled Soul":15,"Pantograph":12,"Molten Egg 2":0,"Bag of Marbles":18,"Toxic Egg 2":0},{"Replay:Accelerometer":5,"Lantern":0,"Quantum Egg":3,"Thread and Needle":6,"The Courier":0,"infinitespire:Beetle Shell":1,"hubris:SlimyHat":8,"Frozen Egg 2":0,"War Paint":9,"Ancient Tea Set":3,"Burning Blood":0,"OrangePellets":6,"Centennial Puzzle":2,"DollysMirror":0,"energizedSpire:NeverEndingSparkler":3,"infinitespire:Broken Mirror":4,"infinitespire:Bottled Soul":7,"Pantograph":6,"Molten Egg 2":0,"Bag of Marbles":10,"Toxic Egg 2":0},{"Replay:Accelerometer":40,"Lantern":0,"Quantum Egg":15,"Thread and Needle":48,"The Courier":0,"infinitespire:Beetle Shell":1,"hubris:SlimyHat":68,"Frozen Egg 2":0,"War Paint":70,"Ancient Tea Set":15,"Burning Blood":0,"OrangePellets":48,"Centennial Puzzle":2,"DollysMirror":0,"energizedSpire:NeverEndingSparkler":15,"infinitespire:Broken Mirror":25,"infinitespire:Bottled Soul":62,"Pantograph":48,"Molten Egg 2":0,"Bag of Marbles":80,"Toxic Egg 2":0}],"Burning Blood":55},"card_choices":[],"player_experience":966404,"relics_obtained":[{"floor":3.0,"key":"infinitespire:Beetle Shell"},{"floor":4.0,"key":"Centennial Puzzle"},{"floor":5.0,"key":"Ancient Tea Set"},{"floor":9.0,"key":"infinitespire:Broken Mirror"},{"floor":10.0,"key":"Replay:Accelerometer"},{"floor":11.0,"key":"Thread and Needle"},{"floor":15,"key":"infinitespire:Bottled Soul"},{"floor":16,"key":"hubris:SlimyHat"},{"floor":17,"key":"War Paint"},{"floor":18,"key":"Bag of Marbles"}],"event_choices":[],"is_beta":false,"boss_relics":[{"not_picked":["energizedSpire:OgreHead","aspiration:WatcherSkillbook"],"picked":"energizedSpire:NeverEndingSparkler"},{"not_picked":["Electric Blood","Black Blood"],"picked":"Pantograph"}],"items_purged_floors":[1,8,13],"is_endless":false,"potions_floor_spawned":[4,11,16,17,18],"ascension_level":20}}