{"host":"jg1kdgv8lq0s5kn4","time":1612591234,"event":{"mods":["ATMod(阿瑾Mod)","AchievementEnabler","Alarm Clock","AlwaysNeverKeys","BaseMod","Colored Powertips","Gold Saver","Minty Spire (QoL Compilation)","Remilia（蕾米莉亚）","Remove Card Discount Mod","RumiaBox-露米娅的神秘盒子","Shop Mod","Spicy Shops","StSLib","SuperFastMode","TestMod","【功能Mod】Neow奖励","【遗物Mod】简单游戏","没有小屋子和绿帽子啦","篝火指南"],"gold_per_floor":[115,115,129,144,200,200,232,232,257,310,310,340,340,372,372,514,514,514],"floor_reached":17,"language":"ZHS","playtime":832,"items_purged":[],"score":316,"play_id":"36d8bb85-1d8d-4c67-94e8-d7d3d2e7aa1c","local_time":"20210206140034","is_ascension_mode":true,"campfire_choices":[{"data":"MastersStateliness","floor":6,"key":"SMITH"},{"data":"BlasphemousPunishment","floor":8,"key":"SMITH"},{"data":"AT_FamilyPortrait","floor":15,"key":"SMITH"}],"circlet_count":0,"master_deck":["Strike_RM","Strike_RM","Strike_RM","Defend_RM","Defend_RM","Defend_RM","Defend_RM","RedMoon","ScarletShoot","AT_FamilyPortrait+1","UnstableMagic","FavorOfDestiny","MastersStateliness+1","ScarletDevil","BlasphemousPunishment+1","RedMagic","ScarletMeister","BloodyMagicSquare","HeartBreak"],"relics":["ScarletHat","EasyRelic","AT_ATBox","testmod-TestBox","testmod-CyclicPeriapt","AddBug","SecretRecord","SecretRecord","SecretRecord"],"acts_visited":["Exordium","TheCity"],"potions_floor_usage":[5,12,12,14,16],"damage_taken":[{"damage":0,"enemies":"2 Louse","floor":1,"turns":2},{"damage":0,"enemies":"Jaw Worm","floor":3,"turns":2},{"damage":0,"enemies":"Cultist","floor":4,"turns":3},{"damage":8,"enemies":"Gremlin Gang","floor":5,"turns":5},{"damage":9,"enemies":"Gremlin Nob","floor":7,"turns":4},{"damage":10,"enemies":"Lagavulin","floor":10,"turns":3},{"damage":10,"enemies":"3 Sentries","floor":12,"turns":8},{"damage":10,"enemies":"Exordium Wildlife","floor":14,"turns":3},{"damage":37,"enemies":"Slime Boss","floor":16,"turns":5}],"seed_played":"-5795906902603986586","potions_obtained":[{"floor":1,"key":"FairyPotion"},{"floor":4,"key":"Block Potion"},{"floor":5,"key":"SteroidPotion"},{"floor":7,"key":"SpeedPotion"},{"floor":10,"key":"BlessingOfTheForge"},{"floor":12,"key":"FearPotion"},{"floor":14,"key":"FearPotion"}],"is_trial":false,"path_per_floor":["M","?","M","M","M","R","E","R","T","E","T","E","?","M","R","B",null],"character_chosen":"REMILIA","items_purchased":[],"campfire_rested":0,"item_purchase_floors":[],"current_hp_per_floor":[75,75,75,75,70,70,66,66,66,57,57,55,48,42,42,8,75,75],"gold":514,"neow_bonus":"REMOVE_CARD","is_daily":false,"chose_seed":false,"campfire_upgraded":3,"win_rate":0.0,"timestamp":1612591234,"path_taken":["M","?","M","M","M","R","E","R","T","E","?","E","?","M","R","BOSS"],"items_purchased_type":[],"build_version":"2020-12-22","purchased_purges":0,"victory":false,"max_hp_per_floor":[75,75,75,75,75,75,75,75,75,75,75,75,75,75,75,75,75,75],"card_choices":[{"not_picked":["RedRainbow","Stigmanizer"],"picked":"UnstableMagic","floor":1},{"not_picked":["NightDance","HellCatastrophe"],"picked":"FavorOfDestiny","floor":3},{"not_picked":["BadLadyScramble","StarOfDavid"],"picked":"MastersStateliness","floor":4},{"not_picked":["Stigmanizer","HunterOfTheNight"],"picked":"ScarletDevil","floor":5},{"not_picked":["NightLord","ReincarnationDial"],"picked":"BlasphemousPunishment","floor":7},{"not_picked":["ScarletImprint","NightDance"],"picked":"RedMagic","floor":10},{"not_picked":["RedRainbow","DevilSight"],"picked":"ScarletMeister","floor":12},{"not_picked":["BlasphemousPunishment","UnstableMagic"],"picked":"BloodyMagicSquare","floor":14},{"not_picked":["KillingBlow","BloodyCatastrophe"],"picked":"HeartBreak","floor":16}],"player_experience":49564,"relics_obtained":[{"floor":1,"key":"AddBug"},{"floor":7,"key":"SecretRecord"},{"floor":7,"key":"AT_MibuBalloonWealth"},{"floor":9,"key":"Orichalcum"},{"floor":10,"key":"Akabeko"},{"floor":11,"key":"Blue Candle"},{"floor":12,"key":"Whetstone"},{"floor":14,"key":"SecretRecord"}],"event_choices":[{"damage_healed":0,"gold_gain":0,"player_choice":"Ignored","damage_taken":0,"max_hp_gain":0,"max_hp_loss":0,"event_name":"Liars Game","floor":2,"gold_loss":0},{"damage_healed":0,"gold_gain":0,"player_choice":"Ignored","damage_taken":7,"max_hp_gain":0,"max_hp_loss":0,"event_name":"恩洛斯的盘子","floor":13,"gold_loss":0}],"is_beta":false,"boss_relics":[{"not_picked":["testmod-CardMagician","Cursed Key"],"picked":"APieceOfRedMist"}],"items_purged_floors":[],"is_endless":false,"potions_floor_spawned":[1,5,12,16],"ascension_level":3}}