{"host":"e1r14iqujvrv6qpf","time":1612614499,"event":{"mods":["AchievementEnabler","Act Like it!","Aspiration","BaseMod","BetterRewards","Colored Map","Colored Powertips","Conspire","Downfall","Friendly Minions","Gensokyo","Googly Eyes","Hallownest","Highlight Path","Hubris","KinomotoSakuraMod(木之本樱)","Koishi","KomeijiMod","LagranYue(拉格朗・月)","Lobotomy","Marisa（F雨　魔理沙）","Minty Spire (QoL Compilation)","Quick Restart","Reimu（博丽灵梦）","Remilia（蕾米莉亚）","Replay The Spire","Shop Mod","StSLib","The Administrix","The Animator","The Bug Knight","The Construct","The Cursed","The Servant 0.9.4","Waifu the Spire","WarShipGirlsR/战舰少女R mod","Youmu（魂魄妖梦）","Yuri Mod","Yuyuko"],"gold_per_floor":[115,190,202,502,517,517,517],"floor_reached":6,"language":"ZHS","playtime":780,"items_purged":["HollowMod:FocusHealStart"],"score":41,"play_id":"071dc7aa-be11-4cde-83b8-cc6b52e19674","local_time":"20210206202819","is_ascension_mode":true,"campfire_choices":[],"circlet_count":0,"master_deck":["HollowMod:NailStrikeStart","HollowMod:NailStrikeStart","HollowMod:NailStrikeStart","HollowMod:NailStrikeStart","HollowMod:QuickDashStart+1","HollowMod:QuickDashStart+1","HollowMod:QuickDashStart","HollowMod:QuickDashStart","HollowMod:PogoStrike","HollowMod:VengefulVoid","HollowMod:DescendingDark","HollowMod:LifebloodCocoon"],"relics":["LagranYue:RandomDrawCardRelic","ChewingGum","Old Coin","hubris:Potato","aspiration:SeaSaltIceCream","War Paint"],"acts_visited":["Exordium"],"potions_floor_usage":[],"damage_taken":[{"damage":0.0,"enemies":"2 Louse","floor":1.0,"turns":3.0},{"damage":0,"enemies":"Cultist","floor":3,"turns":4},{"damage":0,"enemies":"Jaw Worm","floor":5,"turns":2},{"damage":9,"enemies":"3 Sentries","floor":6,"turns":2}],"seed_played":"-8563013681213020038","potions_obtained":[],"is_trial":false,"path_per_floor":["M","?","M","$","M","E"],"character_chosen":"THE_BUGKNIGHT","items_purchased":["Old Coin","hubris:Potato","aspiration:SeaSaltIceCream"],"campfire_rested":0,"item_purchase_floors":[4,4,4],"current_hp_per_floor":[75,68,68,8,8,0,0],"gold":517,"neow_bonus":"BOSS_RELIC","is_daily":false,"chose_seed":false,"campfire_upgraded":0,"win_rate":0.0,"timestamp":1612614499,"path_taken":["M","?","?","?","M","E"],"items_purchased_type":["Relic","Relic","Relic"],"build_version":"2020-12-22","purchased_purges":1,"victory":false,"max_hp_per_floor":[75,75,75,75,75,75,75],"card_choices":[{"not_picked":["HollowMod:ChannelNail","HollowMod:DoubleDash"],"picked":"HollowMod:VengefulVoid","floor":1.0},{"not_picked":["HollowMod:SiblingsSouls","HollowMod:CornifersMapStart"],"picked":"HollowMod:DescendingDark","floor":3},{"not_picked":["HollowMod:ShadowDash","HollowMod:InfectedCysts"],"picked":"HollowMod:LifebloodCocoon","floor":5}],"player_experience":296589,"relics_obtained":[],"event_choices":[{"damage_healed":0,"gold_gain":75,"player_choice":"Touch","damage_taken":7,"max_hp_gain":0,"max_hp_loss":0,"event_name":"FaceTrader","floor":2,"gold_loss":0}],"is_beta":false,"boss_relics":[],"items_purged_floors":[4],"is_endless":false,"potions_floor_spawned":[],"killed_by":"3 Sentries","ascension_level":3}}