{"host":"y89x8uui45kcjy42","time":1612604858,"event":{"mods":["2.2 Compatiblity","BaseMod","CapriCore","Colored Map","Colored Powertips","Custom Start","Friendly Minions","Keyboard Shortcuts","Minty Spire (QoL Compilation)","Relic Stats","Slay the Relics Exporter","StSLib","SuperFastMode","Uncapped"],"gold_per_floor":[119,119,135,150,166,166,166,166,193,226,226,151,116,143,143,217,217,217],"floor_reached":17,"language":"KOR","playtime":486,"items_purged":[],"score":326,"play_id":"9e29de93-e858-4d39-be00-be34621815a2","local_time":"20210206184738","is_ascension_mode":true,"campfire_choices":[{"data":"Eruption","floor":6,"key":"SMITH"},{"data":"CrushJoints","floor":7,"key":"SMITH"},{"data":"Ragnarok","floor":8,"key":"SMITH"},{"data":"Perseverance","floor":11,"key":"SMITH"},{"data":"MentalFortress","floor":15,"key":"SMITH"}],"circlet_count":0,"master_deck":["Eruption+1","Vigilance","Ragnarok+1","Study+1","Bite+1","Bite+1","Ghostly+1","Ghostly+1","Ghostly+1","CrushJoints+1","MasterReality+1","Perseverance+1","MentalFortress+1","Vault"],"relics":["PureWater","Centennial Puzzle","Happy Flower","White Beast Statue","WingedGreaves","Singing Bowl","SacredBark"],"acts_visited":["Exordium","TheCity"],"potions_floor_usage":[14],"damage_taken":[{"damage":5,"enemies":"Small Slimes","floor":1,"turns":3},{"damage":0,"enemies":"Jaw Worm","floor":3,"turns":3},{"damage":0,"enemies":"2 Louse","floor":4,"turns":2},{"damage":35,"enemies":"Gremlin Gang","floor":5,"turns":4},{"damage":17,"enemies":"3 Sentries","floor":10,"turns":7},{"damage":12,"enemies":"Gremlin Nob","floor":14,"turns":3},{"damage":18,"enemies":"Hexaghost","floor":16,"turns":4}],"seed_played":"7040606050895922479","potions_obtained":[{"floor":1,"key":"SteroidPotion"},{"floor":4,"key":"Strength Potion"},{"floor":14,"key":"LiquidBronze"}],"is_trial":false,"path_per_floor":["M","?","M","M","M","R","R","R","T","E","R","$","?","E","R","B",null],"character_chosen":"WATCHER","items_purchased":["MentalFortress"],"campfire_rested":0,"item_purchase_floors":[12],"current_hp_per_floor":[72,16,22,28,64,64,64,64,64,56,56,56,74,64,64,55,71,71],"gold":217,"neow_bonus":"THREE_RARE_CARDS","is_daily":false,"chose_seed":false,"campfire_upgraded":5,"win_rate":0.0,"timestamp":1612604858,"path_taken":["M","?","M","M","M","R","R","R","T","E","R","$","?","E","R","BOSS"],"items_purchased_type":["Card"],"build_version":"2020-12-22","purchased_purges":0,"victory":false,"max_hp_per_floor":[74,74,74,74,74,74,74,74,74,74,74,74,74,76,76,76,76,76],"relic_stats":{"Centennial Puzzle":[12],"Happy Flower":[4],"Singing Bowl":2,"counters":[7,26],"obtain_stats":[{"Centennial Puzzle":2,"Happy Flower":9,"Singing Bowl":14,"SacredBark":17,"WingedGreaves":6,"PureWater":0,"White Beast Statue":10},{"Centennial Puzzle":1,"Happy Flower":4,"Singing Bowl":6,"SacredBark":7,"WingedGreaves":4,"PureWater":0,"White Beast Statue":5},{"Centennial Puzzle":3,"Happy Flower":12,"Singing Bowl":22,"SacredBark":26,"WingedGreaves":12,"PureWater":0,"White Beast Statue":19}]},"card_choices":[{"not_picked":["Establishment","Judgement"],"picked":"Ragnarok","floor":0},{"not_picked":["BowlingBash","Prostrate","Conclude"],"picked":"SKIP","floor":1},{"not_picked":["Perseverance","JustLucky"],"picked":"CrushJoints","floor":3},{"not_picked":["FollowUp","EmptyBody","BowlingBash"],"picked":"SKIP","floor":4},{"not_picked":["FlurryOfBlows","Vengeance","Protect"],"picked":"SKIP","floor":5},{"not_picked":["Crescendo","FollowUp"],"picked":"Perseverance","floor":10},{"not_picked":["JustLucky","Halt","WaveOfTheHand"],"picked":"Singing Bowl","floor":14},{"not_picked":["Judgement","ConjureBlade"],"picked":"Vault","floor":16}],"player_experience":683699,"relics_obtained":[{"floor":9,"key":"Happy Flower"},{"floor":10,"key":"White Beast Statue"},{"floor":14,"key":"Singing Bowl"}],"event_choices":[{"damage_healed":0,"gold_gain":0,"player_choice":"Success","damage_taken":56,"relics_obtained":["Centennial Puzzle"],"max_hp_gain":0,"max_hp_loss":0,"event_name":"Scrap Ooze","floor":2,"gold_loss":0},{"damage_healed":18,"gold_gain":0,"player_choice":"Healed","damage_taken":0,"max_hp_gain":0,"max_hp_loss":0,"event_name":"The Cleric","floor":13,"gold_loss":35}],"is_beta":false,"boss_relics":[{"not_picked":["Fusion Hammer","Pandora\u0027s Box"],"picked":"SacredBark"}],"items_purged_floors":[],"is_endless":false,"potions_floor_spawned":[1,4,10,14,16],"ascension_level":20}}