{"host":"gj3450u0c4def4mj","time":1612651008,"event":{"mods":["2.2 Compatiblity","Act Like it!","BaseMod","Gensokyo","Koishi","Minty Spire (QoL Compilation)","StSLib"],"gold_per_floor":[214,214,214,33,53,81,81,81,81,98,114,124,124,157,157,259,259,273,105,0,15,15,46,68,113,152,164,201,229,276,299,311,421,433,458,283,307,333,345,357,399,411,450,487,499,538,550,49,49,49],"floor_reached":51,"language":"ENG","playtime":4038,"items_purged":["Clumsy","Koishi:BasicStrike"],"score":1401,"play_id":"07443ad1-a22f-46a3-adb1-ef3d969345bb","local_time":"20210206173648","is_ascension_mode":true,"campfire_choices":[{"floor":8,"key":"REST"},{"data":"Koishi:Untouchable","floor":13,"key":"SMITH"},{"data":"Koishi:TraumaticStroke","floor":15,"key":"SMITH"},{"data":"Koishi:MindStellarRelief","floor":27,"key":"SMITH"},{"data":"Koishi:ApparitionsStalkTheNight","floor":32,"key":"SMITH"},{"data":"Koishi:TerrifyingSpectre","floor":40,"key":"SMITH"},{"data":"Gensokyo:HAARP","floor":42,"key":"SMITH"},{"data":"Koishi:ConfinedInnocent","floor":49,"key":"SMITH"}],"circlet_count":0,"master_deck":["AscendersBane","Koishi:BasicStrike+1","Koishi:BasicDefend","Koishi:BasicDefend","Koishi:BasicDefend","Koishi:BasicDefend","Koishi:Provoke+1","Koishi:HauntingSlash","Koishi:StingingMind","Koishi:RacingHeart","Koishi:TraumaticStroke+1","Koishi:Untouchable+1","Koishi:SilentAndRestless+1","Koishi:StingingMind","Koishi:PhantomBarrier+1","Koishi:PhantomBarrier","Koishi:ConfinedInnocent+1","Koishi:VengefulSpirit","Koishi:PhantomBarrier","Koishi:TraumaticStroke","Koishi:MindStellarRelief+1","Koishi:YoukaiPolygraph","Koishi:JumpScare+1","Koishi:Whimsy+1","Koishi:ApparitionsStalkTheNight+1","Koishi:SpiritedAway+1","Koishi:UnconsciousUrges+1","Koishi:TerrifyingSpectre+1","Koishi:SpiritedAway+1","Gensokyo:HAARP+1","Koishi:FleetingPhantom+1","Koishi:FleetingPhantom+1","Koishi:SpiritedAway","Koishi:UnansweredLove","Koishi:RacingHeart"],"relics":["Koishi:ImaginaryFriend","Gensokyo:NagashiBinaDoll","Centennial Puzzle","Whetstone","White Beast Statue","Philosopher\u0027s Stone","MawBank","Strawberry","Akabeko","Bronze Scales","Pear","Coffee Dripper","Eternal Feather","Koishi:AHoleWhereASisterShouldBe","Shuriken","Darkstone Periapt","Bottled Lightning"],"acts_visited":["Gensokyo:Gensokyo","Gensokyo:Gensokyoer","Gensokyo:Gensokyoest"],"potions_floor_usage":[6,12,21,25,37,50,50],"damage_taken":[{"damage":11,"enemies":"Gensokyo:Gryphon","floor":1,"turns":5},{"damage":0,"enemies":"Gensokyo:Python","floor":5,"turns":2},{"damage":53,"enemies":"Gensokyo:Cirno","floor":6,"turns":8},{"damage":0,"enemies":"Gensokyo:3_Fairies","floor":10,"turns":5},{"damage":8,"enemies":"Gensokyo:Gryphon_and_Rabbit","floor":11,"turns":6},{"damage":0,"enemies":"Gensokyo:2_Rabbits","floor":12,"turns":5},{"damage":0,"enemies":"Gensokyo:Mamizou","floor":14,"turns":9},{"damage":3,"enemies":"Gensokyo:Yukari","floor":16,"turns":13},{"damage":4,"enemies":"Gensokyo:2_Gloops","floor":18,"turns":5},{"damage":7,"enemies":"Gensokyo:Chomper","floor":21,"turns":5},{"damage":22,"enemies":"Gensokyo:Tenshi","floor":23,"turns":8},{"damage":0,"enemies":"Gensokyo:Slime_Group","floor":24,"turns":5},{"damage":22,"enemies":"Gensokyo:Reisen","floor":25,"turns":7},{"damage":15,"enemies":"Gensokyo:Tenshi","floor":28,"turns":5},{"damage":30,"enemies":"Gensokyo:Swordslinger","floor":29,"turns":3},{"damage":0,"enemies":"Gensokyo:Koishi","floor":30,"turns":5},{"damage":10,"enemies":"Gensokyo:Mirror_and_Dog","floor":31,"turns":3},{"damage":17,"enemies":"Gensokyo:Eiki","floor":33,"turns":8},{"damage":0,"enemies":"Gensokyo:3_Bats","floor":35,"turns":3},{"damage":23,"enemies":"Gensokyo:3_Boulders","floor":37,"turns":4},{"damage":0,"enemies":"Gensokyo:AtlasGolem","floor":38,"turns":5},{"damage":38,"enemies":"Gensokyo:Doremy","floor":41,"turns":7},{"damage":0,"enemies":"Gensokyo:Marisa","floor":44,"turns":7},{"damage":22,"enemies":"Gensokyo:Doremy","floor":46,"turns":6},{"damage":0,"enemies":"Gensokyo:4_Bats","floor":47,"turns":1},{"damage":0,"enemies":"Gensokyo:Scarlet_Devils","floor":50,"turns":9}],"seed_played":"-7262890359031460964","potions_obtained":[{"floor":1,"key":"Regen Potion"},{"floor":6,"key":"FearPotion"},{"floor":16,"key":"Fruit Juice"},{"floor":18,"key":"CultistPotion"},{"floor":21,"key":"Energy Potion"},{"floor":24,"key":"Fruit Juice"},{"floor":25,"key":"LiquidBronze"},{"floor":29,"key":"SmokeBomb"},{"floor":37,"key":"EntropicBrew"}],"is_trial":false,"path_per_floor":["M","?","?","$","M","E","?","R","T","M","M","M","R","E","R","B",null,"M","$","?","M","?","E","M","E","T","R","E","M","E","M","R","B",null,"M","COS","M","M","?","R","E","R","T","E","?","E","M","$","R","B",null],"character_chosen":"KOISHI","items_purchased":["Koishi:RacingHeart","Koishi:TraumaticStroke","Koishi:Untouchable","Koishi:HeartfeltFancy","Koishi:PhantomBarrier","Koishi:UnansweredLove","Koishi:RacingHeart","Bottled Lightning","LiquidMemories"],"campfire_rested":1,"item_purchase_floors":[4,4,4,19,19,48,48,48,48],"current_hp_per_floor":[45,45,45,45,52,8,8,26,26,26,30,37,37,59,59,60,60,60,60,60,65,65,57,65,68,68,68,63,40,64,61,61,63,81,85,85,71,82,82,82,66,84,84,87,87,86,86,86,87,87],"gold":49,"neow_bonus":"HUNDRED_GOLD","is_daily":false,"chose_seed":false,"campfire_upgraded":7,"win_rate":0.0,"timestamp":1612651008,"path_taken":["M","?","?","$","?","E","?","R","T","M","M","M","R","E","R","BOSS","M","$","?","M","?","E","M","E","T","R","E","M","E","?","R","BOSS","M","COS","M","?","?","R","E","R","T","E","?","E","M","$","R","BOSS"],"items_purchased_type":["Card","Card","Card","Card","Card","Card","Card","Relic","Potion"],"build_version":"2020-12-22","purchased_purges":2,"victory":true,"max_hp_per_floor":[60,60,60,60,60,60,60,60,60,60,60,60,60,60,60,60,60,60,60,60,65,65,65,65,77,77,77,77,77,87,87,87,87,87,87,87,87,87,87,87,87,87,87,87,87,87,87,87,87,87],"card_choices":[{"not_picked":["Koishi:IdleWhim","Koishi:JumpScare"],"picked":"Koishi:StingingMind","floor":1},{"not_picked":["Koishi:EmbryosDream","Koishi:Jaunt"],"picked":"Koishi:SilentAndRestless","floor":5},{"not_picked":["Koishi:SubconsciousSweep","Koishi:Prune"],"picked":"Koishi:StingingMind","floor":6},{"not_picked":["Koishi:UnconsciousUprising","Koishi:UnansweredLove"],"picked":"Koishi:PhantomBarrier","floor":10},{"not_picked":["Koishi:PhantomStrike","Koishi:FleetingPhantom","Koishi:ParalyzingFear"],"picked":"SKIP","floor":11},{"not_picked":["Koishi:UnconsciousUprising","Koishi:Whimsy"],"picked":"Koishi:PhantomBarrier","floor":12},{"not_picked":["Koishi:RoseHell","Koishi:YoukaiPolygraph","Koishi:UnansweredLove"],"picked":"SKIP","floor":14},{"not_picked":["Koishi:ImGoingToCallYouNow","Koishi:MindStellarRelief"],"picked":"Koishi:ConfinedInnocent","floor":16},{"not_picked":["Koishi:BloodcurdlingScream","Koishi:DreadfulBlow"],"picked":"Koishi:VengefulSpirit","floor":18},{"not_picked":["Koishi:PhantomBarrier","Koishi:GeneticsOfTheUnconscious"],"picked":"Koishi:TraumaticStroke","floor":21},{"not_picked":["Koishi:Whimsy","Koishi:UnansweredLove"],"picked":"Koishi:YoukaiPolygraph","floor":23},{"not_picked":["Koishi:PhilosophyOfTheDespised","Koishi:EmbersOfLove"],"picked":"Koishi:JumpScare+1","floor":24},{"not_picked":["Koishi:RoseHell","Koishi:HeartAttack"],"picked":"Koishi:Whimsy+1","floor":25},{"not_picked":["Koishi:MassHysteria","Koishi:YoukaiPolygraph"],"picked":"Koishi:ApparitionsStalkTheNight","floor":28},{"not_picked":["Koishi:HeartAttack","Koishi:EmbryosDream"],"picked":"Koishi:SpiritedAway+1","floor":29},{"not_picked":["Koishi:StingingMind","Koishi:SubconsciousSweep"],"picked":"Koishi:UnconsciousUrges+1","floor":30},{"not_picked":["Koishi:Whimsy","Koishi:SpiritedAway"],"picked":"Koishi:BloodcurdlingScream+1","floor":31},{"not_picked":["Koishi:SuperEgo","Koishi:Heartbroken"],"picked":"Koishi:TerrifyingSpectre","floor":33},{"not_picked":["Koishi:StrangeCloudFist+1","Koishi:Jaunt"],"picked":"Koishi:SpiritedAway+1","floor":35},{"not_picked":["Koishi:Prune","Koishi:GeneticsOfTheUnconscious+1","Koishi:SubconsciousSweep"],"picked":"SKIP","floor":37},{"not_picked":["Koishi:SpiritedAway+1","Koishi:HeartfeltFancy","Koishi:SubconsciousSweep+1"],"picked":"SKIP","floor":38},{"not_picked":["Koishi:SubterraneanRose","Koishi:DreadfulBlow"],"picked":"Koishi:FleetingPhantom+1","floor":41},{"not_picked":["Koishi:Ego","Koishi:RorschachInDanmaku+1"],"picked":"Koishi:FleetingPhantom+1","floor":44},{"not_picked":["Koishi:TremblingHands","Koishi:Prune"],"picked":"Koishi:SpiritedAway","floor":46}],"player_experience":100211,"relics_obtained":[{"floor":6,"key":"Centennial Puzzle"},{"floor":9,"key":"Whetstone"},{"floor":14,"key":"White Beast Statue"},{"floor":23,"key":"MawBank"},{"floor":25,"key":"Strawberry"},{"floor":26,"key":"Akabeko"},{"floor":28,"key":"Bronze Scales"},{"floor":30,"key":"Pear"},{"floor":41,"key":"Eternal Feather"},{"floor":43,"key":"Koishi:AHoleWhereASisterShouldBe"},{"floor":44,"key":"Shuriken"},{"floor":46,"key":"Darkstone Periapt"}],"event_choices":[],"is_beta":false,"boss_relics":[{"not_picked":["SacredBark","Black Star"],"picked":"Philosopher\u0027s Stone"},{"not_picked":["Koishi:ColorfulDays","Sozu"],"picked":"Coffee Dripper"}],"items_purged_floors":[19,48],"is_endless":false,"potions_floor_spawned":[1,6,16,18,21,23,24,25,28,29,30,31,33,35,37,38,41,44,46,47],"ascension_level":11}}