{"host":"rtw1tnr74gozsrw1","time":1612570184,"event":{"mods":["BaseMod","Colored Map","Colored Powertips","Highlight Path","Infinite Spire","Minty Spire (QoL Compilation)","Replay The Spire","StSLib","The Jungle"],"gold_per_floor":[117,127,127,127,145,145,163,177,200,200,125,145,145,161,161,265,265],"floor_reached":16,"language":"ENG","playtime":409,"items_purged":["Strike_B"],"score":173,"play_id":"61e049ff-43df-4a8d-95f7-104615f82494","local_time":"20210206010944","is_ascension_mode":true,"campfire_choices":[{"data":"ReplayTheSpireMod:Calculation Training","floor":6,"key":"SMITH"},{"data":"Defragment","floor":10,"key":"SMITH"},{"data":"Redo","floor":13,"key":"SMITH"},{"floor":15,"key":"REST"}],"circlet_count":0,"master_deck":["Strike_B","Strike_B","Defend_B","Defend_B","Defend_B","Defend_B","Zap","Dualcast","Time Bomb","Cold Snap","ReplayTheSpireMod:Calculation Training+1","Panic Button","Defragment+1","Redo+1","Darkness"],"relics":["Cracked Core","NeowsBlessing","Pen Nib"],"acts_visited":["Exordium"],"potions_floor_usage":[12],"damage_taken":[{"damage":0,"enemies":"Cultist","floor":1,"turns":1},{"damage":0,"enemies":"Small Slimes","floor":2,"turns":1},{"damage":0,"enemies":"2 Louse","floor":5,"turns":1},{"damage":9,"enemies":"Looter","floor":7,"turns":4},{"damage":0,"enemies":"Large Slime","floor":8,"turns":4},{"damage":2,"enemies":"Lots of Slimes","floor":12,"turns":2},{"damage":14,"enemies":"Exordium Wildlife","floor":14,"turns":6},{"damage":39,"enemies":"Hexaghost","floor":16,"turns":8}],"seed_played":"-2319203720827502947","potions_obtained":[{"floor":1,"key":"Explosive Potion"},{"floor":5,"key":"FocusPotion"},{"floor":8,"key":"BlessingOfTheForge"},{"floor":12,"key":"SkillPotion"}],"is_trial":false,"path_per_floor":["M","M","?","?","M","R","M","M","T","R","$","M","R","M","R","B"],"character_chosen":"DEFECT","items_purchased":[],"campfire_rested":1,"item_purchase_floors":[],"current_hp_per_floor":[75,75,68,68,68,68,59,59,59,59,59,57,57,43,65,26,26],"gold":265,"neow_bonus":"THREE_ENEMY_KILL","is_daily":false,"chose_seed":false,"campfire_upgraded":3,"win_rate":0.0,"timestamp":1612570184,"path_taken":["M","?","?","?","M","R","M","M","T","R","$","M","R","?","R","BOSS"],"items_purchased_type":[],"build_version":"2020-12-22","purchased_purges":1,"victory":false,"max_hp_per_floor":[75,75,75,75,75,75,75,75,75,75,75,75,75,75,75,75,75],"card_choices":[{"not_picked":["Heatsinks","Gash"],"picked":"Time Bomb","floor":1},{"not_picked":["Stack","Coolheaded"],"picked":"Cold Snap","floor":2},{"not_picked":["Double Energy","Steam"],"picked":"ReplayTheSpireMod:Calculation Training","floor":5},{"not_picked":["Conserve Battery","Stack"],"picked":"Panic Button","floor":7},{"not_picked":["Redo","Undo"],"picked":"Defragment","floor":8},{"not_picked":["Genetic Algorithm","ReplaySort"],"picked":"Redo","floor":12},{"not_picked":["Go for the Eyes","Beam Cell"],"picked":"Darkness","floor":14}],"player_experience":112146,"relics_obtained":[{"floor":9,"key":"Pen Nib"}],"event_choices":[{"cards_removed":["Strike_B"],"damage_healed":0,"gold_gain":0,"player_choice":"Card Removal","damage_taken":7,"max_hp_gain":0,"max_hp_loss":0,"event_name":"Golden Wing","floor":3,"gold_loss":0},{"damage_healed":0,"gold_gain":0,"player_choice":"Bought 0 Potions","damage_taken":0,"max_hp_gain":0,"max_hp_loss":0,"event_name":"The Woman in Blue","floor":4,"gold_loss":0}],"is_beta":false,"boss_relics":[],"items_purged_floors":[11],"is_endless":false,"potions_floor_spawned":[1,5,8,12],"killed_by":"Hexaghost","ascension_level":4}}