{"host":"rv8qrr1d2i1l2m12","time":1612622656,"event":{"mods":["BaseMod","Colored Map","Minty Spire (QoL Compilation)","StSLib"],"gold_per_floor":[368,391,118,118,131,143,143,160,186,221,234,97,109,124,124,225,225,244,244,258,258,293,293,311,311,311,69,69,69,69,82,82,185,185,201,132,152,169,180,205,205,233,233,233,133,153,153,5,5,5],"floor_reached":51,"language":"ENG","playtime":2267,"items_purged":["Writhe","Decay"],"score":1075,"play_id":"5ec50f0d-edfc-44f1-abe3-f2126545a7f4","local_time":"20210206094416","is_ascension_mode":true,"campfire_choices":[{"data":"Immolate","floor":7,"key":"SMITH"},{"data":"Immolate","floor":15,"key":"SMITH"},{"data":"Double Tap","floor":23,"key":"SMITH"},{"floor":25,"key":"REST"},{"data":"Infernal Blade","floor":32,"key":"SMITH"},{"data":"Fire Breathing","floor":41,"key":"SMITH"},{"floor":44,"key":"REST"},{"floor":47,"key":"REST"},{"data":"Clothesline","floor":49,"key":"SMITH"}],"circlet_count":0,"master_deck":["Strike_R","Strike_R","Strike_R","Strike_R","Strike_R","Defend_R","Defend_R","Defend_R","Defend_R","Bash","Infernal Blade+1","Immolate+1","Dramatic Entrance+1","Intimidate","Thunderclap","Inflame","Clothesline+1","Iron Wave","Immolate+1","Demon Form","Intimidate","Double Tap+1","Fire Breathing+1","Cleave","Infernal Blade+1","Reaper"],"relics":["Burning Blood","Bronze Scales","Red Skull","Lizard Tail","Busted Crown","Anchor","Red Mask","Mercury Hourglass","ClockworkSouvenir","Philosopher\u0027s Stone","Potion Belt","Juzu Bracelet","Pen Nib","Nunchaku"],"acts_visited":["Exordium","TheCity","TheBeyond"],"potions_floor_usage":[14,16,22,33,33,33,40,50,50,50],"damage_taken":[{"damage":6,"enemies":"Cultist","floor":1,"turns":3},{"damage":7,"enemies":"Jaw Worm","floor":5,"turns":2},{"damage":0,"enemies":"Small Slimes","floor":6,"turns":1},{"damage":13,"enemies":"Blue Slaver","floor":8,"turns":2},{"damage":6,"enemies":"Gremlin Nob","floor":10,"turns":3},{"damage":7,"enemies":"Large Slime","floor":11,"turns":3},{"damage":11,"enemies":"Exordium Thugs","floor":13,"turns":3},{"damage":0,"enemies":"Red Slaver","floor":14,"turns":1},{"damage":0,"enemies":"Slime Boss","floor":16,"turns":4},{"damage":11,"enemies":"2 Thieves","floor":18,"turns":2},{"damage":8,"enemies":"Spheric Guardian","floor":20,"turns":3},{"damage":16,"enemies":"Masked Bandits","floor":22,"turns":3},{"damage":21,"enemies":"Snake Plant","floor":24,"turns":3},{"damage":0,"enemies":"3 Cultists","floor":31,"turns":1},{"damage":72,"enemies":"Collector","floor":33,"turns":7},{"damage":0,"enemies":"3 Darklings","floor":35,"turns":1},{"damage":5,"enemies":"Orb Walker","floor":37,"turns":3},{"damage":28,"enemies":"3 Darklings","floor":38,"turns":4},{"damage":8,"enemies":"Sphere and 2 Shapes","floor":39,"turns":2},{"damage":66,"enemies":"Giant Head","floor":40,"turns":7},{"damage":57,"enemies":"Nemesis","floor":42,"turns":7},{"damage":18,"enemies":"4 Shapes","floor":46,"turns":3},{"damage":101,"enemies":"Donu and Deca","floor":50,"turns":7}],"seed_played":"-8954683914457420017","potions_obtained":[{"floor":5,"key":"Swift Potion"},{"floor":11,"key":"Fire Potion"},{"floor":13,"key":"Weak Potion"},{"floor":14,"key":"SpeedPotion"},{"floor":20,"key":"Ancient Potion"},{"floor":22,"key":"Fruit Juice"},{"floor":30,"key":"DuplicationPotion"},{"floor":30,"key":"DuplicationPotion"},{"floor":38,"key":"Energy Potion"},{"floor":42,"key":"SpeedPotion"},{"floor":46,"key":"Swift Potion"}],"is_trial":false,"path_per_floor":["M","T","$","?","M","M","R","M","T","E","M","$","M","M","R","B",null,"M","$","M","?","?","R","M","R","T","$","?","$","?","M","R","B",null,"M","?","M","M","M","E","R","E","T","R","$","M","R","$","R","B",null],"character_chosen":"IRONCLAD","items_purchased":["Immolate","Dramatic Entrance","Intimidate","Immolate","ClockworkSouvenir","Cleave","FairyPotion","Weak Potion"],"campfire_rested":3,"item_purchase_floors":[3,3,3,12,27,27,48,48],"current_hp_per_floor":[72,72,72,72,71,72,72,65,65,65,64,64,59,65,65,71,72,67,67,65,65,60,60,45,68,68,68,68,68,68,74,74,8,60,66,66,71,49,47,75,75,33,33,56,56,44,67,67,67,13],"gold":5,"neow_bonus":"TWO_FIFTY_GOLD","is_daily":false,"chose_seed":false,"campfire_upgraded":6,"win_rate":0.0,"timestamp":1612622656,"path_taken":["M","?","$","?","M","M","R","?","T","E","?","$","M","M","R","BOSS","M","$","M","?","?","R","M","R","T","$","?","$","?","?","R","BOSS","M","?","M","?","M","E","R","E","T","R","?","M","R","$","R","BOSS"],"items_purchased_type":["Card","Card","Card","Card","Relic","Card","Potion","Potion"],"build_version":"2020-12-22","purchased_purges":2,"victory":true,"max_hp_per_floor":[72,72,72,72,72,72,72,72,72,72,72,72,72,72,72,72,72,72,72,72,72,77,77,77,77,77,77,77,77,77,77,77,77,77,77,77,77,77,77,77,77,77,77,77,77,77,77,77,77,77],"card_choices":[{"not_picked":["Anger","Sword Boomerang"],"picked":"Infernal Blade","floor":1},{"not_picked":["Headbutt","Fire Breathing"],"picked":"Thunderclap","floor":5},{"not_picked":["Intimidate","Entrench"],"picked":"Inflame","floor":6},{"not_picked":["Havoc","Searing Blow"],"picked":"Clothesline","floor":8},{"not_picked":["Evolve","Burning Pact","Headbutt"],"picked":"SKIP","floor":10},{"not_picked":["Battle Trance","Anger"],"picked":"Iron Wave","floor":11},{"not_picked":["Body Slam","Clash"],"picked":"Demon Form","floor":13},{"not_picked":["Combust","Warcry"],"picked":"Intimidate","floor":14},{"not_picked":["Reaper","Demon Form"],"picked":"Double Tap","floor":16},{"not_picked":["Sword Boomerang+1"],"picked":"SKIP","floor":18},{"not_picked":["Warcry"],"picked":"SKIP","floor":20},{"not_picked":[],"picked":"Fire Breathing","floor":24},{"not_picked":[],"picked":"Infernal Blade+1","floor":31},{"not_picked":[],"picked":"Reaper","floor":33},{"not_picked":["Flex"],"picked":"SKIP","floor":35},{"not_picked":["Disarm+1"],"picked":"SKIP","floor":37},{"not_picked":["Warcry+1"],"picked":"SKIP","floor":38},{"not_picked":["Flex"],"picked":"SKIP","floor":39},{"not_picked":["Thunderclap"],"picked":"SKIP","floor":40},{"not_picked":["Seeing Red"],"picked":"SKIP","floor":42},{"not_picked":["Havoc"],"picked":"SKIP","floor":46}],"player_experience":594545,"relics_obtained":[{"floor":2,"key":"Bronze Scales"},{"floor":9,"key":"Red Skull"},{"floor":10,"key":"Lizard Tail"},{"floor":22,"key":"Red Mask"},{"floor":26,"key":"Mercury Hourglass"},{"floor":40,"key":"Juzu Bracelet"},{"floor":42,"key":"Pen Nib"},{"floor":43,"key":"Nunchaku"}],"event_choices":[{"damage_healed":0,"gold_gain":0,"player_choice":"Upgraded","damage_taken":0,"max_hp_gain":0,"max_hp_loss":0,"event_name":"Upgrade Shrine","floor":4,"gold_loss":0,"cards_upgraded":["Dramatic Entrance"]},{"damage_healed":0,"gold_gain":0,"player_choice":"Opened","damage_taken":0,"relics_obtained":["Anchor"],"max_hp_gain":0,"max_hp_loss":0,"event_name":"The Mausoleum","floor":21,"gold_loss":0,"cards_obtained":["Writhe"]},{"damage_healed":0,"gold_gain":0,"player_choice":"Fought Bandits","damage_taken":0,"max_hp_gain":0,"max_hp_loss":0,"event_name":"Masked Bandits","floor":22,"gold_loss":0},{"damage_healed":0,"gold_gain":0,"player_choice":"Smashed Altar","damage_taken":0,"max_hp_gain":0,"max_hp_loss":0,"event_name":"Forgotten Altar","floor":28,"gold_loss":0,"cards_obtained":["Decay"]},{"damage_healed":0,"gold_gain":0,"player_choice":"Got Potions","damage_taken":0,"max_hp_gain":0,"max_hp_loss":0,"event_name":"Lab","floor":30,"gold_loss":0},{"damage_healed":0,"gold_gain":0,"player_choice":"Paid Gold","damage_taken":0,"relics_obtained":["Potion Belt"],"max_hp_gain":0,"max_hp_loss":0,"event_name":"WeMeetAgain","floor":36,"gold_loss":69}],"is_beta":false,"boss_relics":[{"not_picked":["Runic Cube","Ectoplasm"],"picked":"Busted Crown"},{"not_picked":["Coffee Dripper","Velvet Choker"],"picked":"Philosopher\u0027s Stone"}],"items_purged_floors":[27,45],"is_endless":false,"potions_floor_spawned":[5,11,13,14,20,22,31,38,42,46],"ascension_level":9}}