{"host":"2wp95sdfrgw3k439","time":1612589291,"event":{"mods":["BaseMod","Better Altar","Better Skull","Better Third Choice","Curses Come First","Minty Spire (QoL Compilation)","Permanent Neow","StSLib"],"gold_per_floor":[116,41,55,68,68,68,97,97,97,108,128,146,163,177,177,272,272,284,302,318,329,329,329],"floor_reached":22,"language":"ENG","playtime":933,"items_purged":["Strike_G"],"score":281,"play_id":"925295c8-f5a3-465f-81bb-6f1987ce022b","local_time":"20210205222811","is_ascension_mode":true,"campfire_choices":[{"data":"Bane","floor":6,"key":"SMITH"},{"data":"Caltrops","floor":8,"key":"SMITH"},{"floor":15,"key":"REST"}],"circlet_count":0,"master_deck":["Strike_G","Strike_G","Defend_G","Defend_G","Defend_G","Survivor","Neutralize","Masterful Stab+1","Envenom+1","Noxious Fumes+1","Bane+1","Caltrops+1","Blur","Dagger Spray","Corpse Explosion","Infinite Blades","After Image","Footwork","Adrenaline"],"relics":["Astrolabe","Bottled Lightning","Ninja Scroll","Philosopher\u0027s Stone"],"acts_visited":["Exordium","TheCity"],"potions_floor_usage":[7,11,14],"damage_taken":[{"damage":0,"enemies":"Cultist","floor":1,"turns":3},{"damage":0,"enemies":"2 Louse","floor":3,"turns":3},{"damage":2,"enemies":"Jaw Worm","floor":4,"turns":3},{"damage":6,"enemies":"3 Sentries","floor":7,"turns":6},{"damage":1,"enemies":"Blue Slaver","floor":10,"turns":2},{"damage":1,"enemies":"3 Louse","floor":11,"turns":2},{"damage":0,"enemies":"2 Fungi Beasts","floor":12,"turns":1},{"damage":7,"enemies":"Exordium Wildlife","floor":13,"turns":2},{"damage":8,"enemies":"Blue Slaver","floor":14,"turns":3},{"damage":12,"enemies":"Slime Boss","floor":16,"turns":8},{"damage":4,"enemies":"Chosen","floor":18,"turns":4},{"damage":14,"enemies":"Shell Parasite","floor":19,"turns":5},{"damage":18,"enemies":"Chosen and Byrds","floor":20,"turns":6},{"damage":18,"enemies":"Cultist and Chosen","floor":21,"turns":5},{"damage":12,"enemies":"Sentry and Sphere","floor":22,"turns":3}],"seed_played":"-671346959352437481","potions_obtained":[{"floor":1,"key":"SpeedPotion"},{"floor":10,"key":"Swift Potion"},{"floor":12,"key":"DuplicationPotion"}],"is_trial":false,"path_per_floor":["M","$","M","M","?","R","E","R","T","M","M","M","M","M","R","B",null,"M","M","M","M","M"],"character_chosen":"THE_SILENT","items_purchased":[],"campfire_rested":1,"item_purchase_floors":[],"current_hp_per_floor":[63,63,63,61,61,61,55,55,55,54,53,53,46,38,59,47,64,60,46,28,10,0,0],"gold":329,"neow_bonus":"BOSS_RELIC","is_daily":false,"chose_seed":false,"campfire_upgraded":2,"win_rate":0.0,"timestamp":1612589291,"path_taken":["M","?","M","M","?","R","E","R","T","M","M","M","?","M","R","BOSS","M","M","M","M","M"],"items_purchased_type":[],"build_version":"2020-12-22","purchased_purges":1,"victory":false,"max_hp_per_floor":[70,70,70,70,70,70,70,70,70,70,70,70,70,70,70,70,70,70,70,70,70,70,70],"card_choices":[{"not_picked":["Expertise","Prepared"],"picked":"Bane","floor":1},{"not_picked":["Tactician","Dagger Throw"],"picked":"Caltrops","floor":3},{"not_picked":["Quick Slash","Bane","Backflip"],"picked":"SKIP","floor":4},{"not_picked":["Dagger Throw","Tactician"],"picked":"Dagger Spray","floor":7},{"not_picked":["Deadly Poison","Poisoned Stab","PiercingWail"],"picked":"SKIP","floor":10},{"not_picked":["Poisoned Stab","Cloak And Dagger"],"picked":"Corpse Explosion","floor":11},{"not_picked":["Dodge and Roll","Quick Slash","Prepared"],"picked":"SKIP","floor":12},{"not_picked":["Outmaneuver","Poisoned Stab","Quick Slash"],"picked":"SKIP","floor":13},{"not_picked":["Slice","Die Die Die"],"picked":"Infinite Blades","floor":14},{"not_picked":["A Thousand Cuts","Doppelganger"],"picked":"After Image","floor":16},{"not_picked":["Sucker Punch","Dagger Throw","Bane"],"picked":"SKIP","floor":18},{"not_picked":["Sucker Punch","Flechettes"],"picked":"Footwork","floor":19},{"not_picked":["Deflect","Cloak And Dagger","PiercingWail"],"picked":"SKIP","floor":20},{"not_picked":["Flying Knee","Setup"],"picked":"Adrenaline","floor":21}],"player_experience":560619,"relics_obtained":[{"floor":7,"key":"Bottled Lightning"},{"floor":9,"key":"Ninja Scroll"}],"event_choices":[{"damage_healed":0,"gold_gain":0,"cards_transformed":["Defend_G"],"player_choice":"Transformed","damage_taken":0,"max_hp_gain":0,"max_hp_loss":0,"event_name":"Transmorgrifier","floor":5,"gold_loss":0,"cards_obtained":["Blur"]}],"is_beta":false,"boss_relics":[{"not_picked":["Coffee Dripper","SlaversCollar"],"picked":"Philosopher\u0027s Stone"}],"items_purged_floors":[2],"is_endless":false,"potions_floor_spawned":[1,10,12],"killed_by":"Sentry and Sphere","ascension_level":9}}