{"host":"bd3tl98ed0kk4173","time":1612649838,"event":{"mods":["Act Like it!","Aspiration","BaseMod","Better Altar","Better Match","Better Note","Better Sensory Stone","Better Skull","Better Third Choice","BetterRewards","CapriCore","Colored Map","Colored Powertips","Conspire","Ekko","Elementarium","Emptier Cage","Energized Spire","Fox Events","GifTheSpireLib","GungeonMod","Halation","HexUI Lib","Highlight Path","Hubris","Infinite Spire","JesterMod","Jorbs\u0027s Wanderer Trilogy","Koishi","Melee Mod","Minty Spire (QoL Compilation)","Permanent Neow","Quick Restart","Rare Cards Sparkle","Reliquary","Replay The Spire","Retaliation","SacredBarkPlus","Spicy Shops","Spire Arcade","StSLib","Stuff the Spire","The Animator","The Blue Laboratory","The Disciple","The Problem Sleuth","The Sage","The Valiant","??????REMEMod"],"gold_per_floor":[116,126,51,0,0,0,12,12,12,26,36,36,36,36,36,140,140,158,158,1,17,29,29,57,57,57,57,57,72,72,72,72,182,182,202,202,212,212,212,246,257,257,257,257,280,296,296,314,314,314,314,314],"floor_reached":53,"language":"ENG","playtime":3107,"items_purged":[],"score":665,"play_id":"1438f2bb-478c-4c4b-9204-b046eff8f2ab","local_time":"20210206171718","is_ascension_mode":false,"campfire_choices":[{"data":"ekkoTheBoyWhoShatteredTime:NashorsTooth","floor":6.0,"key":"SMITH"},{"floor":12.0,"key":"REST"},{"data":"ekkoTheBoyWhoShatteredTime:NeedlesslyLargeRod","floor":15.0,"key":"SMITH"},{"floor":23.0,"key":"REST"},{"data":"ekkoTheBoyWhoShatteredTime:NeedlesslyLargeRod","floor":27.0,"key":"SMITH"},{"floor":30.0,"key":"REST"},{"floor":32.0,"key":"REST"},{"floor":42.0,"key":"REST"},{"data":"StuffTheSpire:CelestialWarden","floor":44.0,"key":"SMITH"},{"data":"ekkoTheBoyWhoShatteredTime:Leap","floor":47.0,"key":"SMITH"},{"data":"ekkoTheBoyWhoShatteredTime:TrueDamageTendency","floor":49.0,"key":"SMITH"},{"floor":51.0,"key":"REST"}],"circlet_count":0,"master_deck":["ekkoTheBoyWhoShatteredTime:Strike+1","ekkoTheBoyWhoShatteredTime:Strike","ekkoTheBoyWhoShatteredTime:Strike","ekkoTheBoyWhoShatteredTime:Strike","ekkoTheBoyWhoShatteredTime:Strike","ekkoTheBoyWhoShatteredTime:Defend+1","ekkoTheBoyWhoShatteredTime:Defend","ekkoTheBoyWhoShatteredTime:Defend","ekkoTheBoyWhoShatteredTime:Defend","ekkoTheBoyWhoShatteredTime:TimeMaster+1","ekkoTheBoyWhoShatteredTime:Powered","ekkoTheBoyWhoShatteredTime:CalmingWaves","ekkoTheBoyWhoShatteredTime:NashorsTooth+1","ekkoTheBoyWhoShatteredTime:BansheesVeil","ekkoTheBoyWhoShatteredTime:BansheesVeil","ekkoTheBoyWhoShatteredTime:AfterimageTease","ekkoTheBoyWhoShatteredTime:NeedlesslyLargeRod+1","ekkoTheBoyWhoShatteredTime:Leap+1","ekkoTheBoyWhoShatteredTime:TrueDamageTendency+1","ekkoTheBoyWhoShatteredTime:FeelIt+1","ekkoTheBoyWhoShatteredTime:NashorsTooth+1","ekkoTheBoyWhoShatteredTime:NeedlesslyLargeRod+1","ekkoTheBoyWhoShatteredTime:GrandeFinale","ekkoTheBoyWhoShatteredTime:CommittedStrike+1","StuffTheSpire:CelestialWarden+1","ekkoTheBoyWhoShatteredTime:NaggingBlow","ekkoTheBoyWhoShatteredTime:FeelIt+1","Writhe","ekkoTheBoyWhoShatteredTime:LevelUp+1","ekkoTheBoyWhoShatteredTime:HailOfBlades+1"],"relics":["ekkoTheBoyWhoShatteredTime:zDriveSKT","REME_ComplimentaryCards","Centennial Puzzle","hubris:Icosahedron","Simple Rune","halation:PinkSoulGem","halation:PinkAlligatorPlush","halation:PromiseList","StuffTheSpire:EmeraldSignet","Elementarium:ElementariumTrophy","Orichalcum"],"acts_visited":["Exordium","Exordium","TheBeyond"],"potions_floor_usage":[52,52,52],"damage_taken":[{"damage":10.0,"enemies":"infinitespire:Voidling","floor":1.0,"turns":3.0},{"damage":0.0,"enemies":"Cultist","floor":2.0,"turns":5.0},{"damage":10.0,"enemies":"Small Slimes","floor":7.0,"turns":4.0},{"damage":7.0,"enemies":"Blue Slaver","floor":10.0,"turns":3.0},{"damage":16.0,"enemies":"Large Slime","floor":11.0,"turns":2.0},{"damage":28.0,"enemies":"The Guardian","floor":16.0,"turns":7.0},{"damage":33.0,"enemies":"Elementarium:2_ELEMENTALS","floor":18.0,"turns":5.0},{"damage":10.0,"enemies":"Elementarium:Cyclone","floor":21.0,"turns":4.0},{"damage":19.0,"enemies":"Elementarium:VOID_CORRUPTION_AND_ORB_OF_FIRE","floor":22.0,"turns":5.0},{"damage":30.0,"enemies":"Elementarium:WarGolem","floor":24.0,"turns":3.0},{"damage":8.0,"enemies":"Elementarium:RubyGolem","floor":29.0,"turns":4.0},{"damage":63.0,"enemies":"Elementarium:PHOENIXES","floor":33.0,"turns":7.0},{"damage":24.0,"enemies":"3 Darklings","floor":35.0,"turns":5.0},{"damage":14.0,"enemies":"3 Shapes","floor":37.0,"turns":4.0},{"damage":21.0,"enemies":"Sphere and 2 Shapes","floor":40.0,"turns":6.0},{"damage":6.0,"enemies":"Jaw Worm Horde","floor":41.0,"turns":3.0},{"damage":13.0,"enemies":"Spire Growth","floor":46.0,"turns":5.0},{"damage":2.0,"enemies":"Sphere and 2 Shapes","floor":48.0,"turns":1.0},{"damage":89,"enemies":"Awakened One","floor":52,"turns":6}],"seed_played":"1094358941371112226","potions_obtained":[{"floor":0.0,"key":"infinitespire:BlackPotion"},{"floor":0.0,"key":"Elixir"},{"floor":0.0,"key":"blueLaboratory:PhilterOfMotion"},{"floor":10.0,"key":"Toxic Potion"},{"floor":14.0,"key":"SkillPotion"},{"floor":14.0,"key":"LifebloodPotion"},{"floor":16.0,"key":"blueLaboratory:TrueEctoplasm"},{"floor":18.0,"key":"DemoMod:BlankPotion"},{"floor":21.0,"key":"blueLaboratory:FrostheartPotion"},{"floor":22.0,"key":"blueLaboratory:RememoryPotion"},{"floor":24.0,"key":"BlessingOfTheForge"},{"floor":35.0,"key":"blueLaboratory:BottledHope"},{"floor":40.0,"key":"Ancient Potion"},{"floor":41.0,"key":"blueLaboratory:LouseDecoction"}],"is_trial":false,"path_per_floor":["M","M","$","$","?","R","M","?","T","M","M","R","?","?","R","B",null,"M","?","$","M","M","R","E","$","T","R","?","M","R","$","R","B",null,"M","?","M","PTL","PTL","M","M","R","?","R","T","M","R","M","R","?","R","B",null],"character_chosen":"EKKO_THE_BOY_WHO_SHATTERED_TIME","items_purchased":["Centennial Puzzle","ekkoTheBoyWhoShatteredTime:BansheesVeil","REME_PuzzleBoxRelic"],"campfire_rested":6,"item_purchase_floors":[3,4,20],"current_hp_per_floor":[72,72,72,72,72,72,62,62,62,55,39,62,62,62,62,34,78,45,53,53,43,24,47,19,19,19,19,19,13,36,36,59,78,78,54,54,40,40,40,21,15,38,58,58,58,45,45,43,43,43,66,78],"gold":314,"neow_bonus":"THREE_SMALL_POTIONS","is_daily":false,"chose_seed":false,"campfire_upgraded":6,"win_rate":0.0,"timestamp":1612649838,"path_taken":["M","?","?","$","?","R","M","?","T","?","M","R","?","?","R","BOSS","M","?","$","M","M","R","E","?","T","R","?","M","R","$","R","BOSS","M","?","M","PTL","PTL","M","M","R","?","R","T","M","R","M","R","?","R","BOSS"],"items_purchased_type":["Relic","Card","Relic"],"build_version":"2020-12-22","purchased_purges":0,"victory":true,"max_hp_per_floor":[78,78,78,78,78,78,78,78,78,78,78,78,78,78,78,78,78,78,78,78,78,78,78,78,78,78,78,78,78,78,78,78,78,78,78,78,78,78,78,78,78,78,78,78,78,78,78,78,78,78,78,78],"card_choices":[{"not_picked":["ekkoTheBoyWhoShatteredTime:ZhonyasHourglass","ekkoTheBoyWhoShatteredTime:HauntingGuise"],"picked":"ekkoTheBoyWhoShatteredTime:CalmingWaves","floor":1.0},{"not_picked":["ekkoTheBoyWhoShatteredTime:WaitForKeyTiming","ekkoTheBoyWhoShatteredTime:CommittedStrike"],"picked":"ekkoTheBoyWhoShatteredTime:NashorsTooth","floor":2.0},{"not_picked":["ekkoTheBoyWhoShatteredTime:TimeRecall","ekkoTheBoyWhoShatteredTime:QuickBreak"],"picked":"ekkoTheBoyWhoShatteredTime:AfterimageTease","floor":7.0},{"not_picked":["ekkoTheBoyWhoShatteredTime:NaggingBlow","ekkoTheBoyWhoShatteredTime:SneakHit"],"picked":"ekkoTheBoyWhoShatteredTime:NeedlesslyLargeRod","floor":10.0},{"not_picked":["ekkoTheBoyWhoShatteredTime:NaggingBlow","ekkoTheBoyWhoShatteredTime:AfterimageSetup"],"picked":"ekkoTheBoyWhoShatteredTime:Leap","floor":11.0},{"not_picked":["ekkoTheBoyWhoShatteredTime:TimeIndustry","ekkoTheBoyWhoShatteredTime:ZhonyasHourglass"],"picked":"ekkoTheBoyWhoShatteredTime:TrueDamageTendency","floor":16.0},{"not_picked":["ekkoTheBoyWhoShatteredTime:AfterimageDualStroke+1","ekkoTheBoyWhoShatteredTime:FluidEnergy","ekkoTheBoyWhoShatteredTime:PlayTheBeat"],"picked":"SKIP","floor":18.0},{"not_picked":["ekkoTheBoyWhoShatteredTime:NaggingBlow","ekkoTheBoyWhoShatteredTime:AfterimageBait"],"picked":"ekkoTheBoyWhoShatteredTime:FeelIt+1","floor":21.0},{"not_picked":["ekkoTheBoyWhoShatteredTime:IcebornGauntlet","ekkoTheBoyWhoShatteredTime:IceBreak"],"picked":"ekkoTheBoyWhoShatteredTime:NashorsTooth+1","floor":22.0},{"not_picked":["ekkoTheBoyWhoShatteredTime:MicCheck","ekkoTheBoyWhoShatteredTime:Greed+1"],"picked":"ekkoTheBoyWhoShatteredTime:NeedlesslyLargeRod","floor":24.0},{"not_picked":["ekkoTheBoyWhoShatteredTime:FeelIt","ekkoTheBoyWhoShatteredTime:FeelLessPain","ekkoTheBoyWhoShatteredTime:SneakHit+1"],"picked":"SKIP","floor":29.0},{"not_picked":["ekkoTheBoyWhoShatteredTime:Discharge","ekkoTheBoyWhoShatteredTime:PulsefirePooling"],"picked":"ekkoTheBoyWhoShatteredTime:GrandeFinale","floor":33.0},{"not_picked":["ekkoTheBoyWhoShatteredTime:Leap+1","ekkoTheBoyWhoShatteredTime:KneeNSwordCombo+1"],"picked":"ekkoTheBoyWhoShatteredTime:CommittedStrike+1","floor":35.0},{"not_picked":["StuffTheSpire:Ambrosia","StuffTheSpire:Vigor"],"picked":"StuffTheSpire:CelestialWarden","floor":36.0},{"not_picked":["ekkoTheBoyWhoShatteredTime:NeedlesslyLargeRod","ekkoTheBoyWhoShatteredTime:AfterimageDualStroke"],"picked":"ekkoTheBoyWhoShatteredTime:NaggingBlow","floor":37.0},{"not_picked":["ekkoTheBoyWhoShatteredTime:Backtrack","ekkoTheBoyWhoShatteredTime:ItemsAfterimage","ekkoTheBoyWhoShatteredTime:NeedlesslyLargeRod"],"picked":"SKIP","floor":40.0},{"not_picked":["ekkoTheBoyWhoShatteredTime:TimeRecall+1","ekkoTheBoyWhoShatteredTime:Confident+1"],"picked":"ekkoTheBoyWhoShatteredTime:FeelIt+1","floor":41.0},{"not_picked":["ekkoTheBoyWhoShatteredTime:HauntedAfterimage","ekkoTheBoyWhoShatteredTime:QuickBreak+1"],"picked":"ekkoTheBoyWhoShatteredTime:LevelUp+1","floor":46.0},{"not_picked":["ekkoTheBoyWhoShatteredTime:TimeRecall","ekkoTheBoyWhoShatteredTime:PhaseDive"],"picked":"ekkoTheBoyWhoShatteredTime:HailOfBlades+1","floor":48.0}],"player_experience":93669,"relics_obtained":[{"floor":9.0,"key":"Simple Rune"},{"floor":24.0,"key":"halation:PromiseList"},{"floor":26.0,"key":"StuffTheSpire:EmeraldSignet"},{"floor":45.0,"key":"Orichalcum"}],"event_choices":[{"damage_healed":0.0,"max_hp_gain":0.0,"max_hp_loss":0.0,"gold_gain":0.0,"event_name":"Accursed Blacksmith","player_choice":"Forge","floor":8.0,"gold_loss":0.0,"damage_taken":0.0,"cards_upgraded":["ekkoTheBoyWhoShatteredTime:TimeMaster"]},{"damage_healed":0.0,"max_hp_gain":0.0,"max_hp_loss":0.0,"gold_gain":0.0,"event_name":"Lab","player_choice":"Got Potions","floor":14.0,"gold_loss":0.0,"damage_taken":0.0},{"damage_healed":20.0,"max_hp_gain":0.0,"max_hp_loss":0.0,"gold_gain":0.0,"event_name":"Winding Halls","player_choice":"Writhe","floor":43.0,"gold_loss":0.0,"damage_taken":0.0,"cards_obtained":["Writhe"]}],"is_beta":false,"boss_relics":[{"not_picked":["Painkiller Herb","Replay:Drink Me"],"picked":"halation:PinkAlligatorPlush"},{"not_picked":["hubris:Backtick","hubris:HollowSoul"],"picked":"ekkoTheBoyWhoShatteredTime:zDriveSKT"}],"items_purged_floors":[],"is_endless":false,"potions_floor_spawned":[1,10,16,18,21,22,24,35,40,41],"ascension_level":0}}