{"host":"k3d6qnel5hz5mlh4","time":1612633611,"event":{"mods":["AchievementEnabler","BaseMod","Better Note","Better Skull","Better Vampires","Bossed Relics","Card Forge","Displayed Cursed Tome","Downfall","Hero for Fun","Hyrulean Relics","Marked Mod","Mimic Mod","Minty Spire (QoL Compilation)","Permanent Neow","Small Relic Pack","StSLib","The Animator","The Death Knight","The Saiyan","The Wild Card","Wandering Minibosses"],"gold_per_floor":[99,115,26,26,26,54,86,113,213,213,13,13,28,48,65,168,168,168,188,188,205,221,232,232,232,76,351,386,386,386,237,255,367,379,391,434,446,468,196,230,230,230,249,263,39,56,81,131,145,145],"floor_reached":51,"language":"ENG","playtime":2889,"items_purged":[],"score":1103,"play_id":"f1b30230-f9cb-47a6-b94c-e174f5cc442b","local_time":"20210206184651","is_ascension_mode":false,"campfire_choices":[{"floor":1.0,"key":"RECALL"},{"floor":11.0,"key":"REST"},{"data":"sneckomod:Transmogrify","floor":35.0,"key":"SMITH"}],"circlet_count":0,"master_deck":["Saiyan:SenzuBean+1","Serious_Punch+1","Serious_Punch+1","Serious_Punch+1","Saiyan:SenzuBean+1"],"relics":["sneckomod:SneckoSoul","Hammer of Thor","Seething Fire","Anvil of the Gods","Thread and Needle","Juzu Bracelet","Happy Flower","relicPack:SpireResearchBook","relicPack:NeonSign","Whetstone","Anchor","Potion Belt","Regal Pillow","Pocketwatch","hexamod:CandleOfCauterizing","downfall:HeartBlessingRed","downfall:HeartBlessingGreen","relicPack:AllForOne","CeramicFish","MealTicket","Bag of Preparation","Coffee Dripper","War Paint","Vajra","Toy Ornithopter","Ancient Tea Set","sneckomod:LoadedDie","Tiny Chest","Orichalcum","Smiling Mask","Guardian:PocketSentry","MawBank","Pandora\u0027s Box","Dead Branch","Bag of Marbles","Omamori","Art of War","Membership Card","Pear","CaptainsWheel","PreservedInsect","DeathKnight:PutricidesVial","Oddly Smooth Stone","Centennial Puzzle","Bronze Scales","FossilizedHelix","Boot","Akabeko","Pen Nib","Ornamental Fan","Prayer Wheel","Strawberry","Blood Vial"],"acts_visited":["Exordium","TheCity","TheBeyond"],"potions_floor_usage":[50,50,50,50,50],"damage_taken":[{"damage":0.0,"enemies":"Cultist","floor":2.0,"turns":2.0},{"damage":0.0,"enemies":"downfall:FleeingMerchant","floor":3.0,"turns":3.0},{"damage":0.0,"enemies":"Gremlin Nob","floor":6.0,"turns":1.0},{"damage":0.0,"enemies":"Small Slimes","floor":7.0,"turns":3.0},{"damage":0.0,"enemies":"3 Sentries","floor":8.0,"turns":2.0},{"damage":0.0,"enemies":"Small Slimes","floor":13.0,"turns":2.0},{"damage":0.0,"enemies":"Jaw Worm","floor":14.0,"turns":2.0},{"damage":0.0,"enemies":"3 Louse","floor":15.0,"turns":2.0},{"damage":0.0,"enemies":"IC_STATUS_ARCHETYPE","floor":16.0,"turns":2.0},{"damage":0.0,"enemies":"Spheric Guardian","floor":19.0,"turns":2.0},{"damage":0.0,"enemies":"Shell Parasite","floor":21.0,"turns":2.0},{"damage":0.0,"enemies":"Cultist and Chosen","floor":22.0,"turns":2.0},{"damage":0.0,"enemies":"Centurion and Healer","floor":23.0,"turns":2.0},{"damage":0.0,"enemies":"Book of Stabbing","floor":28.0,"turns":2.0},{"damage":0.0,"enemies":"Chosen and Byrds","floor":32.0,"turns":2.0},{"damage":0.0,"enemies":"SI_MIRROR_ARCHETYPE","floor":33.0,"turns":2.0},{"damage":0.0,"enemies":"3 Darklings","floor":36.0,"turns":3.0},{"damage":0.0,"enemies":"3 Darklings","floor":38.0,"turns":2.0},{"damage":0,"enemies":"3 Shapes","floor":40,"turns":3},{"damage":0,"enemies":"3 Shapes","floor":43,"turns":2},{"damage":0,"enemies":"Jaw Worm Horde","floor":44,"turns":2},{"damage":0,"enemies":"Writhing Mass","floor":46,"turns":2},{"damage":0,"enemies":"Reptomancer","floor":47,"turns":2},{"damage":0,"enemies":"Reptomancer","floor":48,"turns":2},{"damage":0,"enemies":"Sphere and 2 Shapes","floor":49,"turns":3},{"damage":0,"enemies":"DF_ARCHETYPE_ORBS","floor":50,"turns":2}],"seed_played":"-6886404428144818924","potions_obtained":[{"floor":2.0,"key":"ColorlessPotion"},{"floor":6.0,"key":"Strength Potion"},{"floor":8.0,"key":"DeathKnight:RimePotion"},{"floor":15.0,"key":"Slimebound:ThreeZeroPotion"},{"floor":16.0,"key":"sneckomod:OffclassReductionPotion"},{"floor":21.0,"key":"PowerPotion"},{"floor":46,"key":"PowerPotion"}],"is_trial":false,"path_per_floor":["R","M","$","?","?","E","MIM","E","?","T","R","?","M","M","M","B",null,"R","M","?","M","M","M","T","R","$","?","E","?","R","$","M","B",null,"R","MIM","$","M","$","MIM","T","?","M","M","$","M","E","?","M","B",null],"character_chosen":"THE_SNECKO","items_purchased":["relicPack:SpireResearchBook","relicPack:NeonSign","Tiny Chest","Guardian:PocketSentry","Membership Card","Pear","FossilizedHelix","Boot"],"campfire_rested":1,"item_purchase_floors":[3,3,26,31,39,39,45,45],"current_hp_per_floor":[63,63,63,63,63,63,63,63,63,63,90,90,90,90,90,90,90,90,90,90,90,90,90,90,90,90,90,90,82,82,90,90,90,90,90,90,90,90,100,100,100,100,100,100,100,100,100,107,107,107],"gold":145,"neow_bonus":"ONE_RARE_RELIC","is_daily":false,"chose_seed":false,"campfire_upgraded":1,"win_rate":0.0,"timestamp":1612633611,"path_taken":["R","M","$","?","?","E","MIM","E","?","?","R","?","M","M","M","BOSS","R","M","?","M","M","M","T","R","$","?","E","?","R","$","M","BOSS","R","?","$","M","$","?","T","?","M","M","?","M","E","?","M","BOSS"],"items_purchased_type":["Relic","Relic","Relic","Relic","Relic","Relic","Relic","Relic"],"build_version":"2020-12-22","purchased_purges":0,"victory":true,"max_hp_per_floor":[90,90,90,90,90,90,90,90,90,90,90,90,90,90,90,90,90,90,90,90,90,90,90,90,90,90,90,90,90,90,90,90,90,90,90,90,90,90,100,100,100,100,100,100,100,100,100,107,107,107],"card_choices":[{"not_picked":["sneckomod:UnknownUncommonPower","sneckomod:UnknownCommonSkill"],"picked":"sneckomod:UnknownClassBLUE","floor":2.0},{"not_picked":["sneckomod:SnakeSap","sneckomod:UnknownClassTHE_UNNAMED","sneckomod:Rotation"],"picked":"SKIP","floor":3.0},{"not_picked":["sneckomod:Unknown1Cost","sneckomod:MorePower","sneckomod:UnknownUncommonPower"],"picked":"SKIP","floor":6.0},{"not_picked":["sneckomod:SoulDraw","sneckomod:SnakeSap","sneckomod:Memorize"],"picked":"SKIP","floor":8.0},{"not_picked":["sneckomod:DiceCrush","sneckomod:UnknownClassTHE_UNNAMED","sneckomod:CheapStock"],"picked":"SKIP","floor":13.0},{"not_picked":["sneckomod:UnknownBlock","sneckomod:UnknownStrength","sneckomod:SerpentIdol"],"picked":"SKIP","floor":14.0},{"not_picked":["sneckomod:MasterEye","sneckomod:DiceBlock","sneckomod:UnknownClassSAIYAN_CARD_COLOR"],"picked":"SKIP","floor":15.0},{"not_picked":["sneckomod:UnknownCommonAttack+1","sneckomod:UnknownStrength","sneckomod:QuickBite+1"],"picked":"SKIP","floor":19.0},{"not_picked":["sneckomod:UnknownCommonSkill","sneckomod:UnknownClassGREEN+1","sneckomod:SoulDraw"],"picked":"SKIP","floor":21.0},{"not_picked":["sneckomod:SoulCleanse","sneckomod:UnknownClassBLUE","sneckomod:Rotation"],"picked":"SKIP","floor":22.0},{"not_picked":["sneckomod:WideSting","sneckomod:Unknown1Cost+1","sneckomod:IronFang"],"picked":"SKIP","floor":23.0},{"not_picked":["sneckomod:UnknownUncommonAttack","sneckomod:MixItUp","sneckomod:UnknownUncommonPower"],"picked":"SKIP","floor":28.0},{"not_picked":["sneckomod:Unknown2Cost","sneckomod:UnknownUncommonAttack","sneckomod:UnknownClassTHE_CHAMP_GRAY"],"picked":"SKIP","floor":32.0},{"not_picked":["sneckomod:Mudshield","sneckomod:Cheat"],"picked":"sneckomod:Transmogrify","floor":33.0},{"not_picked":["sneckomod:UnknownClassGREEN+1","sneckomod:SerpentIdol+1","sneckomod:SoulCleanse"],"picked":"SKIP","floor":38.0},{"not_picked":["sneckomod:RainOfDice","sneckomod:SoulDraw+1","sneckomod:UnknownBlock"],"picked":"SKIP","floor":43},{"not_picked":["sneckomod:MixItUp+1","sneckomod:Nope+1","sneckomod:ImprovisedGuard+1"],"picked":"SKIP","floor":44},{"not_picked":["sneckomod:QuickBite+1","sneckomod:UnknownCommonSkill+1","sneckomod:SlitherStrike"],"picked":"SKIP","floor":46},{"not_picked":["sneckomod:SnakeSap+1","sneckomod:Memorize","sneckomod:MorePower"],"picked":"SKIP","floor":47},{"not_picked":["sneckomod:Nope","sneckomod:UnknownUncommonAttack+1","sneckomod:UnknownWeak+1"],"picked":"SKIP","floor":49},{"not_picked":["sneckomod:SoulRoll+1","sneckomod:DiceCrush+1","sneckomod:UnknownDexterity"],"picked":"SKIP","floor":49}],"player_experience":268680,"relics_obtained":[{"floor":2.0,"key":"Juzu Bracelet"},{"floor":3.0,"key":"Happy Flower"},{"floor":6.0,"key":"Whetstone"},{"floor":7.0,"key":"Anchor"},{"floor":7.0,"key":"Potion Belt"},{"floor":8.0,"key":"Regal Pillow"},{"floor":8.0,"key":"Pocketwatch"},{"floor":10.0,"key":"hexamod:CandleOfCauterizing"},{"floor":13.0,"key":"CeramicFish"},{"floor":14.0,"key":"MealTicket"},{"floor":15.0,"key":"Omamori"},{"floor":16.0,"key":"Bag of Preparation"},{"floor":19.0,"key":"War Paint"},{"floor":21.0,"key":"Vajra"},{"floor":22.0,"key":"Toy Ornithopter"},{"floor":23.0,"key":"Ancient Tea Set"},{"floor":24.0,"key":"sneckomod:LoadedDie"},{"floor":28.0,"key":"Orichalcum"},{"floor":28.0,"key":"Smiling Mask"},{"floor":32.0,"key":"PreservedInsect"},{"floor":33.0,"key":"MawBank"},{"floor":36.0,"key":"Dead Branch"},{"floor":36.0,"key":"Bag of Marbles"},{"floor":38.0,"key":"Omamori"},{"floor":38.0,"key":"Art of War"},{"floor":40,"key":"CaptainsWheel"},{"floor":40,"key":"PreservedInsect"},{"floor":40,"key":"DeathKnight:PutricidesVial"},{"floor":41,"key":"Oddly Smooth Stone"},{"floor":43,"key":"Centennial Puzzle"},{"floor":44,"key":"Bronze Scales"},{"floor":46,"key":"Akabeko"},{"floor":47,"key":"Pen Nib"},{"floor":47,"key":"Ornamental Fan"},{"floor":48,"key":"Prayer Wheel"},{"floor":48,"key":"Strawberry"},{"floor":49,"key":"Blood Vial"}],"event_choices":[{"damage_healed":0.0,"max_hp_gain":0.0,"max_hp_loss":0.0,"gold_gain":0.0,"event_name":"betterNote:BetterNote","player_choice":"Ignored","floor":20.0,"gold_loss":0.0,"damage_taken":0.0,"cards_obtained":["Serious_Punch"]},{"damage_healed":0.0,"max_hp_gain":0.0,"max_hp_loss":0.0,"gold_gain":0.0,"event_name":"Designer","player_choice":"Punched","floor":29.0,"gold_loss":0.0,"damage_taken":8.0},{"cards_removed":["Serious_Punch"],"damage_healed":0,"gold_gain":0,"player_choice":"Removed Attack","damage_taken":0,"max_hp_gain":0,"max_hp_loss":0,"event_name":"Falling","floor":42,"gold_loss":0}],"is_beta":false,"boss_relics":[{"not_picked":["relicPack:StarArrow","Runic Pyramid"],"picked":"Coffee Dripper"},{"not_picked":["SacredBark","Cursed Key"],"picked":"Pandora\u0027s Box"}],"items_purged_floors":[],"is_endless":false,"potions_floor_spawned":[2,6,8,15,16,21,22,23,28,38,46,48,49],"ascension_level":0}}