{"host":"0t49mrxx90xkfqmj","time":1612570201,"event":{"mods":["AchievementEnabler","BaseMod","Colored Map","Colored Powertips","Minty Spire (QoL Compilation)","Relic Stats","Synergy Search"],"gold_per_floor":[109,69,88,98,114,143,143,176,176,176,208,219,219,237,237,362,362,382,382,407,431,446,490,490,490,490],"floor_reached":25,"language":"ENG","playtime":2077,"items_purged":[],"score":284,"play_id":"9c8b8964-d5e5-4cf8-a5f9-2cbbff638f8f","local_time":"20210206021001","is_ascension_mode":true,"campfire_choices":[{"data":"Spot Weakness","floor":10,"key":"SMITH"},{"floor":15,"key":"REST"},{"floor":24,"key":"REST"}],"circlet_count":0,"master_deck":["Strike_R+1","Strike_R+1","Strike_R+1","Strike_R+1","Strike_R+1","Defend_R+1","Defend_R+1","Defend_R+1","Defend_R+1","Bash","Spot Weakness+1","Shrug It Off","Perfected Strike+1","Juggernaut","Wild Strike","Inflame","Rage","Injury","Barricade","CurseOfTheBell","Feel No Pain","Body Slam","Headbutt"],"relics":["SacredBark","Question Card","Bottled Flame","Blue Candle","Golden Idol","Calling Bell","Orichalcum","Mercury Hourglass","Ginger","Juzu Bracelet"],"acts_visited":["Exordium","TheCity"],"potions_floor_usage":[2,8,14,22,23,25],"damage_taken":[{"damage":7,"enemies":"2 Louse","floor":1,"turns":2},{"damage":5,"enemies":"Cultist","floor":3,"turns":4},{"damage":2,"enemies":"Small Slimes","floor":4,"turns":4},{"damage":6,"enemies":"Blue Slaver","floor":5,"turns":5},{"damage":30,"enemies":"3 Sentries","floor":6,"turns":8},{"damage":0,"enemies":"Gremlin Nob","floor":8,"turns":2},{"damage":15,"enemies":"Lagavulin","floor":11,"turns":5},{"damage":10,"enemies":"Looter","floor":12,"turns":3},{"damage":1,"enemies":"2 Fungi Beasts","floor":14,"turns":3},{"damage":27,"enemies":"Slime Boss","floor":16,"turns":10},{"damage":24,"enemies":"2 Thieves","floor":18,"turns":5},{"damage":10,"enemies":"Spheric Guardian","floor":20,"turns":5},{"damage":14,"enemies":"Centurion and Healer","floor":21,"turns":7},{"damage":29,"enemies":"Shelled Parasite and Fungi","floor":22,"turns":7},{"damage":41,"enemies":"Slavers","floor":23,"turns":5},{"damage":95,"enemies":"Gremlin Leader","floor":25,"turns":5}],"seed_played":"1276402252431752053","potions_obtained":[{"floor":1,"key":"Fruit Juice"},{"floor":2,"key":"LiquidMemories"},{"floor":2,"key":"FairyPotion"},{"floor":2,"key":"DistilledChaos"},{"floor":12,"key":"Weak Potion"},{"floor":16,"key":"BloodPotion"},{"floor":23,"key":"PowerPotion"}],"is_trial":false,"path_per_floor":["M","?","M","M","M","E","?","E","T","R","E","M","?","M","R","B",null,"M","?","M","M","M","E","R","E"],"character_chosen":"IRONCLAD","items_purchased":[],"campfire_rested":2,"item_purchase_floors":[],"current_hp_per_floor":[73,83,78,76,70,40,40,40,40,40,25,15,15,14,41,14,90,66,66,56,42,49,8,35,0,0],"gold":490,"neow_bonus":"BOSS_RELIC","is_daily":false,"chose_seed":false,"campfire_upgraded":1,"win_rate":0.0,"timestamp":1612570201,"path_taken":["M","?","?","M","M","E","?","E","T","R","E","?","?","M","R","BOSS","M","?","M","M","M","E","R","E"],"items_purchased_type":[],"build_version":"2020-12-22","purchased_purges":0,"victory":false,"max_hp_per_floor":[80,90,90,90,90,90,90,90,90,90,90,90,90,90,90,90,90,90,90,90,90,90,90,90,90,90],"relic_stats":{"counters":[16,80],"Golden Idol":55,"Blue Candle":[1],"Juzu Bracelet":0,"Ginger":[0],"Orichalcum":[36],"Question Card":11,"obtain_stats":[{"Calling Bell":17,"Bottled Flame":8,"Golden Idol":13,"SacredBark":0,"Blue Candle":11,"Juzu Bracelet":23,"Ginger":17,"Orichalcum":17,"Question Card":6,"Burning Blood":0,"Mercury Hourglass":17},{"Calling Bell":10,"Bottled Flame":6,"Golden Idol":8,"SacredBark":0,"Blue Candle":7,"Juzu Bracelet":15,"Ginger":10,"Orichalcum":10,"Question Card":5,"Burning Blood":0,"Mercury Hourglass":10},{"Calling Bell":46,"Bottled Flame":25,"Golden Idol":33,"SacredBark":0,"Blue Candle":30,"Juzu Bracelet":75,"Ginger":46,"Orichalcum":46,"Question Card":23,"Burning Blood":0,"Mercury Hourglass":46}],"Mercury Hourglass":[117]},"card_choices":[{"not_picked":["Flex","Seeing Red"],"picked":"Spot Weakness","floor":1},{"not_picked":["Sword Boomerang","Burning Pact","Carnage"],"picked":"SKIP","floor":3},{"not_picked":["Headbutt","Dropkick"],"picked":"Shrug It Off","floor":4},{"not_picked":["Cleave","Intimidate"],"picked":"Perfected Strike","floor":5},{"not_picked":["Pummel","Body Slam"],"picked":"Juggernaut","floor":6},{"not_picked":["Cleave","Fire Breathing","Warcry"],"picked":"Wild Strike","floor":8},{"not_picked":["Havoc","Cleave","Spot Weakness"],"picked":"Inflame","floor":11},{"not_picked":["Sword Boomerang","Burning Pact","Pummel"],"picked":"Rage","floor":12},{"not_picked":["Havoc","Rupture","Uppercut","Iron Wave"],"picked":"SKIP","floor":14},{"not_picked":["Offering","Impervious","Immolate"],"picked":"Barricade","floor":16},{"not_picked":["Havoc","Clash","Armaments","Sword Boomerang"],"picked":"SKIP","floor":18},{"not_picked":["Ghostly Armor+1","Sever Soul+1","Dropkick","Clash+1"],"picked":"SKIP","floor":20},{"not_picked":["Sword Boomerang","Carnage","Cleave"],"picked":"Feel No Pain","floor":21},{"not_picked":["Entrench+1","Second Wind","Reaper"],"picked":"Body Slam","floor":22},{"not_picked":["Bludgeon","Entrench","Dual Wield"],"picked":"Headbutt","floor":23}],"player_experience":189211,"relics_obtained":[{"floor":6,"key":"Question Card"},{"floor":8,"key":"Bottled Flame"},{"floor":11,"key":"Blue Candle"},{"floor":17,"key":"Orichalcum"},{"floor":17,"key":"Mercury Hourglass"},{"floor":17,"key":"Ginger"},{"floor":23,"key":"Juzu Bracelet"}],"event_choices":[{"damage_healed":0,"gold_gain":0,"player_choice":"Bought 3 Potions","damage_taken":0,"max_hp_gain":0,"max_hp_loss":0,"event_name":"The Woman in Blue","floor":2,"gold_loss":0},{"damage_healed":0,"gold_gain":0,"player_choice":"Upgraded","damage_taken":0,"max_hp_gain":0,"max_hp_loss":0,"event_name":"Upgrade Shrine","floor":7,"gold_loss":0,"cards_upgraded":["Perfected Strike"]},{"damage_healed":0,"gold_gain":0,"player_choice":"Take Wound","damage_taken":0,"relics_obtained":["Golden Idol"],"max_hp_gain":0,"max_hp_loss":0,"event_name":"Golden Idol","floor":13,"gold_loss":0,"cards_obtained":["Injury"]},{"damage_healed":0,"gold_gain":0,"player_choice":"Simplicity","damage_taken":0,"max_hp_gain":0,"max_hp_loss":0,"event_name":"Back to Basics","floor":19,"gold_loss":0,"cards_upgraded":["Strike_R","Strike_R","Strike_R","Strike_R","Strike_R","Defend_R","Defend_R","Defend_R","Defend_R"]}],"is_beta":false,"boss_relics":[{"not_picked":["Busted Crown","Philosopher\u0027s Stone"],"picked":"Calling Bell"}],"items_purged_floors":[],"is_endless":false,"potions_floor_spawned":[1,4,5,12,16,18,20,23],"killed_by":"Gremlin Leader","ascension_level":1}}