{"host":"0ssbae92yp6998o9","time":1612609678,"event":{"mods":["ATMod(°¢èªMod)","BaseMod","Marisa£¨ìFÓê¡¡Ä§ÀíÉ³£©","Minty Spire (QoL Compilation)","READ ME - Guardian Mod","Shop Mod","Spicy Shops","StSLib","Waifu the Spire"],"gold_per_floor":[109,109,34,34,57,98,173,239,239,318,9,19,19,60,60,185,185,223,223,243,312,75,229,244,278,310,49,94,19,19,19],"floor_reached":30,"language":"ZHT","playtime":1198,"items_purged":["Strike_MRS","Doubt"],"score":360,"play_id":"28047932-6808-4ab1-8139-9c2c4ad130e6","local_time":"20210206190758","is_ascension_mode":true,"campfire_choices":[{"data":"AT_FocusSwordFire","floor":15.0,"key":"SMITH"}],"circlet_count":0,"master_deck":["Strike_MRS","Strike_MRS","Defend_MRS","Defend_MRS","Defend_MRS","Defend_MRS","MasterSpark","UpSweep","AT_FocusSwordFire+1","GrandCross","Robbery","Singularity","6A","JA","ManaConvection+1","OpenUniverse","IllusionStar+1","Injury","PulseMagic","Acceleration+1","MachineGunSpark+1","FairyDestructionRay","ShootTheMoon","Ghostly","Ghostly","Ghostly","Ghostly","Ghostly"],"relics":["MiniHakkero","AT_ATBox","NeowsBlessing","CeramicFish","AT_RedTearstoneRing","InkBottle","AT_GreenNoBalance","Bag of Preparation","PreservedInsect","Oddly Smooth Stone","Cursed Key","Membership Card","AT_TheCollector","Orrery","Potion Belt","AT_ArchangelStaff","Medical Kit","Incense Burner"],"acts_visited":["Exordium","TheCity"],"potions_floor_usage":[],"damage_taken":[{"damage":0.0,"enemies":"Jaw Worm","floor":1.0,"turns":1.0},{"damage":0.0,"enemies":"Cultist","floor":5.0,"turns":1.0},{"damage":0.0,"enemies":"3 Sentries","floor":6.0,"turns":1.0},{"damage":20.0,"enemies":"Lagavulin","floor":8.0,"turns":6.0},{"damage":0.0,"enemies":"2 Louse","floor":12.0,"turns":3.0},{"damage":10.0,"enemies":"3 Sentries","floor":14.0,"turns":6.0},{"damage":19.0,"enemies":"The Guardian","floor":16.0,"turns":6.0},{"damage":6,"enemies":"3 Byrds","floor":18,"turns":4},{"damage":16,"enemies":"2 Thieves","floor":20,"turns":2},{"damage":20,"enemies":"Centurion and Healer","floor":21,"turns":3},{"damage":24,"enemies":"Book of Stabbing","floor":23,"turns":3},{"damage":26,"enemies":"Snecko","floor":24,"turns":4},{"damage":24,"enemies":"Shelled Parasite and Fungi","floor":25,"turns":3},{"damage":0,"enemies":"Cultist and Chosen","floor":30,"turns":1}],"seed_played":"-3762984661758292732","potions_obtained":[{"floor":2.0,"key":"BlessingOfTheForge"},{"floor":2.0,"key":"LiquidBronze"},{"floor":2.0,"key":"SkillPotion"},{"floor":14.0,"key":"Dexterity Potion"},{"floor":16.0,"key":"Swift Potion"},{"floor":25,"key":"Weak Potion"}],"is_trial":false,"path_per_floor":["M","?","$","?","M","E","?","E","T","?","$","M","?","E","R","B",null,"M","?","M","M","$","E","M","M","T","$","?","?","M"],"character_chosen":"MARISA","items_purchased":["Bag of Preparation","PreservedInsect","Membership Card","AT_TheCollector","Orrery","Medical Kit","Incense Burner","ShootTheMoon"],"campfire_rested":0,"item_purchase_floors":[11,11,22,22,22,27,27,27],"current_hp_per_floor":[75,75,75,72,72,72,61,41,41,41,41,37,42,30,30,21,80,34,34,24,20,20,16,14,16,16,16,16,16,16,16],"gold":19,"neow_bonus":"THREE_ENEMY_KILL","is_daily":false,"chose_seed":false,"campfire_upgraded":1,"win_rate":0.0,"timestamp":1612609678,"path_taken":["M","?","?","?","?","E","?","E","T","?","$","M","?","E","R","BOSS","M","?","M","M","$","E","M","?","T","$","?","?","M"],"items_purchased_type":["Relic","Relic","Relic","Relic","Relic","Relic","Relic","Card"],"build_version":"2020-12-22","purchased_purges":2,"victory":false,"max_hp_per_floor":[75,75,75,75,75,75,75,75,75,75,75,75,80,80,80,80,80,80,80,80,80,80,80,80,80,80,80,40,40,40,40],"card_choices":[{"not_picked":["DoubleSpark","EventHorizon"],"picked":"GrandCross","floor":1.0},{"not_picked":["ManaConvection","WitchLeyline"],"picked":"Robbery","floor":5.0},{"not_picked":["DarkSpark","LuminesStrike"],"picked":"Singularity","floor":6.0},{"not_picked":["IllusionStar","EnergyRecoil"],"picked":"6A","floor":8.0},{"not_picked":["EnergyRecoil","UnstableBomb","6A"],"picked":"SKIP","floor":12.0},{"not_picked":["IllusionStar","MysteriousBeam","6A"],"picked":"SKIP","floor":14.0},{"not_picked":["ManaRampage","MaximisePower"],"picked":"JA","floor":16.0},{"not_picked":["BlazeAway","MachineGunSpark+1"],"picked":"ManaConvection+1","floor":18},{"not_picked":["PowerUp","GalacticHalo"],"picked":"OpenUniverse","floor":20},{"not_picked":["EarthLightRay","6A"],"picked":"IllusionStar+1","floor":21},{"not_picked":["PowerUp","MachineGunSpark"],"picked":"PulseMagic","floor":22},{"not_picked":["MagicAbsorber","StarBarrage"],"picked":"Acceleration+1","floor":22},{"not_picked":["DC+1","MysteriousBeam"],"picked":"MachineGunSpark+1","floor":22},{"not_picked":["Acceleration","BlazeAway"],"picked":"FairyDestructionRay","floor":22},{"not_picked":["WitchLeyline","WitchOfGreed","GrandCross"],"picked":"SKIP","floor":23},{"not_picked":["SporeBomb","GrandCross","ShootingEcho"],"picked":"SKIP","floor":24},{"not_picked":["GalacticHalo","MaximisePower","LuminesStrike"],"picked":"SKIP","floor":25}],"player_experience":249171,"relics_obtained":[{"floor":6.0,"key":"AT_RedTearstoneRing"},{"floor":8.0,"key":"InkBottle"},{"floor":9.0,"key":"AT_SilverBalance"},{"floor":14.0,"key":"Oddly Smooth Stone"},{"floor":23,"key":"Potion Belt"},{"floor":26,"key":"AT_ArchangelStaff"}],"event_choices":[{"damage_healed":0.0,"max_hp_gain":0.0,"max_hp_loss":0.0,"gold_gain":0.0,"event_name":"Lab","player_choice":"Got Potions","floor":2.0,"gold_loss":0.0,"damage_taken":0.0},{"damage_healed":0.0,"max_hp_gain":0.0,"max_hp_loss":0.0,"gold_gain":0.0,"event_name":"Scrap Ooze","player_choice":"Success","floor":4.0,"gold_loss":0.0,"damage_taken":3.0,"relics_obtained":["CeramicFish"]},{"damage_healed":0.0,"max_hp_gain":0.0,"max_hp_loss":0.0,"gold_gain":75.0,"event_name":"World of Goop","player_choice":"Gather Gold","floor":7.0,"gold_loss":0.0,"damage_taken":11.0},{"damage_healed":0.0,"max_hp_gain":0.0,"max_hp_loss":0.0,"gold_gain":79.0,"event_name":"Golden Wing","player_choice":"Gained Gold","floor":10.0,"gold_loss":0.0,"damage_taken":0.0},{"damage_healed":0.0,"max_hp_gain":5.0,"max_hp_loss":0.0,"gold_gain":0.0,"event_name":"Big Fish","player_choice":"Donut","floor":13.0,"gold_loss":0.0,"damage_taken":0.0},{"damage_healed":0,"gold_gain":0,"player_choice":"Bought 0 Potions","damage_taken":0,"max_hp_gain":0,"max_hp_loss":0,"event_name":"The Woman in Blue","floor":19,"gold_loss":0},{"damage_healed":0,"gold_gain":0,"player_choice":"Became a Ghost","damage_taken":0,"max_hp_gain":0,"max_hp_loss":40,"event_name":"Ghosts","floor":28,"gold_loss":0,"cards_obtained":["Ghostly","Ghostly","Ghostly","Ghostly","Ghostly"]},{"cards_removed":["Strike_MRS"],"damage_healed":0,"gold_gain":0,"player_choice":"Gave Gold","damage_taken":0,"max_hp_gain":0,"max_hp_loss":0,"event_name":"Beggar","floor":29,"gold_loss":75}],"is_beta":false,"boss_relics":[{"not_picked":["Tiny House","Ectoplasm"],"picked":"Cursed Key"}],"items_purged_floors":[3,27],"is_endless":false,"potions_floor_spawned":[5,6,14,16,21,25],"killed_by":"Cultist and Chosen","ascension_level":3}}