{"host":"b7j598ve05halrwk","time":1612596994,"event":{"mods":["2.2 Compatiblity","BaseMod","Block Reminder","DeckTracker","Minty Spire (QoL Compilation)","Relic Stats","Slay the Relics Exporter","StSLib","ojb\u0027s Better Paths Mod","ojb\u0027s Info Mod"],"gold_per_floor":[112,128,128,148,166,196,207,238,261,291,291,291,311,276,276,276,276],"floor_reached":16,"language":"ENG","playtime":722,"items_purged":[],"score":244,"play_id":"f8222ee6-9b7d-4784-b062-f42e417bc1b3","local_time":"20210206023634","is_ascension_mode":true,"campfire_choices":[{"floor":11,"key":"REST"},{"data":"Go for the Eyes","floor":15,"key":"SMITH"}],"circlet_count":0,"master_deck":["AscendersBane","Strike_B+1","Strike_B","Strike_B","Strike_B","Defend_B","Defend_B","Defend_B","Defend_B","Zap+1","Dualcast","Rebound","Static Discharge","Reinforced Body","Go for the Eyes+1","Ball Lightning","Aggregate","Capacitor","Cold Snap","BootSequence"],"relics":["Cracked Core","NeowsBlessing","Gremlin Horn","Orichalcum","Ancient Tea Set","Bag of Preparation"],"acts_visited":["Exordium"],"potions_floor_usage":[13],"damage_taken":[{"damage":0.0,"enemies":"Jaw Worm","floor":1.0,"turns":1.0},{"damage":0.0,"enemies":"2 Louse","floor":2.0,"turns":1.0},{"damage":0.0,"enemies":"Cultist","floor":4.0,"turns":1.0},{"damage":2.0,"enemies":"2 Fungi Beasts","floor":5.0,"turns":4.0},{"damage":33.0,"enemies":"3 Sentries","floor":6.0,"turns":7.0},{"damage":0.0,"enemies":"Large Slime","floor":7.0,"turns":4.0},{"damage":11.0,"enemies":"Lagavulin","floor":8.0,"turns":7.0},{"damage":18,"enemies":"3 Sentries","floor":10,"turns":5},{"damage":0,"enemies":"3 Louse","floor":13,"turns":2},{"damage":25,"enemies":"Slime Boss","floor":16,"turns":7}],"seed_played":"569494437761506250","potions_obtained":[{"floor":4.0,"key":"SpeedPotion"},{"floor":5.0,"key":"SteroidPotion"},{"floor":13,"key":"PotionOfCapacity"}],"is_trial":false,"path_per_floor":["M","M","?","M","M","E","M","E","T","E","R","?","M","?","R","B"],"character_chosen":"DEFECT","items_purchased":[],"campfire_rested":1,"item_purchase_floors":[],"current_hp_per_floor":[64,64,69,69,67,34,34,23,23,5,27,4,4,23,23,0,0],"gold":276,"neow_bonus":"THREE_ENEMY_KILL","is_daily":false,"chose_seed":false,"campfire_upgraded":1,"win_rate":0.0,"timestamp":1612596994,"path_taken":["M","M","?","M","M","E","M","E","T","E","R","?","M","?","R","BOSS"],"items_purchased_type":[],"build_version":"2020-12-22","purchased_purges":0,"victory":false,"max_hp_per_floor":[71,71,76,76,76,76,76,76,76,76,76,76,76,76,76,76,76],"relic_stats":{"Gremlin Horn":[5,5],"counters":[10,39],"Bag of Preparation":[4],"Orichalcum":[48],"obtain_stats":[{"NeowsBlessing":0,"Gremlin Horn":6,"Bag of Preparation":10,"Orichalcum":8,"Cracked Core":0,"Ancient Tea Set":9},{"NeowsBlessing":0,"Gremlin Horn":5,"Bag of Preparation":8,"Orichalcum":7,"Cracked Core":0,"Ancient Tea Set":7},{"NeowsBlessing":0,"Gremlin Horn":14,"Bag of Preparation":30,"Orichalcum":25,"Cracked Core":0,"Ancient Tea Set":25}]},"card_choices":[{"not_picked":["Beam Cell","Leap"],"picked":"Rebound","floor":1.0},{"not_picked":["Steam Power","Hologram"],"picked":"Static Discharge","floor":2.0},{"not_picked":["Amplify","Gash"],"picked":"Reinforced Body","floor":4.0},{"not_picked":["Conserve Battery","Steam"],"picked":"Go for the Eyes","floor":5.0},{"not_picked":["Recycle","FTL"],"picked":"Ball Lightning","floor":6.0},{"not_picked":["Streamline","Stack"],"picked":"Aggregate","floor":7.0},{"not_picked":["Sweeping Beam","Hologram"],"picked":"Capacitor","floor":8.0},{"not_picked":["Machine Learning","Ball Lightning"],"picked":"Cold Snap","floor":10},{"not_picked":["Coolheaded","FTL"],"picked":"BootSequence","floor":13}],"player_experience":1111715,"relics_obtained":[{"floor":6.0,"key":"Gremlin Horn"},{"floor":8.0,"key":"Orichalcum"},{"floor":9.0,"key":"Ancient Tea Set"},{"floor":10,"key":"Bag of Preparation"}],"event_choices":[{"damage_healed":0.0,"max_hp_gain":5.0,"max_hp_loss":0.0,"gold_gain":0.0,"event_name":"Big Fish","player_choice":"Donut","floor":3.0,"gold_loss":0.0,"damage_taken":0.0},{"damage_healed":0,"gold_gain":0,"player_choice":"Entered Light","damage_taken":23,"max_hp_gain":0,"max_hp_loss":0,"event_name":"Shining Light","floor":12,"gold_loss":0,"cards_upgraded":["Zap","Strike_B"]},{"damage_healed":19,"gold_gain":0,"player_choice":"Healed","damage_taken":0,"max_hp_gain":0,"max_hp_loss":0,"event_name":"The Cleric","floor":14,"gold_loss":35}],"is_beta":false,"boss_relics":[],"items_purged_floors":[],"is_endless":false,"potions_floor_spawned":[4,5,6,7,13],"killed_by":"Slime Boss","ascension_level":20}}