{"host":"gfxjwtol062e9znw","time":1612651844,"event":{"mods":["BaseMod","Colored Map","Minty Spire (QoL Compilation)","Rare Cards Sparkle"],"gold_per_floor":[117,129,129,54,54,95,95,95,120,154,177,177,197,216,216,346,346,371,136,151,101,101,101],"floor_reached":22,"language":"ENG","playtime":926,"items_purged":["Strike_G","Defend_G"],"score":318,"play_id":"c97c599e-21b5-497e-b189-74e248b0bb91","local_time":"20210207095044","is_ascension_mode":true,"campfire_choices":[{"floor":8,"key":"REST"},{"floor":12,"key":"REST"},{"data":"Catalyst","floor":15,"key":"SMITH"}],"circlet_count":0,"master_deck":["Strike_G","Strike_G","Strike_G","Strike_G","Defend_G","Defend_G","Defend_G","Defend_G","Survivor","Neutralize+1","Blade Dance","Crippling Poison","Acrobatics","Dodge and Roll","Catalyst+1","Terror","Backflip","Burst","Footwork"],"relics":["Ring of the Snake","NeowsBlessing","Golden Idol","Snake Skull","Letter Opener","PreservedInsect","Boot","Snecko Eye"],"acts_visited":["Exordium","TheCity"],"potions_floor_usage":[16,19,20,20,22],"damage_taken":[{"damage":0,"enemies":"Jaw Worm","floor":1,"turns":1},{"damage":0,"enemies":"Small Slimes","floor":2,"turns":1},{"damage":0,"enemies":"3 Sentries","floor":6,"turns":1},{"damage":14,"enemies":"Gremlin Nob","floor":10,"turns":4},{"damage":0,"enemies":"Cultist","floor":11,"turns":3},{"damage":4,"enemies":"Blue Slaver","floor":13,"turns":4},{"damage":0,"enemies":"2 Fungi Beasts","floor":14,"turns":3},{"damage":1,"enemies":"The Guardian","floor":16,"turns":8},{"damage":0,"enemies":"Shell Parasite","floor":18,"turns":3},{"damage":66,"enemies":"Spheric Guardian","floor":20,"turns":11},{"damage":13,"enemies":"Centurion and Healer","floor":22,"turns":1}],"seed_played":"1051026891229122184","potions_obtained":[{"floor":10,"key":"Poison Potion"},{"floor":11,"key":"Swift Potion"},{"floor":14,"key":"ColorlessPotion"},{"floor":16,"key":"SkillPotion"},{"floor":20,"key":"Strength Potion"}],"is_trial":false,"path_per_floor":["M","M","?","$","?","E","?","R","T","E","M","R","M","M","R","B",null,"M","$","M","?","M"],"character_chosen":"THE_SILENT","items_purchased":["Footwork","Fruit Juice"],"campfire_rested":2,"item_purchase_floors":[19,19],"current_hp_per_floor":[63,63,63,63,46,46,39,60,60,46,46,67,63,63,63,62,68,68,73,7,7,0,0],"gold":101,"neow_bonus":"THREE_ENEMY_KILL","is_daily":false,"chose_seed":false,"campfire_upgraded":1,"win_rate":0.0,"timestamp":1612651844,"path_taken":["M","M","?","$","?","E","?","R","T","E","M","R","M","M","R","BOSS","M","$","M","?","?"],"items_purchased_type":["Card","Potion"],"build_version":"2020-12-22","purchased_purges":2,"victory":false,"max_hp_per_floor":[70,70,70,70,70,70,70,70,70,70,70,70,70,70,70,70,70,70,75,75,75,75,75],"card_choices":[{"not_picked":["Backflip","Outmaneuver"],"picked":"Blade Dance","floor":1},{"not_picked":["Riddle With Holes","Outmaneuver"],"picked":"Crippling Poison","floor":2},{"not_picked":["Slice","Dagger Throw"],"picked":"Acrobatics","floor":6},{"not_picked":["Caltrops","Finisher"],"picked":"Dodge and Roll","floor":10},{"not_picked":["Slice","Grand Finale"],"picked":"Catalyst","floor":11},{"not_picked":["Dodge and Roll","Flying Knee"],"picked":"Terror","floor":13},{"not_picked":["Deadly Poison","PiercingWail"],"picked":"Backflip","floor":14},{"not_picked":["Tools of the Trade","Unload"],"picked":"Burst","floor":16},{"not_picked":["Acrobatics+1","Deflect+1","Slice+1"],"picked":"SKIP","floor":18},{"not_picked":["Flying Knee+1","Acrobatics","Outmaneuver"],"picked":"SKIP","floor":20}],"player_experience":116229,"relics_obtained":[{"floor":6,"key":"Snake Skull"},{"floor":9,"key":"PreservedInsect"},{"floor":10,"key":"Boot"}],"event_choices":[{"damage_healed":0,"gold_gain":0,"player_choice":"Grow","damage_taken":0,"max_hp_gain":0,"max_hp_loss":0,"event_name":"Living Wall","floor":3,"gold_loss":0,"cards_upgraded":["Neutralize"]},{"damage_healed":0,"gold_gain":0,"player_choice":"Take Damage","damage_taken":17,"relics_obtained":["Golden Idol"],"max_hp_gain":0,"max_hp_loss":0,"event_name":"Golden Idol","floor":5,"gold_loss":0},{"damage_healed":0,"gold_gain":0,"player_choice":"Success","damage_taken":7,"relics_obtained":["Letter Opener"],"max_hp_gain":0,"max_hp_loss":0,"event_name":"Scrap Ooze","floor":7,"gold_loss":0},{"damage_healed":0,"gold_gain":0,"player_choice":"Bet on Murderer","damage_taken":0,"max_hp_gain":0,"max_hp_loss":0,"event_name":"The Joust","floor":21,"gold_loss":50}],"is_beta":false,"boss_relics":[{"not_picked":["Busted Crown","Ectoplasm"],"picked":"Snecko Eye"}],"items_purged_floors":[4,19],"is_endless":false,"potions_floor_spawned":[10,11,14,16,20],"killed_by":"Centurion and Healer","ascension_level":9}}