{"host":"rolltorest","time":1612654091,"event":{"mods":["BaseMod","Minty Spire (QoL Compilation)","Relic Stats","Slay the Relics Exporter","StSLib"],"gold_per_floor":[113,188,188,207,207,235,235,269,294,31,45,45,61,61,61,138,138,152,67,67,79,79,113,113,113,113,24,41,41,141,141,141],"floor_reached":31,"language":"ENG","playtime":796,"items_purged":["Strike_B","Strike_B"],"score":568,"play_id":"9e5b5a7b-5f6a-46af-b938-0cfbbb3af7f0","local_time":"20210206152811","is_ascension_mode":true,"campfire_choices":[{"data":"Barrage","floor":7,"key":"SMITH"},{"data":"Seek","floor":15,"key":"SMITH"},{"floor":24,"key":"REST"},{"data":"Defragment","floor":29,"key":"SMITH"}],"circlet_count":0,"master_deck":["AscendersBane","Strike_B","Defend_B","Defend_B+1","Defend_B","Defend_B+1","Zap","Dualcast","Barrage+1","Darkness","Force Field","Self Repair","Barrage","Doom and Gloom","Seek","Seek+1","Ball Lightning","Creative AI","Reinforced Body","Compile Driver","Sunder","Ghostly","Ghostly","Ghostly","Defragment+1"],"relics":["Cracked Core","NeowsBlessing","FaceOfCleric","Toy Ornithopter","War Paint","Smiling Mask","Orrery","Runic Dome","PreservedInsect","Bronze Scales","Meat on the Bone","Pocketwatch","Symbiotic Virus"],"acts_visited":["Exordium","TheCity"],"potions_floor_usage":[8,18,23,30],"damage_taken":[{"damage":0,"enemies":"2 Louse","floor":1,"turns":1},{"damage":0,"enemies":"Jaw Worm","floor":4,"turns":1},{"damage":0,"enemies":"Lagavulin","floor":6,"turns":1},{"damage":30,"enemies":"3 Sentries","floor":8,"turns":7},{"damage":0,"enemies":"Cultist","floor":11,"turns":3},{"damage":12,"enemies":"2 Fungi Beasts","floor":13,"turns":3},{"damage":41,"enemies":"Hexaghost","floor":16,"turns":9},{"damage":20,"enemies":"3 Byrds","floor":18,"turns":5},{"damage":37,"enemies":"2 Thieves","floor":21,"turns":4},{"damage":31,"enemies":"Slavers","floor":23,"turns":5},{"damage":19,"enemies":"3 Cultists","floor":28,"turns":6},{"damage":22,"enemies":"Colosseum Slavers","floor":30,"turns":4},{"damage":3,"enemies":"Colosseum Nobs","floor":30,"turns":4},{"damage":30,"enemies":"Book of Stabbing","floor":31,"turns":3}],"seed_played":"1168769247588791576","potions_obtained":[{"floor":4,"key":"Explosive Potion"},{"floor":6,"key":"FearPotion"},{"floor":16,"key":"GamblersBrew"},{"floor":18,"key":"Swift Potion"},{"floor":28,"key":"Strength Potion"}],"is_trial":false,"path_per_floor":["M","?","?","M","?","E","R","E","T","$","M","$","M","?","R","B",null,"M","?","?","M","?","E","R","?","T","$","M","R","?","E"],"character_chosen":"DEFECT","items_purchased":["Doom and Gloom","Orrery","Defragment"],"campfire_rested":1,"item_purchase_floors":[10,10,27],"current_hp_per_floor":[64,53,53,54,54,55,55,38,38,38,46,46,35,60,60,27,65,58,58,58,29,29,4,28,28,28,28,29,29,30,0,0],"gold":141,"neow_bonus":"THREE_ENEMY_KILL","is_daily":false,"chose_seed":false,"campfire_upgraded":3,"win_rate":0.0,"timestamp":1612654091,"path_taken":["M","?","?","?","?","E","R","E","T","$","?","$","M","?","R","BOSS","M","?","?","M","?","E","R","?","T","$","M","R","?","E"],"items_purchased_type":["Card","Relic","Card"],"build_version":"2020-12-18","purchased_purges":2,"victory":false,"max_hp_per_floor":[71,71,71,72,72,73,73,74,74,74,75,75,76,76,76,77,77,78,78,78,79,79,80,80,40,40,40,41,41,43,43,43],"relic_stats":{"FaceOfCleric":12,"counters":[14,56],"Bronze Scales":[72],"PreservedInsect":123,"War Paint":["Defend_B","Defend_B"],"Smiling Mask":75,"obtain_stats":[{"NeowsBlessing":0,"PreservedInsect":19,"War Paint":8,"Smiling Mask":9,"Runic Dome":17,"FaceOfCleric":3,"Bronze Scales":23,"Orrery":10,"Cracked Core":0,"Symbiotic Virus":30,"Toy Ornithopter":6,"Meat on the Bone":26,"Pocketwatch":30},{"NeowsBlessing":0,"PreservedInsect":8,"War Paint":4,"Smiling Mask":4,"Runic Dome":7,"FaceOfCleric":1,"Bronze Scales":10,"Orrery":4,"Cracked Core":0,"Symbiotic Virus":13,"Toy Ornithopter":3,"Meat on the Bone":10,"Pocketwatch":13},{"NeowsBlessing":0,"PreservedInsect":30,"War Paint":10,"Smiling Mask":10,"Runic Dome":25,"FaceOfCleric":1,"Bronze Scales":39,"Orrery":10,"Cracked Core":0,"Symbiotic Virus":53,"Toy Ornithopter":3,"Meat on the Bone":39,"Pocketwatch":53}],"Toy Ornithopter":20,"Meat on the Bone":24,"Pocketwatch":[3]},"card_choices":[{"not_picked":["Beam Cell","Stack"],"picked":"Barrage","floor":1},{"not_picked":["Leap","Barrage"],"picked":"Darkness","floor":4},{"not_picked":["Sweeping Beam","Storm"],"picked":"Self Repair","floor":6},{"not_picked":["Gash","Leap"],"picked":"Barrage","floor":8},{"not_picked":["Steam Power","Turbo"],"picked":"Seek","floor":10},{"not_picked":["Turbo","Beam Cell"],"picked":"Seek","floor":10},{"not_picked":["Reinforced Body","Conserve Battery"],"picked":"Ball Lightning","floor":11},{"not_picked":["Conserve Battery","Leap","Streamline"],"picked":"SKIP","floor":13},{"not_picked":["Seek","Reboot"],"picked":"Creative AI","floor":16},{"not_picked":["Steam Power","Storm"],"picked":"Reinforced Body","floor":18},{"not_picked":["Go for the Eyes","FTL"],"picked":"Compile Driver","floor":21},{"not_picked":["Go for the Eyes","Auto Shields"],"picked":"Sunder","floor":23},{"not_picked":["Turbo","Auto Shields","Rebound"],"picked":"SKIP","floor":28}],"player_experience":1898212,"relics_obtained":[{"floor":6,"key":"Toy Ornithopter"},{"floor":8,"key":"War Paint"},{"floor":9,"key":"Smiling Mask"},{"floor":23,"key":"Bronze Scales"},{"floor":26,"key":"Meat on the Bone"},{"floor":30,"key":"Pocketwatch"},{"floor":30,"key":"Symbiotic Virus"}],"event_choices":[{"damage_healed":0,"gold_gain":75,"player_choice":"Gather Gold","damage_taken":11,"max_hp_gain":0,"max_hp_loss":0,"event_name":"World of Goop","floor":2,"gold_loss":0},{"damage_healed":0,"gold_gain":0,"player_choice":"Trade","damage_taken":0,"relics_obtained":["FaceOfCleric"],"max_hp_gain":0,"max_hp_loss":0,"event_name":"FaceTrader","floor":3,"gold_loss":0},{"damage_healed":0,"gold_gain":0,"cards_transformed":["Strike_B"],"player_choice":"Transformed","damage_taken":0,"max_hp_gain":0,"max_hp_loss":0,"event_name":"Transmorgrifier","floor":5,"gold_loss":0,"cards_obtained":["Force Field"]},{"damage_healed":25,"gold_gain":0,"player_choice":"Banana","damage_taken":0,"max_hp_gain":0,"max_hp_loss":0,"event_name":"Big Fish","floor":14,"gold_loss":0},{"damage_healed":0,"gold_gain":0,"player_choice":"Obtained Relic","damage_taken":0,"relics_obtained":["PreservedInsect"],"max_hp_gain":0,"max_hp_loss":0,"event_name":"Addict","floor":19,"gold_loss":85},{"damage_healed":0,"gold_gain":0,"player_choice":"Ignored","damage_taken":0,"max_hp_gain":0,"max_hp_loss":0,"event_name":"Vampires","floor":20,"gold_loss":0},{"damage_healed":0,"gold_gain":0,"player_choice":"Ignored","damage_taken":0,"max_hp_gain":0,"max_hp_loss":0,"event_name":"The Mausoleum","floor":22,"gold_loss":0},{"damage_healed":0,"gold_gain":0,"player_choice":"Became a Ghost","damage_taken":0,"max_hp_gain":0,"max_hp_loss":40,"event_name":"Ghosts","floor":25,"gold_loss":0,"cards_obtained":["Ghostly","Ghostly","Ghostly"]},{"damage_healed":0,"gold_gain":0,"player_choice":"Fight","damage_taken":0,"max_hp_gain":0,"max_hp_loss":0,"event_name":"Colosseum","floor":30,"gold_loss":0},{"damage_healed":0,"gold_gain":0,"player_choice":"Fought Nobs","damage_taken":0,"max_hp_gain":0,"max_hp_loss":0,"event_name":"Colosseum","floor":30,"gold_loss":0}],"is_beta":true,"boss_relics":[{"not_picked":["FrozenCore","Calling Bell"],"picked":"Runic Dome"}],"items_purged_floors":[10,27],"is_endless":false,"potions_floor_spawned":[4,6,16,18,28,30],"killed_by":"Book of Stabbing","ascension_level":20}}