{"host":"49qg1vqziwkpu54d","time":1612612410,"event":{"mods":["AchievementEnabler","BaseMod","Colored Map","Minty Spire (QoL Compilation)","Relic Stats"],"gold_per_floor":[114,129,144,219,234,249,249,264,314,329,329,344,344,359,359,459,459,474,489,24,24,54,84,84,84,84],"floor_reached":25,"language":"ENG","playtime":815,"items_purged":["Armaments"],"score":237,"play_id":"25845d1a-a9ba-4a32-82ff-3aacdee52d7b","local_time":"20210206125330","daily_mods":["Draft","Diverse","DeadlyEvents"],"is_ascension_mode":false,"campfire_choices":[{"data":"Rip and Tear","floor":7,"key":"SMITH"},{"data":"Crescendo","floor":13,"key":"SMITH"},{"data":"TalkToTheHand","floor":15,"key":"SMITH"},{"floor":24,"key":"REST"}],"circlet_count":0,"master_deck":["Lockon","Escape Plan","Body Slam","Prepared","Gash","Clash","FollowUp","TalkToTheHand+1","Pommel Strike","Clash","Rip and Tear+1","Deadly Poison","WreathOfFlame","Flex","SashWhip","Go for the Eyes","Slice","Sweeping Beam","Thunderclap","BattleHymn","Crescendo+1","Ragnarok+1","Deep Breath","Flying Knee+1","Sunder"],"relics":["Ring of the Snake","Ancient Tea Set","Sozu","TwistedFunnel","Lantern","Bottled Tornado","Dream Catcher"],"acts_visited":["Exordium","TheCity"],"potions_floor_usage":[18,18,23],"damage_taken":[{"damage":0,"enemies":"Small Slimes","floor":1,"turns":2},{"damage":0,"enemies":"2 Louse","floor":2,"turns":1},{"damage":0,"enemies":"Cultist","floor":3,"turns":2},{"damage":9,"enemies":"Red Slaver","floor":5,"turns":2},{"damage":0,"enemies":"Looter","floor":6,"turns":1},{"damage":0,"enemies":"3 Louse","floor":8,"turns":1},{"damage":0,"enemies":"Exordium Wildlife","floor":10,"turns":2},{"damage":0,"enemies":"Looter","floor":12,"turns":1},{"damage":0,"enemies":"3 Louse","floor":14,"turns":1},{"damage":25,"enemies":"The Guardian","floor":16,"turns":5},{"damage":0,"enemies":"Spheric Guardian","floor":18,"turns":2},{"damage":6,"enemies":"Chosen","floor":19,"turns":2},{"damage":36,"enemies":"Book of Stabbing","floor":22,"turns":3},{"damage":32,"enemies":"Slavers","floor":23,"turns":3},{"damage":27,"enemies":"Gremlin Leader","floor":25,"turns":2}],"seed_played":"5285009320175426936","potions_obtained":[{"floor":2,"key":"Explosive Potion"},{"floor":5,"key":"EssenceOfSteel"},{"floor":6,"key":"Explosive Potion"}],"is_trial":false,"path_per_floor":["M","M","M","?","M","M","R","M","T","M","?","M","R","M","R","B",null,"M","M","$","?","E","E","R","E"],"character_chosen":"THE_SILENT","items_purchased":["Deep Breath","TwistedFunnel","Lantern"],"campfire_rested":1,"item_purchase_floors":[20,20,20],"current_hp_per_floor":[70,70,70,59,50,50,50,50,50,50,55,55,55,55,55,30,75,75,69,69,69,33,1,23,0,0],"gold":84,"neow_bonus":"","is_daily":true,"chose_seed":false,"campfire_upgraded":3,"win_rate":0.0,"timestamp":1612612410,"path_taken":["M","M","M","?","M","M","R","M","T","M","?","M","R","M","R","BOSS","M","M","$","?","?","E","R","?"],"items_purchased_type":["Card","Relic","Relic"],"build_version":"2020-12-22","purchased_purges":1,"victory":false,"max_hp_per_floor":[70,70,70,70,70,70,70,70,70,70,75,75,75,75,75,75,75,75,75,75,75,75,75,75,75,75],"relic_stats":{"Sozu":1,"Dream Catcher":1,"counters":[15,30],"obtain_stats":[{"Sozu":17,"TwistedFunnel":20,"Lantern":20,"Dream Catcher":23,"Bottled Tornado":22,"Ancient Tea Set":9,"Ring of the Snake":0},{"Sozu":10,"TwistedFunnel":12,"Lantern":12,"Dream Catcher":14,"Bottled Tornado":13,"Ancient Tea Set":6,"Ring of the Snake":0},{"Sozu":18,"TwistedFunnel":22,"Lantern":22,"Dream Catcher":28,"Bottled Tornado":25,"Ancient Tea Set":9,"Ring of the Snake":0}],"Ring of the Snake":[30]},"card_choices":[{"not_picked":["Havoc","Rupture"],"picked":"Lockon","floor":0},{"not_picked":["Clothesline","Iron Wave"],"picked":"Armaments","floor":0},{"not_picked":["PathToVictory","Hello World"],"picked":"Escape Plan","floor":0},{"not_picked":["Cloak And Dagger","Perseverance"],"picked":"Body Slam","floor":0},{"not_picked":["Clothesline","Force Field"],"picked":"Prepared","floor":0},{"not_picked":["Auto Shields","Headbutt"],"picked":"Gash","floor":0},{"not_picked":["Skewer","Blizzard"],"picked":"Clash","floor":0},{"not_picked":["Warcry","Cloak And Dagger"],"picked":"FollowUp","floor":0},{"not_picked":["Beam Cell","Cold Snap"],"picked":"TalkToTheHand","floor":0},{"not_picked":["Compile Driver","Entrench"],"picked":"Pommel Strike","floor":0},{"not_picked":["Sweeping Beam","Deadly Poison"],"picked":"Clash","floor":0},{"not_picked":["Quick Slash","Intimidate"],"picked":"Rip and Tear","floor":0},{"not_picked":["Rupture","EmptyBody"],"picked":"Deadly Poison","floor":0},{"not_picked":["Stack","EmptyFist"],"picked":"WreathOfFlame","floor":0},{"not_picked":["Wild Strike","Underhanded Strike"],"picked":"Flex","floor":0},{"not_picked":["Perfected Strike","Bane"],"picked":"SashWhip","floor":1},{"not_picked":["Headbutt","Havoc"],"picked":"Go for the Eyes","floor":2},{"not_picked":["BowlingBash","Burst"],"picked":"Slice","floor":3},{"not_picked":["PiercingWail","Adaptation"],"picked":"Sweeping Beam","floor":5},{"not_picked":["Sucker Punch","Ball Lightning"],"picked":"Thunderclap","floor":6},{"not_picked":["Iron Wave","Chaos","Conserve Battery"],"picked":"SKIP","floor":8},{"not_picked":["Barrage","Cold Snap"],"picked":"BattleHymn","floor":10},{"not_picked":["Gash","Finisher"],"picked":"Crescendo","floor":12},{"not_picked":["Eviscerate","Evaluate","Corpse Explosion"],"picked":"SKIP","floor":14},{"not_picked":["Buffer","Barricade"],"picked":"Ragnarok","floor":16},{"not_picked":["ClearTheMind","Halt","Power Through"],"picked":"SKIP","floor":18},{"not_picked":["Metallicize","Underhanded Strike","Pommel Strike"],"picked":"SKIP","floor":19},{"not_picked":["True Grit+1","Adaptation"],"picked":"Flying Knee+1","floor":22},{"not_picked":["True Grit","Footwork"],"picked":"Sunder","floor":23}],"player_experience":881048,"relics_obtained":[{"floor":9,"key":"Ancient Tea Set"},{"floor":22,"key":"Bottled Tornado"},{"floor":23,"key":"Dream Catcher"}],"event_choices":[{"damage_healed":0,"gold_gain":75,"player_choice":"Gather Gold","damage_taken":11,"max_hp_gain":0,"max_hp_loss":0,"event_name":"World of Goop","floor":4,"gold_loss":0},{"damage_healed":0,"gold_gain":0,"player_choice":"Donut","damage_taken":0,"max_hp_gain":5,"max_hp_loss":0,"event_name":"Big Fish","floor":11,"gold_loss":0},{"damage_healed":0,"gold_gain":0,"player_choice":"Upgraded","damage_taken":0,"max_hp_gain":0,"max_hp_loss":0,"event_name":"Upgrade Shrine","floor":21,"gold_loss":0,"cards_upgraded":["Ragnarok"]}],"is_beta":false,"boss_relics":[{"not_picked":["Astrolabe","Busted Crown"],"picked":"Sozu"}],"items_purged_floors":[20],"is_endless":false,"potions_floor_spawned":[2,5,6,10,16,22],"killed_by":"Gremlin Leader","ascension_level":0}}