{"host":"v1g0lpd6z6lg7is8","time":1612616085,"event":{"mods":["BaseMod","Colored Map","Colored Powertips","Minty Spire (QoL Compilation)","Quick Restart"],"gold_per_floor":[110,185,201,201,50,81,94,94,94,42,57,75,55,68,68,166,166,186,203,218,233,233,233],"floor_reached":22,"language":"ZHS","playtime":632,"items_purged":["Strike_R"],"score":215,"play_id":"64e8a0d9-e432-4139-8272-5b8da4913398","local_time":"20210206205445","is_ascension_mode":false,"campfire_choices":[{"data":"Inflame","floor":8,"key":"SMITH"},{"data":"Sword Boomerang","floor":15,"key":"SMITH"}],"circlet_count":0,"master_deck":["Strike_R","Strike_R","Strike_R","Strike_R","Defend_R","Defend_R","Defend_R","Defend_R+1","Bash","Sword Boomerang+1","Inflame+1","Sword Boomerang+1","Flex","Spot Weakness","Shrug It Off+1"],"relics":["Burning Blood","NeowsBlessing","Ice Cream","Gremlin Horn"],"acts_visited":["TheCity"],"potions_floor_usage":[18,21,21,21],"damage_taken":[{"damage":0,"enemies":"Small Slimes","floor":1,"turns":1},{"damage":0,"enemies":"Jaw Worm","floor":3,"turns":1},{"damage":0,"enemies":"Gremlin Nob","floor":6,"turns":1},{"damage":0,"enemies":"2 Louse","floor":7,"turns":2},{"damage":11,"enemies":"Gremlin Gang","floor":11,"turns":3},{"damage":13,"enemies":"Red Slaver","floor":12,"turns":3},{"damage":11,"enemies":"Large Slime","floor":14,"turns":2},{"damage":34,"enemies":"Hexaghost","floor":16,"turns":7},{"damage":35,"enemies":"2 Thieves","floor":18,"turns":4},{"damage":2,"enemies":"Chosen","floor":19,"turns":4},{"damage":47,"enemies":"Centurion and Healer","floor":20,"turns":8},{"damage":9,"enemies":"Snake Plant","floor":21,"turns":3},{"damage":15,"enemies":"Snecko","floor":22,"turns":3}],"seed_played":"5265224786616259606","potions_obtained":[{"floor":7,"key":"EssenceOfSteel"},{"floor":11,"key":"PowerPotion"},{"floor":13,"key":"PowerPotion"},{"floor":19,"key":"PowerPotion"}],"is_trial":false,"path_per_floor":["M","?","M","?","$","E","M","R","T","$","M","M","?","M","R","B",null,"M","M","M","M","M"],"character_chosen":"IRONCLAD","items_purchased":["Inflame","Flex"],"campfire_rested":0,"item_purchase_floors":[5,10],"current_hp_per_floor":[80,69,75,59,59,65,71,71,71,71,66,59,59,54,54,26,80,51,55,14,11,0,0],"gold":233,"neow_bonus":"THREE_ENEMY_KILL","is_daily":false,"chose_seed":false,"campfire_upgraded":2,"win_rate":0.0,"timestamp":1612616085,"path_taken":["M","?","M","?","$","E","M","R","T","?","?","M","?","M","R","BOSS","M","M","?","M","M"],"items_purchased_type":["Card","Card"],"build_version":"2020-12-22","purchased_purges":1,"victory":false,"max_hp_per_floor":[80,80,80,80,80,80,80,80,80,80,80,80,80,80,80,80,80,80,80,80,80,80,80],"card_choices":[{"not_picked":["Pommel Strike","Fire Breathing"],"picked":"Sword Boomerang","floor":1},{"not_picked":["Thunderclap","Ghostly Armor","Searing Blow"],"picked":"SKIP","floor":3},{"not_picked":["Clash","Flex","Brutality"],"picked":"SKIP","floor":6},{"not_picked":["Combust","Iron Wave"],"picked":"Sword Boomerang","floor":7},{"not_picked":["Hemokinesis","Power Through"],"picked":"Spot Weakness","floor":11},{"not_picked":["Iron Wave","Wild Strike","Body Slam"],"picked":"SKIP","floor":12},{"not_picked":["True Grit","Warcry","Combust"],"picked":"SKIP","floor":14},{"not_picked":["Headbutt","Fire Breathing","Seeing Red+1"],"picked":"SKIP","floor":18},{"not_picked":["True Grit","Carnage+1","Burning Pact"],"picked":"SKIP","floor":19},{"not_picked":["Power Through","Whirlwind"],"picked":"Shrug It Off+1","floor":20},{"not_picked":["Armaments","Wild Strike","Intimidate"],"picked":"SKIP","floor":21}],"player_experience":1972246,"relics_obtained":[{"floor":6,"key":"Ice Cream"},{"floor":9,"key":"Gremlin Horn"}],"event_choices":[{"damage_healed":0,"gold_gain":75,"player_choice":"Gather Gold","damage_taken":11,"max_hp_gain":0,"max_hp_loss":0,"event_name":"World of Goop","floor":2,"gold_loss":0},{"damage_healed":0,"gold_gain":0,"player_choice":"Entered Light","damage_taken":16,"max_hp_gain":0,"max_hp_loss":0,"event_name":"Shining Light","floor":4,"gold_loss":0,"cards_upgraded":["Sword Boomerang","Defend_R"]},{"damage_healed":0,"gold_gain":0,"player_choice":"Bought 1 Potion","damage_taken":0,"max_hp_gain":0,"max_hp_loss":0,"event_name":"The Woman in Blue","floor":13,"gold_loss":0}],"is_beta":false,"boss_relics":[{"not_picked":["Coffee Dripper","Philosopher\u0027s Stone","Cursed Key"]}],"items_purged_floors":[5],"is_endless":false,"potions_floor_spawned":[7,11,16,19,20],"killed_by":"Snecko","ascension_level":0}}