{"host":"8i4doyxqctgl5qb0","time":1612652250,"event":{"mods":["AchievementEnabler","BaseMod","Block Reminder","Colored Powertips","Downfall","Minty Spire (QoL Compilation)","Permanent Neow","Potion Indicator Mod","Rare Cards Sparkle","StSLib","SuperFastMode","The Jungle"],"gold_per_floor":[109,184,134,134,59,59,73,99,125,137,62,62,77,77,77,182,182,171,96,108,108,128,128,128,128,155,170,270,270,281,281,281],"floor_reached":31,"language":"ZHS","playtime":903,"items_purged":["Strike_G"],"score":373,"play_id":"a159df49-a242-4abb-9a1f-c63bd5bbe5c9","local_time":"20210207065730","is_ascension_mode":true,"campfire_choices":[{"data":"Neutralize","floor":6.0,"key":"SMITH"},{"floor":12.0,"key":"REST"},{"floor":15.0,"key":"REST"},{"floor":23,"key":"REST"},{"floor":24,"key":"REST"},{"floor":25,"key":"REST"},{"floor":29,"key":"REST"}],"circlet_count":0,"master_deck":["AscendersBane","Strike_G","Strike_G","Strike_G","Defend_G","Defend_G+1","Defend_G","Defend_G+1","Defend_G","Survivor","Neutralize+1","Acrobatics","Bouncing Flask","Leg Sweep","Dagger Spray","Dagger Spray","Deadly Poison","Storm of Steel","Pain","Deflect","Prepared","Caltrops"],"relics":["Ring of the Snake","WingedGreaves","War Paint","Bag of Preparation","PreservedInsect","SlaversCollar","WarpedTongs","MealTicket"],"acts_visited":["Exordium","TheCity"],"potions_floor_usage":[31],"damage_taken":[{"damage":5.0,"enemies":"Small Slimes","floor":1.0,"turns":6.0},{"damage":0.0,"enemies":"Jaw Worm","floor":7.0,"turns":5.0},{"damage":26.0,"enemies":"3 Sentries","floor":8.0,"turns":19.0},{"damage":0.0,"enemies":"2 Louse","floor":10.0,"turns":5.0},{"damage":0.0,"enemies":"Exordium Wildlife","floor":13.0,"turns":4.0},{"damage":62.0,"enemies":"Slime Boss","floor":16.0,"turns":13.0},{"damage":17,"enemies":"2 Thieves","floor":18,"turns":4},{"damage":33,"enemies":"Shell Parasite","floor":20,"turns":12},{"damage":26,"enemies":"Snake Plant","floor":22,"turns":5},{"damage":42,"enemies":"Snecko","floor":27,"turns":6},{"damage":36,"enemies":"Centurion and Healer","floor":30,"turns":9},{"damage":17,"enemies":"Gremlin Leader","floor":31,"turns":4}],"seed_played":"-7743772382087017043","potions_obtained":[{"floor":7.0,"key":"Fire Potion"},{"floor":8.0,"key":"EssenceOfSteel"},{"floor":10.0,"key":"FairyPotion"},{"floor":27,"key":"CunningPotion"}],"is_trial":false,"path_per_floor":["M","?","?","?","$","R","M","E","T","M","$","R","M","?","R","B",null,"M","?","M","?","M","R","R","R","T","M","?","R","M","E"],"character_chosen":"THE_SILENT","items_purchased":["Bouncing Flask"],"campfire_rested":6,"item_purchase_floors":[5],"current_hp_per_floor":[58,47,47,52,52,52,52,26,26,26,26,48,48,48,70,8,58,41,41,8,8,4,26,48,70,70,28,28,50,14,0,0],"gold":281,"neow_bonus":"ONE_RARE_RELIC","is_daily":false,"chose_seed":false,"campfire_upgraded":1,"win_rate":0.0,"timestamp":1612652250,"path_taken":["M","?","?","?","$","R","M","E","T","M","$","R","?","?","R","BOSS","M","?","M","?","?","R","R","R","T","M","?","R","?","E"],"items_purchased_type":["Card"],"build_version":"2020-12-22","purchased_purges":1,"victory":false,"max_hp_per_floor":[70,70,70,75,75,75,75,75,75,75,75,75,75,75,75,75,75,75,75,75,75,75,75,75,75,75,75,75,75,75,75,75],"card_choices":[{"not_picked":["Choke","Slice"],"picked":"Acrobatics","floor":1.0},{"not_picked":["Quick Slash","Flying Knee"],"picked":"Leg Sweep","floor":7.0},{"not_picked":["Deadly Poison","Underhanded Strike"],"picked":"Dagger Spray","floor":8.0},{"not_picked":["Infinite Blades","Bane"],"picked":"Dagger Spray","floor":10.0},{"not_picked":["Outmaneuver","Cloak And Dagger"],"picked":"Deadly Poison","floor":13.0},{"not_picked":["Grand Finale","Glass Knife"],"picked":"Storm of Steel","floor":16.0},{"not_picked":["Finisher","Cloak And Dagger+1","Underhanded Strike"],"picked":"SKIP","floor":18},{"not_picked":["Sucker Punch","Acrobatics","Quick Slash"],"picked":"SKIP","floor":20},{"not_picked":["Expertise","Bane"],"picked":"Deflect","floor":22},{"not_picked":["Riddle With Holes","Blade Dance"],"picked":"Prepared","floor":27},{"not_picked":["Predator","Dagger Throw"],"picked":"Caltrops","floor":30}],"player_experience":278879,"relics_obtained":[{"floor":8.0,"key":"War Paint"},{"floor":9.0,"key":"Bag of Preparation"},{"floor":26,"key":"MealTicket"}],"event_choices":[{"damage_healed":0.0,"max_hp_gain":0.0,"max_hp_loss":0.0,"gold_gain":75.0,"event_name":"World of Goop","player_choice":"Gather Gold","floor":2.0,"gold_loss":0.0,"damage_taken":11.0},{"cards_removed":["Shame"],"damage_healed":0.0,"max_hp_gain":0.0,"max_hp_loss":0.0,"gold_gain":0.0,"event_name":"The Cleric","player_choice":"Card Removal","floor":3.0,"gold_loss":50.0,"damage_taken":0.0},{"damage_healed":0.0,"max_hp_gain":5.0,"max_hp_loss":0.0,"gold_gain":0.0,"event_name":"Big Fish","player_choice":"Donut","floor":4.0,"gold_loss":0.0,"damage_taken":0.0},{"damage_healed":0.0,"max_hp_gain":0.0,"max_hp_loss":0.0,"gold_gain":0.0,"event_name":"Dead Adventurer","player_choice":"Searched \u00272\u0027 times","floor":14.0,"gold_loss":0.0,"damage_taken":0.0,"relics_obtained":["PreservedInsect"]},{"cards_removed":["Strike_G"],"damage_healed":0,"gold_gain":0,"player_choice":"Gave Gold","damage_taken":0,"max_hp_gain":0,"max_hp_loss":0,"event_name":"Beggar","floor":19,"gold_loss":75},{"damage_healed":0,"gold_gain":0,"player_choice":"Rummage","damage_taken":0,"relics_obtained":["WarpedTongs"],"max_hp_gain":0,"max_hp_loss":0,"event_name":"Accursed Blacksmith","floor":21,"gold_loss":0,"cards_obtained":["Pain"]},{"damage_healed":0,"gold_gain":100,"player_choice":"Pray","damage_taken":0,"max_hp_gain":0,"max_hp_loss":0,"event_name":"Golden Shrine","floor":28,"gold_loss":0}],"is_beta":false,"boss_relics":[{"not_picked":["Tiny House","Sozu"],"picked":"SlaversCollar"}],"items_purged_floors":[11],"is_endless":false,"potions_floor_spawned":[7,8,10,27],"killed_by":"Gremlin Leader","ascension_level":12}}