{"host":"hf8wn58z41rkrmnq","time":1612578151,"event":{"mods":["Ascension Reborn","BaseMod","Better Third Choice","BetterRewards","Colored Map","Colored Powertips","Infinite Spire","Minty Spire (QoL Compilation)","Quick Restart","Relic Sorter","Relic Stats","Replay The Spire","Spicy Shops","StSLib"],"gold_per_floor":[110,127,138,105,105,139,154,154,154,154,154,154,164,164,164,89,89,193,193,208,208,208,225,225,250,250,267,316,346,361,361,361,361],"floor_reached":32,"language":"ENG","playtime":3323,"items_purged":["Regret","Defend_R"],"score":331,"play_id":"babf09e6-3b41-48e6-a590-9267c4278ccd","local_time":"20210205212231","is_ascension_mode":true,"campfire_choices":[{"data":"Metallicize","floor":10,"key":"SMITH"},{"data":"ReplayReversal","floor":17,"key":"SMITH"},{"data":"RitualDagger","floor":26,"key":"SMITH"}],"circlet_count":0,"master_deck":["Defend_R","Defend_R","ReplayReversal+1","Metallicize+1","Survivor","Neutralize","Shrug It Off","Seeing Red","RitualDagger+1","Bite","Bite","Bite","Bite","Bite","Metallicize+1","Pot Of Greed","Pot Of Greed","infinitespire:SealOfDarkness+"],"relics":["Burning Blood","Mirror","Question Card","Frozen Egg 2","Eternal Feather","Ooze Armor","Grinning Jar","Juzu Bracelet","infinitespire:ShieldingShard","Anchor"],"acts_visited":["Exordium","TheCity"],"potions_floor_usage":[6,18,25,29,32],"damage_taken":[{"damage":1,"enemies":"Cultist","floor":1,"turns":3},{"damage":5,"enemies":"Small Slimes","floor":2,"turns":3},{"damage":3,"enemies":"2 Louse","floor":3,"turns":3},{"damage":10,"enemies":"3 Sentries","floor":6,"turns":10},{"damage":1,"enemies":"Blue Slaver","floor":7,"turns":5},{"damage":0,"enemies":"Large Slime","floor":13,"turns":10},{"damage":47,"enemies":"Hexaghost","floor":18,"turns":17},{"damage":0,"enemies":"Spheric Guardian","floor":20,"turns":4},{"damage":14,"enemies":"Shell Parasite","floor":23,"turns":8},{"damage":10,"enemies":"Nightmare","floor":25,"turns":10},{"damage":34,"enemies":"Sentry and Sphere","floor":27,"turns":8},{"damage":1,"enemies":"Replay:Snechameleon","floor":29,"turns":9},{"damage":10,"enemies":"Snecko","floor":30,"turns":7},{"damage":91,"enemies":"Gremlin Leader","floor":32,"turns":11}],"seed_played":"3169741708173825203","potions_obtained":[{"floor":3,"key":"CultistPotion"},{"floor":6,"key":"Explosive Potion"},{"floor":7,"key":"Reflective Coating"},{"floor":25,"key":"LiquidBronze"},{"floor":29,"key":"BloodPotion"}],"is_trial":false,"path_per_floor":["M","M","M","$","?","E","M","?","T","R","PTL","PTL","M","?","T","$","R","B",null,"M","?","?","M","?","NM","R","M","T","E","M","AVR","E"],"character_chosen":"IRONCLAD","items_purchased":["Metallicize"],"campfire_rested":0,"item_purchase_floors":[4],"current_hp_per_floor":[80,80,80,80,80,76,80,80,80,80,80,80,80,80,80,80,80,39,80,80,74,56,56,56,56,56,46,46,56,56,56,0,0],"gold":361,"neow_bonus":"REMOVE_CARD","is_daily":false,"chose_seed":false,"campfire_upgraded":3,"win_rate":0.0,"timestamp":1612578151,"path_taken":["M","M","M","$","?","E","M","?","T","R","PTL","PTL","?","?","?","$","R","BOSS","M","?","?","M","?","NM","R","M","T","E","M","AVR","E"],"items_purchased_type":["Card"],"build_version":"2020-12-22","purchased_purges":2,"victory":false,"max_hp_per_floor":[80,80,80,80,80,80,80,80,80,80,80,80,80,80,80,80,80,80,80,80,80,56,56,56,56,56,56,56,56,56,56,56,56],"relic_stats":{"counters":[14,108],"Eternal Feather":0,"Juzu Bracelet":0,"Question Card":13,"obtain_stats":[{"Anchor":31,"infinitespire:ShieldingShard":29,"Ooze Armor":19,"Eternal Feather":15,"Juzu Bracelet":28,"Frozen Egg 2":14,"Grinning Jar":25,"Mirror":6,"Question Card":9,"Burning Blood":0},{"Anchor":13,"infinitespire:ShieldingShard":12,"Ooze Armor":7,"Eternal Feather":6,"Juzu Bracelet":11,"Frozen Egg 2":6,"Grinning Jar":10,"Mirror":4,"Question Card":5,"Burning Blood":0},{"Anchor":97,"infinitespire:ShieldingShard":90,"Ooze Armor":51,"Eternal Feather":34,"Juzu Bracelet":81,"Frozen Egg 2":34,"Grinning Jar":73,"Mirror":19,"Question Card":24,"Burning Blood":0}],"Burning Blood":34},"card_choices":[{"not_picked":["Abandon","Headbutt","Clash"],"picked":"SKIP","floor":1},{"not_picked":["Heavy Blade","ReplayTheSpireMod:Strike From Hell","Headbutt"],"picked":"SKIP","floor":2},{"not_picked":["Perfected Strike","Havoc"],"picked":"ReplayReversal","floor":3},{"not_picked":["Armaments","ReplayTheSpireMod:Limb From Limb","Corruption"],"picked":"SKIP","floor":6},{"not_picked":["ReplayTheSpireMod:Strike From Hell","ReplayTheSpireMod:Limb From Limb"],"picked":"Shrug It Off","floor":7},{"not_picked":["Entrench","ReplayTheSpireMod:Strike From Hell","Thunderclap","Anger"],"picked":"SKIP","floor":13},{"not_picked":["Headbutt","ReplayTheSpireMod:Strike From Hell+1","Perfected Strike","Rampage"],"picked":"SKIP","floor":20},{"not_picked":["Inflame+1","Iron Wave","Bloodletting"],"picked":"Metallicize+1","floor":23},{"not_picked":["Iron Wave","Replay:Undeath\u0027s Touch","Evolve+1","Flex"],"picked":"SKIP","floor":25},{"not_picked":["Power Through","Headbutt","Sword Boomerang","Perfected Strike"],"picked":"SKIP","floor":27},{"not_picked":["Eclipse","Body Slam","ReplayTheSpireMod:Muscle Training","Pummel"],"picked":"SKIP","floor":29},{"not_picked":["Havoc+1","Sword Boomerang","Body Slam+1","Thunderclap"],"picked":"SKIP","floor":30}],"player_experience":219906,"relics_obtained":[{"floor":6,"key":"Mirror"},{"floor":9,"key":"Question Card"},{"floor":15,"key":"Eternal Feather"},{"floor":25,"key":"Grinning Jar"},{"floor":28,"key":"Juzu Bracelet"},{"floor":29,"key":"infinitespire:ShieldingShard"}],"event_choices":[{"damage_healed":0,"gold_gain":0,"cards_transformed":["Defend_R"],"player_choice":"Transformed","damage_taken":0,"max_hp_gain":0,"max_hp_loss":0,"event_name":"Transmorgrifier","floor":8,"gold_loss":0,"cards_obtained":["Seeing Red"]},{"damage_healed":0,"gold_gain":0,"player_choice":"Box","damage_taken":0,"relics_obtained":["Frozen Egg 2"],"max_hp_gain":0,"max_hp_loss":0,"event_name":"Big Fish","floor":14,"gold_loss":0,"cards_obtained":["Regret"]},{"damage_healed":0,"gold_gain":0,"player_choice":"Dagger","damage_taken":6,"max_hp_gain":0,"max_hp_loss":0,"event_name":"betterThird:BetterNest","floor":21,"gold_loss":0,"cards_obtained":["RitualDagger"]},{"damage_healed":0,"gold_gain":0,"player_choice":"Became a vampire","damage_taken":0,"max_hp_gain":0,"max_hp_loss":24,"event_name":"Vampires","floor":22,"gold_loss":0,"cards_obtained":["Bite","Bite","Bite","Bite","Bite"]},{"damage_healed":0,"gold_gain":0,"player_choice":"0 cards matched","damage_taken":0,"max_hp_gain":0,"max_hp_loss":0,"event_name":"Match and Keep!","floor":24,"gold_loss":0,"cards_obtained":[]}],"is_beta":false,"boss_relics":[{"not_picked":["Mark of Pain","Electric Blood"],"picked":"Ooze Armor"}],"items_purged_floors":[16,31],"is_endless":false,"potions_floor_spawned":[3,6,7,25,29],"killed_by":"Gremlin Leader","ascension_level":2}}