{"host":"5inz41fcnifmg6v2","time":1612588678,"event":{"mods":["BaseMod","Minty Spire (QoL Compilation)","Replay The Spire","StSLib"],"gold_per_floor":[117,36,50,225,225,251,251,270,325,356,446,470,501,523,535,651,663,655,683,709,201,220,220,220,257,257,271,271,284,134,166,166,266,266,284,296,23,77,77,77],"floor_reached":39,"language":"ZHS","playtime":3362,"items_purged":[],"score":464,"play_id":"558fdbbb-1742-4810-9d50-bb75a3fd2389","local_time":"20210206131758","is_ascension_mode":false,"campfire_choices":[{"floor":15,"key":"DIG"},{"floor":23,"key":"REST"},{"floor":28,"key":"REST"},{"data":"Rupture","floor":32,"key":"SMITH"}],"circlet_count":0,"master_deck":["Strike_R","Strike_R","Strike_R","Strike_R","Strike_R","Defend_R","Defend_R","Defend_R","Defend_R","Bash","Sword Boomerang","ReplayTheSpireMod:Private Reserves","ReplayTheSpireMod:LeadingStrike","Pommel Strike","Flex","Flex","Pummel","Brutality","Whirlwind","Brutality","Heavy Blade","Disarm","Rupture+1","Magnetism","ReplayTheSpireMod:Muscle Training","ReplayReversal","Entrench","Heavy Blade","Bludgeon","Clothesline+1","Twin Strike","Warcry","Dark Shackles","Thunderclap"],"relics":["Black Blood","NeowsBlessing","ReplayTheSpireMod:Spearhead","ReplayFunnel","MawBank","Self Forming Clay","Vajra","Busted Crown","ReplayTheSpireMod:Lightbulb","Gremlin Horn","Lee\u0027s Waffle","Strawberry","Torii"],"acts_visited":["Exordium","TheCity","TheBeyond"],"potions_floor_usage":[18,20,33,33,38,38],"damage_taken":[{"damage":0,"enemies":"Small Slimes","floor":1,"turns":1},{"damage":0,"enemies":"Jaw Worm","floor":3,"turns":1},{"damage":0,"enemies":"3 Sentries","floor":6,"turns":1},{"damage":0,"enemies":"2 Louse","floor":8,"turns":2},{"damage":5,"enemies":"Looter","floor":10,"turns":3},{"damage":7,"enemies":"Blue Slaver","floor":12,"turns":3},{"damage":4,"enemies":"Gremlin Gang","floor":13,"turns":3},{"damage":8,"enemies":"2 Fungi Beasts","floor":14,"turns":2},{"damage":43,"enemies":"Fading Forest","floor":16,"turns":11},{"damage":11,"enemies":"2 Thieves","floor":18,"turns":4},{"damage":9,"enemies":"Chosen","floor":19,"turns":4},{"damage":23,"enemies":"Shelled Parasite and Fungi","floor":20,"turns":5},{"damage":22,"enemies":"Centurion and Healer","floor":22,"turns":5},{"damage":22,"enemies":"Chosen and Byrds","floor":25,"turns":6},{"damage":19,"enemies":"Snake Plant","floor":27,"turns":3},{"damage":48,"enemies":"Shelled Parasite and Fungi","floor":29,"turns":5},{"damage":21,"enemies":"Centurion and Healer","floor":31,"turns":6},{"damage":46,"enemies":"Automaton","floor":33,"turns":5},{"damage":38,"enemies":"3 Darklings","floor":35,"turns":4},{"damage":28,"enemies":"3 Shapes","floor":36,"turns":3},{"damage":49,"enemies":"2 Orb Walkers","floor":38,"turns":6},{"damage":33,"enemies":"Writhing Mass","floor":39,"turns":3}],"seed_played":"-4986784237637491200","potions_obtained":[{"floor":6,"key":"LiquidMemories"},{"floor":12,"key":"Elixir"},{"floor":13,"key":"ColorlessPotion"},{"floor":16,"key":"Fruit Juice"},{"floor":20,"key":"Toxic Potion"},{"floor":31,"key":"SkillPotion"},{"floor":33,"key":"Block Potion"}],"is_trial":false,"path_per_floor":["M","$","M","?","?","E","?","M","T","M","T","M","M","M","R","B",null,"M","M","M","$","M","R","?","M","T","M","R","M","$","M","R","B",null,"M","M","$","?","M"],"character_chosen":"IRONCLAD","items_purchased":["ReplayTheSpireMod:Private Reserves","Rupture","Magnetism","ReplayTheSpireMod:Lightbulb","ReplayTheSpireMod:Muscle Training","Lee\u0027s Waffle","Strawberry","Warcry","Dark Shackles"],"campfire_rested":2,"item_purchase_floors":[2,21,21,21,21,30,37,37,37],"current_hp_per_floor":[80,80,80,80,68,74,67,73,73,74,74,73,75,73,73,54,80,80,77,60,60,44,69,85,69,69,56,81,39,92,77,77,37,92,66,50,57,20,0,0],"gold":77,"neow_bonus":"THREE_ENEMY_KILL","is_daily":false,"chose_seed":false,"campfire_upgraded":1,"win_rate":0.0,"timestamp":1612588678,"path_taken":["M","$","M","?","?","E","?","M","T","M","?","M","M","M","R","BOSS","M","M","M","$","M","R","?","M","T","?","R","M","$","M","R","BOSS","M","M","$","?","M"],"items_purchased_type":["Card","Card","Card","Relic","Card","Relic","Relic","Card","Card"],"build_version":"2020-12-22","purchased_purges":0,"victory":false,"max_hp_per_floor":[80,80,80,80,80,80,80,80,80,80,80,80,80,80,80,80,80,85,85,85,85,85,85,85,85,85,85,85,85,92,92,92,92,92,92,92,99,99,99,99],"card_choices":[{"not_picked":["Clash","Heavy Blade"],"picked":"Sword Boomerang","floor":1},{"not_picked":["Wild Strike","Cleave"],"picked":"ReplayTheSpireMod:LeadingStrike","floor":3},{"not_picked":["Defy Death","Iron Wave"],"picked":"Pommel Strike","floor":6},{"not_picked":["Evolve","Clothesline"],"picked":"Flex","floor":8},{"not_picked":["Dark Embrace","Cleave"],"picked":"Flex","floor":10},{"not_picked":["Thunderclap","Armaments"],"picked":"Pummel","floor":12},{"not_picked":["Evolve","Cleave"],"picked":"Brutality","floor":13},{"not_picked":["ReplayTheSpireMod:LeadingStrike","ReplayTheSpireMod:Strike From Hell"],"picked":"Whirlwind","floor":14},{"not_picked":["Demonic Infusion","Impervious"],"picked":"Brutality","floor":16},{"not_picked":["Clothesline"],"picked":"SKIP","floor":18},{"not_picked":[],"picked":"Heavy Blade","floor":19},{"not_picked":[],"picked":"Disarm","floor":20},{"not_picked":["ReplayTheSpireMod:Strike From Hell"],"picked":"SKIP","floor":22},{"not_picked":[],"picked":"ReplayReversal","floor":25},{"not_picked":[],"picked":"Entrench","floor":27},{"not_picked":["Massacre"],"picked":"SKIP","floor":29},{"not_picked":[],"picked":"Heavy Blade","floor":31},{"not_picked":[],"picked":"Bludgeon","floor":33},{"not_picked":[],"picked":"Clothesline+1","floor":35},{"not_picked":[],"picked":"Twin Strike","floor":36},{"not_picked":[],"picked":"Thunderclap","floor":38}],"player_experience":50480,"relics_obtained":[{"floor":6,"key":"ReplayFunnel"},{"floor":9,"key":"MawBank"},{"floor":11,"key":"Self Forming Clay"},{"floor":15,"key":"Vajra"},{"floor":26,"key":"Gremlin Horn"},{"floor":38,"key":"Torii"}],"event_choices":[{"damage_healed":0,"gold_gain":175,"player_choice":"AGREE","damage_taken":0,"max_hp_gain":0,"max_hp_loss":0,"event_name":"Liars Game","floor":4,"gold_loss":0,"cards_obtained":["Doubt"]},{"damage_healed":0,"gold_gain":0,"player_choice":"Success","damage_taken":12,"relics_obtained":["ReplayTheSpireMod:Spearhead"],"max_hp_gain":0,"max_hp_loss":0,"event_name":"Scrap Ooze","floor":5,"gold_loss":0},{"cards_removed":["Doubt"],"damage_healed":0,"gold_gain":0,"player_choice":"Card Removal","damage_taken":7,"max_hp_gain":0,"max_hp_loss":0,"event_name":"Golden Wing","floor":7,"gold_loss":0},{"damage_healed":16,"gold_gain":0,"player_choice":"Full Heal","damage_taken":0,"max_hp_gain":0,"max_hp_loss":0,"event_name":"Wheel of Change","floor":24,"gold_loss":0},{"damage_healed":0,"gold_gain":0,"player_choice":"Fight","damage_taken":0,"max_hp_gain":0,"max_hp_loss":0,"event_name":"Mysterious Sphere","floor":38,"gold_loss":0}],"is_beta":false,"boss_relics":[{"not_picked":["Empty Cage","Runic Dome"],"picked":"Busted Crown"},{"not_picked":["Philosopher\u0027s Stone","Mark of Pain"],"picked":"Black Blood"}],"items_purged_floors":[],"is_endless":false,"potions_floor_spawned":[6,12,13,16,20,31,33],"killed_by":"Writhing Mass","ascension_level":0}}