{"host":"0y7rggrn2c7yxnri","time":1612636743,"event":{"mods":["AchievementEnabler","Act Like it!","AlwaysNeverKeys","Aspiration","Bartender","BaseMod","Better Altar","Better Sensory Stone","Better Skull","Better Third Choice","Better Vampires","BetterRewards","Colored Map","Colored Powertips","Displayed Cursed Tome","GifTheSpireLib","Good Game Mod","Magitek Elite","Minty Spire (QoL Compilation)","Permanent Neow","Quick Restart","Rare Cards Sparkle","Relic Filter Mod","Reliquary","Replay The Spire","Shop Mod","Spicy Shops","Spire Arcade","StSLib","Stuff the Spire","The Alterego","The Animator","The Marked","The Servant 0.9.4","Transform Curses","Virulent Crown","Wandering Minibosses"],"gold_per_floor":[112,287,301,301,326,359,359,402,402,402,402,416,416,416],"floor_reached":13,"language":"ENG","playtime":594,"items_purged":["Defend_B"],"score":112,"play_id":"1ab6d23e-990d-472c-81eb-128dd62a7da4","local_time":"20210206133903","is_ascension_mode":true,"campfire_choices":[{"floor":7,"key":"REST"}],"circlet_count":0,"master_deck":["Strike_B","Strike_B","Strike_B","Strike_B","Defend_B","Defend_B","Zap","Dualcast","animator:RoryMercury","Melter+1","Fusion","Doubt","Hologram","Meteor Strike+1","StuffTheSpire:Purify"],"relics":["Cracked Core","REME:ComplimentaryCards","aspiration:FaultyCoupler","Blue Doll","Medical Kit","Molten Egg 2","Mummified Hand","Golden Idol","DataDisk","ReplayFunnel","Blood Vial","reliquary:Stiletto"],"acts_visited":["Exordium"],"potions_floor_usage":[6,13],"damage_taken":[{"damage":12,"enemies":"Jaw Worm","floor":1,"turns":3},{"damage":10,"enemies":"Small Slimes","floor":3,"turns":3},{"damage":0,"enemies":"2 Louse","floor":5,"turns":2},{"damage":27,"enemies":"3 Sentries","floor":6,"turns":6},{"damage":16,"enemies":"Replay:BlueRogue","floor":8,"turns":6},{"damage":13,"enemies":"2 Fungi Beasts","floor":12,"turns":3},{"damage":15,"enemies":"3 Sentries","floor":13,"turns":2}],"seed_played":"4497821027294435680","potions_obtained":[{"floor":5,"key":"Fire Potion"},{"floor":6,"key":"Flashbang"},{"floor":8,"key":"SkillPotion"}],"is_trial":false,"path_per_floor":["M","?","M","?","M","E","R","E","T","?","?","M","E"],"character_chosen":"DEFECT","items_purchased":["aspiration:FaultyCoupler","Blue Doll","Medical Kit","Molten Egg 2","Mummified Hand","Melter+1","Fusion"],"campfire_rested":1,"item_purchase_floors":[0,0,0,0,0,0,0],"current_hp_per_floor":[63,63,53,53,53,26,46,30,30,30,23,12,0,0],"gold":416,"neow_bonus":"","is_daily":false,"chose_seed":false,"campfire_upgraded":0,"win_rate":0.0,"timestamp":1612636743,"path_taken":["M","?","M","?","M","E","R","E","T","?","?","M","E"],"items_purchased_type":["Relic","Relic","Relic","Relic","Relic","Card","Card"],"build_version":"2020-12-22","purchased_purges":1,"victory":false,"max_hp_per_floor":[75,75,75,69,69,69,69,69,69,69,69,69,69,69],"card_choices":[{"not_picked":["Undo","Compile Driver+1","BasicCrystalCard"],"picked":"SKIP","floor":1},{"not_picked":["Stack","Melter+1"],"picked":"Hologram","floor":3},{"not_picked":["StuffTheSpire:GlassShard+1","Static Discharge"],"picked":"Meteor Strike+1","floor":5},{"not_picked":["Tempest","Barrage+1","Creative AI"],"picked":"SKIP","floor":6},{"not_picked":["Steam Power","Gash+1","Turbo"],"picked":"SKIP","floor":8},{"not_picked":["Reprogram","Streamline+1","Barrage+1"],"picked":"SKIP","floor":12}],"player_experience":328835,"relics_obtained":[{"floor":6,"key":"DataDisk"},{"floor":8,"key":"ReplayFunnel"},{"floor":9,"key":"Blood Vial"}],"event_choices":[{"damage_healed":0,"gold_gain":175,"player_choice":"AGREE","damage_taken":112,"max_hp_gain":0,"max_hp_loss":0,"event_name":"betterThird:BetterSerpent","floor":2,"gold_loss":0},{"damage_healed":0,"gold_gain":0,"player_choice":"Lose Max HP","damage_taken":0,"relics_obtained":["Golden Idol"],"max_hp_gain":0,"max_hp_loss":6,"event_name":"Golden Idol","floor":4,"gold_loss":0},{"damage_healed":0,"gold_gain":0,"player_choice":"Relic ","damage_taken":7,"max_hp_gain":0,"max_hp_loss":0,"event_name":"betterThird:BetterScrap","floor":11,"gold_loss":0,"cards_obtained":["StuffTheSpire:Sprint"]}],"is_beta":false,"boss_relics":[],"items_purged_floors":[0],"is_endless":false,"potions_floor_spawned":[5,6,8],"killed_by":"3 Sentries","ascension_level":4}}