{"host":"i73ch23exsqar74a","time":1612615285,"event":{"mods":["AchievementEnabler","Arknights","Aspiration","Astrologer","Bard","Bartender","BaseMod","Beaked The Cultist","Better Sensory Stone","CCEM2","CapriCore","Challenge The Spire","ChefMod","Chen","Colored Map","Colored Powertips","Conjunction","Conspire","Downfall","Fireblade Mod","FutureSeer","GifTheSpireLib","Glutton Mod","Gremlin Mod","Halation","Hermit","Highlight Path","HololiveMod","Hubris","Infinite Spire","Jedi Mod","Lobotomy","LobotomyExtend","Luminous","Marked Mod","Minty Spire (QoL Compilation)","Prisma Mod","Quarter Circle Forward PUNCH!","Quick Restart","Random Character Button","RatMod","Relic Sorter","Reliquary","Replay The Spire","SOS???????","Shade Mod","Spicy Shops","Spikes Relics","Spire Arcade","StSLib","Stuff the Spire","The Alterego","The Animator","The Bug Knight","The Construct","The Cursed","The Druid","The Exalted","The Immortal","The Judge","The Poker Player","The Sage","The Wild Card","TheHero","TheSwordswoman","TheVacant","TheVelvet","Thieving Mod","Yuri Mod","???Mod??????Boss","???mod?????"],"gold_per_floor":[116,132,145,159,159,159,124,150,150,163,193,193,220,235,235,330,330,347,347,362,375,375,401,418,418,442,467,467,315,315,315],"floor_reached":30,"language":"ENG","playtime":1416,"items_purged":[],"score":403,"play_id":"8b2c8113-f95d-4ae6-83af-780dd8021ff3","local_time":"20210206164125","is_ascension_mode":true,"campfire_choices":[{"data":"hadesmod:CutDust","floor":6,"key":"SMITH"},{"data":"hadesmod:ArrayStrike","floor":15,"key":"SMITH"},{"data":"hadesmod:DrawDamage","floor":25,"key":"SMITH"},{"data":"hadesmod:DrawDamage","floor":28,"key":"SMITH"}],"circlet_count":0,"master_deck":["hadesmod:Strike","hadesmod:Strike","hadesmod:Strike","hadesmod:Defend","hadesmod:Defend","hadesmod:Defend","hadesmod:Dash","hadesmod:RuyiJinguBang","hadesmod:JinnsKnowledge","hadesmod:FulcrumStrike","hadesmod:CutDust+","hadesmod:Claws","hadesmod:CrescentStrike","hadesmod:BitByBit","hadesmod:Strikeshield","hadesmod:ArrayStrike+1","hadesmod:DrawDamage+","hadesmod:Snipe","hadesmod:Claws","hadesmod:Spin+","Writhe","hadesmod:Strikeshield","hadesmod:DrawDamage+"],"relics":["hadesmod:WeaponCharger","aspiration:Nostalgia","animeID:HeroCostume","LetterFromLob","CCEMRelics:PorcelainBowl","StuffTheSpire:Rhapsscallions","StuffTheSpire:NeowsTribute","MagicBullet_r","aspiration:TomeofQuesting","Hololive_Finger","StuffTheSpire:Tea","Akabeko","CCEMRelics:SelfSharpeningBlade","CCEMRelics:CocoNut","Strawberry"],"acts_visited":["Exordium","TheCity"],"potions_floor_usage":[14],"damage_taken":[{"damage":1,"enemies":"2 Louse","floor":1,"turns":3},{"damage":7,"enemies":"Jaw Worm","floor":2,"turns":4},{"damage":9,"enemies":"Cultist","floor":3,"turns":4},{"damage":12,"enemies":"Blue Slaver","floor":4,"turns":3},{"damage":17,"enemies":"Gremlin Nob","floor":8,"turns":4},{"damage":6,"enemies":"Red Slaver","floor":10,"turns":2},{"damage":16,"enemies":"3 Sentries","floor":11,"turns":5},{"damage":6,"enemies":"Gremlin Nob","floor":13,"turns":3},{"damage":0,"enemies":"Looter","floor":14,"turns":1},{"damage":15,"enemies":"Hexaghost","floor":16,"turns":9},{"damage":0,"enemies":"conspire:FuzzyDice","floor":18,"turns":4},{"damage":0,"enemies":"Spheric Guardian","floor":20,"turns":1},{"damage":13,"enemies":"Centurion and Healer","floor":21,"turns":4},{"damage":41,"enemies":"Slavers","floor":23,"turns":4},{"damage":0,"enemies":"3 Cultists","floor":24,"turns":3},{"damage":6,"enemies":"HollowMod:Nosk","floor":27,"turns":3},{"damage":0,"enemies":"Gremlin Leader","floor":30,"turns":2}],"seed_played":"-7256491511531272231","potions_obtained":[{"floor":1,"key":"PowerPotion"},{"floor":3,"key":"infinitespire:BlackPotion"},{"floor":11,"key":"AttackPotion"},{"floor":14,"key":"infinitespire:BlackPotion"}],"is_trial":false,"path_per_floor":["M","M","M","M","?","R","?","E","T","M","E","M","E","M","R","B",null,"M","?","M","M","?","E","M","R","T","E","R","$","E"],"character_chosen":"THE_HUNTRESS","items_purchased":["Strawberry"],"campfire_rested":0,"item_purchase_floors":[29],"current_hp_per_floor":[59,55,48,38,38,38,53,38,42,38,26,26,24,24,24,17,64,64,64,64,57,57,22,28,28,28,35,35,42,48,48],"gold":315,"neow_bonus":"NOSTALGIA","is_daily":false,"chose_seed":false,"campfire_upgraded":4,"win_rate":0.0,"timestamp":1612615285,"path_taken":["M","M","M","M","?","R","?","E","T","?","E","M","E","M","R","BOSS","M","?","M","?","?","E","?","R","T","E","R","$","E"],"items_purchased_type":["Relic"],"build_version":"2020-12-22","purchased_purges":0,"victory":false,"max_hp_per_floor":[60,60,60,60,60,60,60,60,64,64,64,64,64,64,64,64,64,64,64,64,64,64,64,64,64,64,69,69,76,76,76],"card_choices":[{"not_picked":["hadesmod:YatsuhashisDefence","hadesmod:CrescentStrike"],"picked":"hadesmod:JinnsKnowledge","floor":1},{"not_picked":["hadesmod:JinnsKnowledge","hadesmod:SlotSlash"],"picked":"hadesmod:FulcrumStrike","floor":2},{"not_picked":["hadesmod:SpookySplit","hadesmod:FierceCry"],"picked":"hadesmod:CutDust","floor":3},{"not_picked":["hadesmod:Strikeshield","hadesmod:MagnhildStrike"],"picked":"hadesmod:Claws","floor":4},{"not_picked":["hadesmod:CerberusStrike","hadesmod:FulcrumStrike"],"picked":"hadesmod:CrescentStrike","floor":8},{"not_picked":["hadesmod:Slide","hadesmod:HitDrawBurn","hadesmod:YatsuhashisDefence"],"picked":"SKIP","floor":10},{"not_picked":["hadesmod:GlanceShot","hadesmod:JinnsKnowledge"],"picked":"hadesmod:BitByBit","floor":11},{"not_picked":["hadesmod:MagnhildStrike","hadesmod:SlotSlash"],"picked":"hadesmod:Strikeshield","floor":13},{"not_picked":["hadesmod:CerberusStrike","hadesmod:Spin"],"picked":"hadesmod:ArrayStrike","floor":14},{"not_picked":["hadesmod:Velvet","hadesmod:OctoHit"],"picked":"hadesmod:DrawDamage","floor":16},{"not_picked":["hadesmod:YatsuhashisDefence","hadesmod:Strikeshield"],"picked":"hadesmod:Snipe","floor":18},{"not_picked":["hadesmod:CerberusStrike","hadesmod:FulcrumStrike"],"picked":"hadesmod:Claws","floor":20},{"not_picked":["hadesmod:MailBomb+1","hadesmod:JinnsKnowledge"],"picked":"hadesmod:Spin+","floor":21},{"not_picked":["hadesmod:CerberusStrike+1","hadesmod:CameraCamera"],"picked":"hadesmod:Strikeshield","floor":23},{"not_picked":["hadesmod:SlotSlash","hadesmod:SpookySplit","hadesmod:CameraSmack"],"picked":"SKIP","floor":24},{"not_picked":["hadesmod:GunCameras","hadesmod:Claws"],"picked":"hadesmod:DrawDamage","floor":27}],"player_experience":1417881,"relics_obtained":[{"floor":1,"key":"LetterFromLob"},{"floor":8,"key":"CCEMRelics:PorcelainBowl"},{"floor":9,"key":"StuffTheSpire:Rhapsscallions"},{"floor":11,"key":"StuffTheSpire:NeowsTribute"},{"floor":13,"key":"aspiration:TomeofQuesting"},{"floor":23,"key":"Akabeko"},{"floor":26,"key":"CCEMRelics:SelfSharpeningBlade"},{"floor":27,"key":"CCEMRelics:CocoNut"}],"event_choices":[{"damage_healed":15,"gold_gain":0,"player_choice":"Healed","damage_taken":0,"max_hp_gain":0,"max_hp_loss":0,"event_name":"The Cleric","floor":7,"gold_loss":35},{"damage_healed":0,"gold_gain":0,"player_choice":"Full Heal","damage_taken":0,"max_hp_gain":0,"max_hp_loss":0,"event_name":"Wheel of Change","floor":19,"gold_loss":0},{"damage_healed":0,"gold_gain":0,"player_choice":"Opened","damage_taken":0,"relics_obtained":["StuffTheSpire:Tea"],"max_hp_gain":0,"max_hp_loss":0,"event_name":"The Mausoleum","floor":22,"gold_loss":0,"cards_obtained":["Writhe"]}],"is_beta":false,"boss_relics":[{"not_picked":["Replay:Bronze Core","hubris:GrandSneckoEye"],"picked":"Hololive_Finger"}],"items_purged_floors":[],"is_endless":false,"potions_floor_spawned":[1,3,11,14,18,23],"killed_by":"Gremlin Leader","ascension_level":1}}