{"host":"q0ahhcf6jhp3yzzb","time":1612645752,"event":{"mods":["Ascension Unlocker","BaseMod","Bestiary","Downfall","Minty Spire (QoL Compilation)","Relic Stats","StSLib"],"gold_per_floor":[99,113,21,121,121,147,228,128,146,166,58,84,84,98,114,210,210,110,128,128,128,143,178,204,232,232,266,366,119,119,119,131,229,229,229,248,268,287,304,204,204,229,249,302,302,262,272,272,283,283,283,315,11,11,11,11,11,11],"floor_reached":56,"language":"ENG","playtime":4481,"items_purged":["champ:Strike","champ:Strike"],"score":964,"play_id":"940f5a05-dfb8-49c1-9df2-25f47d14d9c2","local_time":"20210206140912","is_ascension_mode":true,"campfire_choices":[{"data":"champ:Taunt","floor":1.0,"key":"SMITH"},{"data":"champ:Duel","floor":8.0,"key":"SMITH"},{"data":"champ:MurderStrike","floor":13.0,"key":"SMITH"},{"data":"champ:TripleStrike","floor":18.0,"key":"SMITH"},{"data":"champ:AdrenalArmor","floor":30,"key":"SMITH"},{"floor":35,"key":"RECALL"},{"data":"champ:DeathBlow","floor":40,"key":"SMITH"},{"data":"champ:PreciseThrust","floor":45,"key":"SMITH"},{"floor":54,"key":"REST"}],"circlet_count":0,"master_deck":["champ:Strike","champ:Strike","champ:Defend","champ:Defend","champ:Defend","champ:Defend","champ:Execute","champ:Taunt+1","champ:BerserkersShout","champ:PreciseThrust+1","champ:DeathBlow+1","champ:Duel+1","champ:BringItOn","champ:MurderStrike+1","champ:AdrenalArmor+1","champ:FocusedBerserking","champ:TripleStrike+1","champ:Shatter+1","Necronomicurse","champ:Haymaker","Parasite","champ:ShieldSlam+1","champ:Improvising+1","champ:FocusedBerserking+1","champ:FocusedBerserking+1","champ:StanceDance+1","champ:FanOfKnives+1","champ:ShieldWall+1","champ:EnGarde+1","champ:Backstep+1"],"relics":["champ:ChampionCrown","Juzu Bracelet","Oddly Smooth Stone","Bottled Lightning","downfall:HeartBlessingBlue","Pen Nib","Snecko Eye","downfall:HeartBlessingGreen","Necronomicon","Du-Vu Doll","Orichalcum","Pantograph","Frozen Egg 2","downfall:ExtraCursedKey","champ:BerserkersGuideToSlaughter","downfall:HeartBlessingRed","Mango","FossilizedHelix","Sundial","OrangePellets"],"acts_visited":["Exordium","TheCity","TheBeyond","TheEnding"],"potions_floor_usage":[56,56,56],"damage_taken":[{"damage":20.0,"enemies":"Cultist","floor":2.0,"turns":4.0},{"damage":35.0,"enemies":"downfall:FleeingMerchant","floor":3.0,"turns":4.0},{"damage":63.0,"enemies":"Lagavulin","floor":6.0,"turns":8.0},{"damage":10.0,"enemies":"Jaw Worm","floor":9.0,"turns":2.0},{"damage":16.0,"enemies":"Small Slimes","floor":10.0,"turns":3.0},{"damage":30.0,"enemies":"downfall:FleeingMerchant","floor":11.0,"turns":4.0},{"damage":56.0,"enemies":"3 Sentries","floor":12.0,"turns":6.0},{"damage":20.0,"enemies":"2 Fungi Beasts","floor":14.0,"turns":3.0},{"damage":25.0,"enemies":"3 Louse","floor":15.0,"turns":3.0},{"damage":80.0,"enemies":"SI_SHIV_ARCHETYPE","floor":16.0,"turns":9.0},{"damage":58.0,"enemies":"3 Byrds","floor":19.0,"turns":5.0},{"damage":20.0,"enemies":"Snake Plant","floor":22.0,"turns":3.0},{"damage":45.0,"enemies":"Book of Stabbing","floor":23.0,"turns":3.0},{"damage":67.0,"enemies":"Slavers","floor":25.0,"turns":5.0},{"damage":50,"enemies":"Gremlin Leader","floor":27,"turns":4},{"damage":50,"enemies":"downfall:FleeingMerchant","floor":29,"turns":4},{"damage":20,"enemies":"Shelled Parasite and Fungi","floor":32,"turns":2},{"damage":30,"enemies":"WA_ARCHETYPE_CALM","floor":33,"turns":5},{"damage":63,"enemies":"3 Darklings","floor":36,"turns":4},{"damage":15,"enemies":"3 Shapes","floor":37,"turns":2},{"damage":50,"enemies":"Spire Growth","floor":38,"turns":4},{"damage":15,"enemies":"Jaw Worm Horde","floor":39,"turns":2},{"damage":91,"enemies":"Giant Head","floor":42,"turns":5},{"damage":128,"enemies":"Maw","floor":43,"turns":6},{"damage":0,"enemies":"downfall:FleeingMerchant","floor":44,"turns":1},{"damage":20,"enemies":"Sphere and 2 Shapes","floor":47,"turns":3},{"damage":34,"enemies":"Writhing Mass","floor":49,"turns":4},{"damage":152,"enemies":"DF_ARCHETYPE_ORBS","floor":50,"turns":7},{"damage":104,"enemies":"downfall:CharBossMerchant","floor":52,"turns":6},{"damage":186,"enemies":"downfall:NeowBoss","floor":55,"turns":10},{"damage":205,"enemies":"downfall:NeowBossFinal","floor":56,"turns":11}],"seed_played":"-4198368073765424052","potions_obtained":[{"floor":2.0,"key":"Regen Potion"},{"floor":9.0,"key":"AttackPotion"},{"floor":15.0,"key":"champ:CounterPotion"},{"floor":21.0,"key":"CultistPotion"},{"floor":23.0,"key":"DuplicationPotion"},{"floor":25.0,"key":"SpeedPotion"}],"is_trial":false,"path_per_floor":["R","M","$","?","T","E","T","R","M","M","$","E","R","M","M","B",null,"R","M","?","?","M","E","T","E","?","E","?","$","R","?","M","B",null,"R","M","M","M","M","R","T","E","M","$","R","$","M","?","M","B",null,"E","$","R","B","B"],"character_chosen":"THE_CHAMP","items_purchased":["champ:DeathBlow","champ:AdrenalArmor","Strength Potion","champ:BerserkersGuideToSlaughter","FossilizedHelix","champ:ShieldWall+1","OrangePellets","SpeedPotion"],"campfire_rested":1,"item_purchase_floors":[3,11,11,29,44,46,53,53],"current_hp_per_floor":[90,90,90,90,90,67,67,77,77,76,76,65,65,65,65,65,100,100,97,81,81,81,66,66,63,63,63,63,63,63,63,73,100,100,100,100,100,75,85,85,85,103,95,95,95,95,110,110,111,77,114,100,100,114,98,0,0,0],"gold":11,"neow_bonus":"RANDOM_COMMON_RELIC","is_daily":false,"chose_seed":false,"campfire_upgraded":7,"win_rate":0.0,"timestamp":1612645752,"path_taken":["R","M","$","?","?","E","T","R","M","M","?","E","R","M","M","BOSS","R","M","?","?","M","E","T","E","?","E","?","$","R","?","M","BOSS","R","M","M","M","M","R","T","E","M","$","R","$","M","?","M","BOSS","E","$","R","BOSS","BOSS"],"items_purchased_type":["Card","Card","Potion","Relic","Relic","Card","Relic","Potion"],"build_version":"2020-12-22","purchased_purges":2,"victory":false,"max_hp_per_floor":[90,90,90,90,90,90,90,100,100,100,100,100,100,100,100,100,100,100,100,100,100,100,100,100,100,100,100,100,100,100,100,100,100,100,100,100,100,100,100,100,100,114,114,114,114,114,114,114,114,114,114,114,114,114,114,114,114,114],"relic_stats":{"OrangePellets":[6],"counters":[31,142],"Sundial":[2],"Pantograph":44,"Snecko Eye":[114,141,141,134],"Pen Nib":[27],"Juzu Bracelet":1,"Necronomicon":[35],"Orichalcum":[120],"obtain_stats":[{"downfall:HeartBlessingRed":40,"Oddly Smooth Stone":6,"champ:ChampionCrown":0,"downfall:HeartBlessingGreen":18,"Mango":42,"Pen Nib":12,"Juzu Bracelet":0,"Orichalcum":24,"Frozen Egg 2":27,"Du-Vu Doll":23,"OrangePellets":53,"downfall:HeartBlessingBlue":8,"Sundial":52,"Pantograph":25,"Snecko Eye":17,"downfall:ExtraCursedKey":28,"Necronomicon":20,"Bottled Lightning":7,"champ:BerserkersGuideToSlaughter":29,"FossilizedHelix":44},{"downfall:HeartBlessingRed":22,"Oddly Smooth Stone":3,"champ:ChampionCrown":0,"downfall:HeartBlessingGreen":10,"Mango":23,"Pen Nib":7,"Juzu Bracelet":0,"Orichalcum":13,"Frozen Egg 2":15,"Du-Vu Doll":13,"OrangePellets":29,"downfall:HeartBlessingBlue":3,"Sundial":29,"Pantograph":14,"Snecko Eye":10,"downfall:ExtraCursedKey":15,"Necronomicon":11,"Bottled Lightning":3,"champ:BerserkersGuideToSlaughter":16,"FossilizedHelix":25},{"downfall:HeartBlessingRed":89,"Oddly Smooth Stone":16,"champ:ChampionCrown":0,"downfall:HeartBlessingGreen":46,"Mango":94,"Pen Nib":31,"Juzu Bracelet":0,"Orichalcum":57,"Frozen Egg 2":66,"Du-Vu Doll":57,"OrangePellets":121,"downfall:HeartBlessingBlue":16,"Sundial":121,"Pantograph":62,"Snecko Eye":46,"downfall:ExtraCursedKey":66,"Necronomicon":51,"Bottled Lightning":16,"champ:BerserkersGuideToSlaughter":70,"FossilizedHelix":101}]},"card_choices":[{"not_picked":["champ:FanOfKnives","champ:EnragedBash"],"picked":"champ:BerserkersShout","floor":2.0},{"not_picked":["champ:IronFortress","champ:FlashCut"],"picked":"champ:PreciseThrust","floor":3.0},{"not_picked":["champ:FaceSlap","champ:Haymaker"],"picked":"champ:Duel","floor":6.0},{"not_picked":["champ:GutPunch","champ:StanceDance","champ:CalledShot"],"picked":"SKIP","floor":9.0},{"not_picked":["champ:StanceDance","champ:PreemptiveStrike"],"picked":"champ:BringItOn","floor":10.0},{"not_picked":["champ:RapidStrikes","champ:CrownThrow"],"picked":"champ:MurderStrike","floor":11.0},{"not_picked":["champ:TornadoPunch","champ:PreemptiveStrike","champ:FlashCut"],"picked":"SKIP","floor":12.0},{"not_picked":["champ:BringItOn","champ:AdrenalArmor"],"picked":"champ:FocusedBerserking","floor":14.0},{"not_picked":["champ:BringItOn","champ:StrikeOfGenius","champ:PerfectedStrike"],"picked":"SKIP","floor":15.0},{"not_picked":["champ:BringItOn","champ:StrikeOfGenius","champ:PerfectedStrike"],"picked":"SKIP","floor":15.0},{"not_picked":["champ:DancingMaster","champ:LastStand"],"picked":"champ:TripleStrike","floor":16.0},{"not_picked":["champ:Backstep+1","champ:Parry"],"picked":"champ:Shatter+1","floor":19.0},{"not_picked":["champ:DefensiveShout","champ:AdrenalArmor+1","champ:Haymaker"],"picked":"SKIP","floor":22.0},{"not_picked":["champ:RisingSlash","champ:Endure","champ:GladiatorStyle"],"picked":"SKIP","floor":23.0},{"not_picked":["champ:FocusedBerserking","champ:PreciseThrust","champ:FlashCut"],"picked":"SKIP","floor":25.0},{"not_picked":["champ:Shatter","champ:Haymaker","champ:SkillfulDodge"],"picked":"SKIP","floor":27},{"not_picked":["champ:Shatter","champ:SkillfulDodge"],"picked":"champ:Haymaker","floor":27},{"not_picked":["champ:IgnorePain","champ:SkillfulDodge+1"],"picked":"champ:ShieldSlam+1","floor":29},{"not_picked":["champ:StanceDance","champ:DefensiveShout","champ:BladeFlurry"],"picked":"SKIP","floor":32},{"not_picked":["champ:SwordThrow","champ:MurderStrike"],"picked":"champ:Improvising+1","floor":33},{"not_picked":["champ:EnGarde","champ:BerserkersShout"],"picked":"champ:FocusedBerserking+1","floor":36},{"not_picked":["champ:FancyFootwork+1","champ:ShieldSlam"],"picked":"champ:FocusedBerserking+1","floor":37},{"not_picked":["champ:TornadoPunch+1","champ:AdrenalArmor","champ:Circumvent+1"],"picked":"SKIP","floor":38},{"not_picked":["champ:FocusedDefense","champ:BerserkersShout","champ:Shatter+1"],"picked":"SKIP","floor":39},{"not_picked":["champ:Endure","champ:FlashCut"],"picked":"champ:StanceDance+1","floor":42},{"not_picked":["champ:RecklessLeap+1","champ:CrookedStrike","champ:Shatter"],"picked":"SKIP","floor":43},{"not_picked":["champ:PerfectedStrike+1","champ:SwordThrow"],"picked":"champ:FanOfKnives+1","floor":44},{"not_picked":["champ:SkillfulDodge+1","champ:BringItOn","champ:FocusedDefense"],"picked":"SKIP","floor":47},{"not_picked":["champ:EnGarde+1","champ:DefensiveShout+1","champ:RisingSlash"],"picked":"SKIP","floor":49},{"not_picked":["champ:DefensiveShout+1","champ:RisingSlash"],"picked":"champ:EnGarde+1","floor":49},{"not_picked":["champ:Haymaker","champ:DefensiveShout+1"],"picked":"champ:Backstep+1","floor":52}],"player_experience":891896,"relics_obtained":[{"floor":6.0,"key":"Oddly Smooth Stone"},{"floor":7.0,"key":"Bottled Lightning"},{"floor":12.0,"key":"Pen Nib"},{"floor":20.0,"key":"Necronomicon"},{"floor":23.0,"key":"Du-Vu Doll"},{"floor":24.0,"key":"Orichalcum"},{"floor":25.0,"key":"Pantograph"},{"floor":27,"key":"Frozen Egg 2"},{"floor":42,"key":"Mango"},{"floor":52,"key":"Sundial"}],"event_choices":[{"damage_healed":0.0,"max_hp_gain":0.0,"max_hp_loss":0.0,"gold_gain":0.0,"event_name":"Ghosts","player_choice":"Ignored","floor":26.0,"gold_loss":0.0,"damage_taken":0.0}],"is_beta":false,"boss_relics":[{"not_picked":["Astrolabe","Tiny House"],"picked":"Snecko Eye"},{"not_picked":["bronze:MakeshiftBattery","Velvet Choker","Coffee Dripper"]}],"items_purged_floors":[29,53],"is_endless":false,"potions_floor_spawned":[2,9,15,23,25,36,37,47],"killed_by":"downfall:NeowBossFinal","ascension_level":1}}