{"host":"soyfmymeou4emntr","time":1612582383,"event":{"mods":["BaseMod","BetterRewards","Minty Spire (QoL Compilation)","Relic Sorter","Relic Stats","StSLib"],"gold_per_floor":[117,117,137,137,150,150,182,182,182,182,195,160,17,48,48,125,125,145,70,100,100,118,118,128,163,237,237,255,290,290,240,240,311,311,331,345,356,371,371,398,415,430,430,430,459,471,503,59,59,59,59,59],"floor_reached":51,"language":"ENG","playtime":5337,"items_purged":[],"score":1670,"play_id":"663d10a0-8d1f-4a18-ac9c-c316540249d5","local_time":"20210205203303","is_ascension_mode":true,"campfire_choices":[{"data":"BowlingBash","floor":6.0,"key":"SMITH"},{"data":"SashWhip","floor":8.0,"key":"SMITH"},{"data":"EmptyFist","floor":10.0,"key":"SMITH"},{"data":"Wireheading","floor":15.0,"key":"SMITH"},{"data":"Devotion","floor":23.0,"key":"SMITH"},{"data":"Fasting2","floor":27.0,"key":"SMITH"},{"data":"Worship","floor":30.0,"key":"SMITH"},{"data":"Meditate","floor":32.0,"key":"SMITH"},{"data":"Ragnarok","floor":44,"key":"SMITH"},{"floor":49,"key":"RECALL"}],"circlet_count":0,"master_deck":["AscendersBane","Strike_P","Strike_P+1","Strike_P+1","Defend_P","Defend_P","Defend_P","Defend_P","Eruption+1","Vigilance","EmptyFist+1","BowlingBash+1","Halt","SashWhip+1","WheelKick","Wireheading+1","Meditate+1","Devotion+1","CutThroughFate","Fasting2+1","JustLucky","Brilliance","JustLucky","Worship+1","DevaForm","Halt+1","CrushJoints","Wallop","Ragnarok+1","Prostrate+1","Prostrate","TalkToTheHand+1","Apotheosis","Wireheading"],"relics":["HolyWater","Bag of Preparation","Meat on the Bone","Eternal Feather","Ornamental Fan","Red Mask","Vajra","Pear","Coffee Dripper","InkBottle","Mercury Hourglass","Singing Bowl","Molten Egg 2","ClockworkSouvenir"],"acts_visited":["Exordium","TheCity","TheBeyond"],"potions_floor_usage":[40,41,45,50],"damage_taken":[{"damage":0.0,"enemies":"Cultist","floor":1.0,"turns":2.0},{"damage":0.0,"enemies":"2 Louse","floor":3.0,"turns":2.0},{"damage":0.0,"enemies":"Jaw Worm","floor":5.0,"turns":1.0},{"damage":0.0,"enemies":"Gremlin Nob","floor":7.0,"turns":2.0},{"damage":0.0,"enemies":"Large Slime","floor":11.0,"turns":3.0},{"damage":19.0,"enemies":"Lagavulin","floor":14.0,"turns":4.0},{"damage":17.0,"enemies":"Hexaghost","floor":16.0,"turns":8.0},{"damage":8.0,"enemies":"Spheric Guardian","floor":18.0,"turns":3.0},{"damage":27.0,"enemies":"Masked Bandits","floor":20.0,"turns":5.0},{"damage":10.0,"enemies":"3 Byrds","floor":22.0,"turns":4.0},{"damage":11.0,"enemies":"Sentry and Sphere","floor":24.0,"turns":3.0},{"damage":13.0,"enemies":"Slavers","floor":25.0,"turns":6.0},{"damage":0.0,"enemies":"Snake Plant","floor":28.0,"turns":2.0},{"damage":0.0,"enemies":"Gremlin Leader","floor":29.0,"turns":4.0},{"damage":54.0,"enemies":"Collector","floor":33.0,"turns":4.0},{"damage":0,"enemies":"Orb Walker","floor":35,"turns":3},{"damage":0,"enemies":"3 Shapes","floor":36,"turns":4},{"damage":28,"enemies":"Spire Growth","floor":37,"turns":4},{"damage":0,"enemies":"Transient","floor":38,"turns":6},{"damage":14,"enemies":"Reptomancer","floor":40,"turns":6},{"damage":11,"enemies":"3 Darklings","floor":41,"turns":5},{"damage":21,"enemies":"Maw","floor":42,"turns":7},{"damage":0,"enemies":"Nemesis","floor":45,"turns":1},{"damage":1,"enemies":"Transient","floor":46,"turns":6},{"damage":1,"enemies":"Giant Head","floor":47,"turns":3},{"damage":23,"enemies":"Time Eater","floor":50,"turns":6},{"damage":65,"enemies":"Donu and Deca","floor":51,"turns":4}],"seed_played":"-7958123098676227174","potions_obtained":[{"floor":3.0,"key":"Fire Potion"},{"floor":14.0,"key":"Dexterity Potion"},{"floor":18.0,"key":"Energy Potion"},{"floor":24.0,"key":"Fire Potion"},{"floor":33.0,"key":"SkillPotion"},{"floor":35,"key":"Dexterity Potion"},{"floor":36,"key":"LiquidMemories"},{"floor":38,"key":"Block Potion"},{"floor":40,"key":"SkillPotion"},{"floor":46,"key":"FearPotion"}],"is_trial":false,"path_per_floor":["M","?","M","?","M","R","E","R","T","R","M","?","$","E","R","B",null,"M","?","?","?","M","R","M","E","T","R","M","E","R","?","R","B",null,"M","M","M","M","?","E","M","M","T","R","E","M","E","$","R","B","B"],"character_chosen":"WATCHER","items_purchased":["Wireheading","Strength Potion","ClockworkSouvenir","Apotheosis","SpeedPotion","Wireheading"],"campfire_rested":0,"item_purchase_floors":[13,13,48,48,48,48],"current_hp_per_floor":[61,41,41,41,41,41,41,41,41,50,50,67,67,48,57,40,61,53,53,38,38,40,52,41,40,40,52,52,62,77,77,78,36,68,68,68,40,40,78,64,53,44,44,62,64,63,62,62,80,57,0,0],"gold":59,"neow_bonus":"RANDOM_COMMON_RELIC","is_daily":false,"chose_seed":false,"campfire_upgraded":9,"win_rate":0.0,"timestamp":1612582383,"path_taken":["M","?","M","?","M","R","E","R","T","R","M","?","?","E","R","BOSS","M","?","?","?","M","R","M","E","T","R","M","E","R","?","R","BOSS","M","M","M","?","?","E","M","M","T","R","E","M","E","$","R","BOSS","BOSS"],"items_purchased_type":["Card","Potion","Relic","Card","Potion","Card"],"build_version":"2020-12-22","purchased_purges":0,"victory":false,"max_hp_per_floor":[68,68,68,68,68,68,68,68,68,68,68,68,68,68,68,68,68,68,68,68,68,68,68,68,68,68,68,68,78,78,78,78,78,78,78,78,78,78,78,78,78,78,78,78,80,80,80,80,80,80,80,80],"relic_stats":{"Singing Bowl":2,"counters":[27,108],"Ornamental Fan":[180],"Eternal Feather":94,"Bag of Preparation":[54],"obtain_stats":[{"Pear":29,"Singing Bowl":45,"Vajra":25,"Eternal Feather":9,"Bag of Preparation":0,"Mercury Hourglass":43,"ClockworkSouvenir":48,"Ornamental Fan":14,"HolyWater":17,"Molten Egg 2":47,"Red Mask":20,"Coffee Dripper":34,"PureWater":0,"InkBottle":40,"Meat on the Bone":7},{"Pear":14,"Singing Bowl":23,"Vajra":12,"Eternal Feather":4,"Bag of Preparation":0,"Mercury Hourglass":22,"ClockworkSouvenir":25,"Ornamental Fan":6,"HolyWater":7,"Molten Egg 2":25,"Red Mask":9,"Coffee Dripper":15,"PureWater":0,"InkBottle":20,"Meat on the Bone":4},{"Pear":49,"Singing Bowl":89,"Vajra":43,"Eternal Feather":7,"Bag of Preparation":0,"Mercury Hourglass":88,"ClockworkSouvenir":98,"Ornamental Fan":14,"HolyWater":22,"Molten Egg 2":98,"Red Mask":30,"Coffee Dripper":53,"PureWater":0,"InkBottle":76,"Meat on the Bone":7}],"InkBottle":[15],"Meat on the Bone":60,"Mercury Hourglass":[57]},"card_choices":[{"not_picked":["EmptyMind","FollowUp"],"picked":"EmptyFist","floor":1.0},{"not_picked":["FollowUp","Worship"],"picked":"BowlingBash","floor":3.0},{"not_picked":["Meditate","Worship"],"picked":"Halt","floor":5.0},{"not_picked":["Perseverance","ClearTheMind"],"picked":"SashWhip","floor":7.0},{"not_picked":["ConjureBlade","Consecrate"],"picked":"WheelKick","floor":11.0},{"not_picked":["Halt","Adaptation"],"picked":"Meditate","floor":14.0},{"not_picked":["MasterReality","Blasphemy"],"picked":"Devotion","floor":16.0},{"not_picked":["Vengeance","JustLucky"],"picked":"CutThroughFate","floor":18.0},{"not_picked":["CutThroughFate","JustLucky"],"picked":"Fasting2","floor":20.0},{"not_picked":["Evaluate","Swivel+1"],"picked":"JustLucky","floor":22.0},{"not_picked":["CrushJoints","FlurryOfBlows"],"picked":"Brilliance","floor":24.0},{"not_picked":["ConjureBlade","Study"],"picked":"JustLucky","floor":25.0},{"not_picked":["WheelKick","Collect"],"picked":"SandsOfTime","floor":28.0},{"not_picked":["ClearTheMind","Prostrate"],"picked":"Worship","floor":29.0},{"not_picked":["Ragnarok","DeusExMachina"],"picked":"DevaForm","floor":33.0},{"not_picked":["EmptyBody","ThirdEye"],"picked":"Halt+1","floor":35},{"not_picked":["WindmillStrike","ClearTheMind+1","FollowUp"],"picked":"SKIP","floor":36},{"not_picked":["Halt","BowlingBash"],"picked":"CrushJoints","floor":37},{"not_picked":["CrushJoints","WheelKick+1"],"picked":"Wallop","floor":38},{"not_picked":["JustLucky+1","PathToVictory"],"picked":"Ragnarok","floor":40},{"not_picked":["Vengeance","BowlingBash+1"],"picked":"Prostrate+1","floor":41},{"not_picked":["FollowUp","EmptyFist+1","SignatureMove"],"picked":"SKIP","floor":42},{"not_picked":["CarveReality","EmptyFist","WreathOfFlame"],"picked":"Singing Bowl","floor":45},{"not_picked":["CrushJoints","Crescendo"],"picked":"Prostrate","floor":46},{"not_picked":["Wireheading","Worship"],"picked":"TalkToTheHand+1","floor":47}],"player_experience":3072311,"relics_obtained":[{"floor":7.0,"key":"Meat on the Bone"},{"floor":9.0,"key":"Eternal Feather"},{"floor":14.0,"key":"Ornamental Fan"},{"floor":20.0,"key":"Red Mask"},{"floor":25.0,"key":"Vajra"},{"floor":29.0,"key":"Pear"},{"floor":40,"key":"InkBottle"},{"floor":43,"key":"Mercury Hourglass"},{"floor":45,"key":"Singing Bowl"},{"floor":47,"key":"Molten Egg 2"}],"event_choices":[{"damage_healed":0.0,"max_hp_gain":0.0,"max_hp_loss":0.0,"gold_gain":0.0,"event_name":"Shining Light","player_choice":"Entered Light","floor":2.0,"gold_loss":0.0,"damage_taken":20.0,"cards_upgraded":["Strike_P","Strike_P"]},{"damage_healed":0.0,"max_hp_gain":0.0,"max_hp_loss":0.0,"gold_gain":0.0,"event_name":"Living Wall","player_choice":"Grow","floor":4.0,"gold_loss":0.0,"damage_taken":0.0,"cards_upgraded":["Eruption"]},{"damage_healed":17.0,"max_hp_gain":0.0,"max_hp_loss":0.0,"gold_gain":0.0,"event_name":"The Cleric","player_choice":"Healed","floor":12.0,"gold_loss":35.0,"damage_taken":0.0},{"cards_removed":["Strike_P"],"damage_healed":0.0,"max_hp_gain":0.0,"max_hp_loss":0.0,"gold_gain":0.0,"event_name":"Beggar","player_choice":"Gave Gold","floor":19.0,"gold_loss":75.0,"damage_taken":0.0},{"damage_healed":0.0,"max_hp_gain":0.0,"max_hp_loss":0.0,"gold_gain":0.0,"event_name":"Masked Bandits","player_choice":"Fought Bandits","floor":20.0,"gold_loss":0.0,"damage_taken":0.0},{"damage_healed":0.0,"max_hp_gain":0.0,"max_hp_loss":0.0,"gold_gain":0.0,"event_name":"The Mausoleum","player_choice":"Ignored","floor":21.0,"gold_loss":0.0,"damage_taken":0.0},{"damage_healed":0.0,"max_hp_gain":0.0,"max_hp_loss":0.0,"gold_gain":0.0,"event_name":"The Joust","player_choice":"Bet on Murderer","floor":31.0,"gold_loss":50.0,"damage_taken":0.0},{"cards_removed":["SandsOfTime"],"damage_healed":38,"gold_gain":0,"player_choice":"Offered Uncommon","damage_taken":0,"max_hp_gain":0,"max_hp_loss":0,"event_name":"Bonfire Elementals","floor":39,"gold_loss":0}],"is_beta":false,"boss_relics":[{"not_picked":["Cursed Key","Runic Dome"],"picked":"HolyWater"},{"not_picked":["Calling Bell","VioletLotus"],"picked":"Coffee Dripper"}],"items_purged_floors":[],"is_endless":false,"potions_floor_spawned":[3,14,18,24,33,35,36,38,40,46],"killed_by":"Donu and Deca","ascension_level":20}}