{"host":"52m1o8iwwagurbjs","time":1612581974,"event":{"mods":["AchievementEnabler","BaseMod","Bestiary","Challenge The Spire","Colored Powertips","GifTheSpireLib","Minty Spire (QoL Compilation)","Quick Restart","Relic Stats","StSLib"],"gold_per_floor":[111,13,29,29,41,72,72,98,98,115,41,141,141,159,159,256,256,275,294,294,219,233,260,175,205,205,215,314,347,347,347,347,452,452,466,466,466],"floor_reached":36,"language":"ENG","playtime":1178,"items_purged":["Strike_B"],"score":529,"play_id":"290a0bac-f7d5-4150-ba9b-8d625c003183","local_time":"20210205222614","is_ascension_mode":true,"campfire_choices":[{"data":"Coolheaded","floor":7.0,"key":"SMITH"},{"data":"Creative AI","floor":13.0,"key":"SMITH"},{"data":"Defragment","floor":15.0,"key":"SMITH"},{"floor":32.0,"key":"REST"}],"circlet_count":0,"master_deck":["Strike_B","Strike_B","Strike_B","Defend_B","Defend_B","Defend_B","Defend_B","Zap","Dualcast","Coolheaded+1","Conserve Battery","Rip and Tear","Turbo","Chill","Doom and Gloom","Creative AI+1","Skim","Defragment+1","Biased Cognition","Cold Snap+1","Defragment","Necronomicurse","Steam","Skim","Heatsinks","Ghostly","Ghostly","Ghostly","Ghostly","Ghostly","Reboot","Ball Lightning+1"],"relics":["Cracked Core","Art of War","Mercury Hourglass","Darkstone Periapt","Letter Opener","Fusion Hammer","Necronomicon","Juzu Bracelet","Pear","Blood Vial","Sundial","Molten Egg 2","Cursed Key"],"acts_visited":["Exordium","TheCity","TheBeyond"],"potions_floor_usage":[],"damage_taken":[{"damage":0.0,"enemies":"Cultist","floor":1.0,"turns":4.0},{"damage":0.0,"enemies":"Small Slimes","floor":3.0,"turns":3.0},{"damage":1.0,"enemies":"Jaw Worm","floor":5.0,"turns":3.0},{"damage":15.0,"enemies":"3 Sentries","floor":6.0,"turns":10.0},{"damage":7.0,"enemies":"Lagavulin","floor":8.0,"turns":7.0},{"damage":4.0,"enemies":"3 Louse","floor":10.0,"turns":3.0},{"damage":1.0,"enemies":"2 Fungi Beasts","floor":14.0,"turns":2.0},{"damage":19.0,"enemies":"Hexaghost","floor":16.0,"turns":10.0},{"damage":0.0,"enemies":"Spheric Guardian","floor":18.0,"turns":4.0},{"damage":3.0,"enemies":"Chosen","floor":19.0,"turns":4.0},{"damage":0.0,"enemies":"Centurion and Healer","floor":22.0,"turns":5.0},{"damage":8.0,"enemies":"Book of Stabbing","floor":23.0,"turns":5.0},{"damage":25.0,"enemies":"Slavers","floor":25.0,"turns":3.0},{"damage":22.0,"enemies":"Snake Plant","floor":27.0,"turns":4.0},{"damage":1.0,"enemies":"Book of Stabbing","floor":29.0,"turns":5.0},{"damage":0.0,"enemies":"Collector","floor":33.0,"turns":10.0},{"damage":0.0,"enemies":"Orb Walker","floor":35.0,"turns":4.0}],"seed_played":"-7083426118397467571","potions_obtained":[{"floor":3.0,"key":"DuplicationPotion"},{"floor":4.0,"key":"CultistPotion"},{"floor":8.0,"key":"Strength Potion"},{"floor":16.0,"key":"Dexterity Potion"},{"floor":19.0,"key":"Strength Potion"},{"floor":22.0,"key":"PowerPotion"},{"floor":27.0,"key":"Energy Potion"},{"floor":35.0,"key":"SpeedPotion"}],"is_trial":false,"path_per_floor":["M","$","M","?","M","E","R","E","T","M","$","?","R","M","R","B",null,"M","M","?","$","M","E","?","E","T","M","?","E","?","?","R","B",null,"M","?"],"character_chosen":"DEFECT","items_purchased":["Conserve Battery","Block Potion","Skim"],"campfire_rested":1,"item_purchase_floors":[2,2,11],"current_hp_per_floor":[75,75,75,75,74,59,59,52,52,48,48,48,48,47,47,28,75,75,72,62,62,62,54,64,39,39,19,19,20,20,20,33,35,45,45,45,45],"gold":466,"neow_bonus":"RANDOM_COMMON_RELIC","is_daily":false,"chose_seed":false,"campfire_upgraded":3,"win_rate":0.0,"timestamp":1612581974,"path_taken":["M","$","M","?","?","E","R","E","T","M","$","?","R","M","R","BOSS","M","M","?","$","M","E","?","E","T","M","?","E","?","?","R","BOSS","M","?"],"items_purchased_type":["Card","Potion","Card"],"build_version":"2020-12-22","purchased_purges":1,"victory":false,"max_hp_per_floor":[75,75,75,75,75,75,75,75,75,75,75,75,75,75,75,75,75,75,75,81,81,81,81,91,91,91,91,91,91,91,45,45,45,45,45,45,45],"relic_stats":{"Darkstone Periapt":6,"Blood Vial":6,"counters":[17,85],"Sundial":[4],"Art of War":[27],"Necronomicon":[7],"Juzu Bracelet":0,"Letter Opener":[120],"Cursed Key":0,"obtain_stats":[{"Darkstone Periapt":8,"Pear":24,"Juzu Bracelet":23,"Letter Opener":9,"Cursed Key":34,"Mercury Hourglass":6,"Blood Vial":25,"Sundial":26,"Molten Egg 2":29,"Fusion Hammer":17,"Art of War":0,"Necronomicon":20,"Cracked Core":0},{"Darkstone Periapt":5,"Pear":12,"Juzu Bracelet":12,"Letter Opener":5,"Cursed Key":16,"Mercury Hourglass":4,"Blood Vial":13,"Sundial":13,"Molten Egg 2":15,"Fusion Hammer":8,"Art of War":0,"Necronomicon":10,"Cracked Core":0},{"Darkstone Periapt":27,"Pear":60,"Juzu Bracelet":60,"Letter Opener":27,"Cursed Key":82,"Mercury Hourglass":20,"Blood Vial":63,"Sundial":63,"Molten Egg 2":72,"Fusion Hammer":42,"Art of War":0,"Necronomicon":50,"Cracked Core":0}],"Mercury Hourglass":[231]},"card_choices":[{"not_picked":["Streamline","Leap"],"picked":"Coolheaded","floor":1.0},{"not_picked":["Hologram","Storm"],"picked":"Rip and Tear","floor":3.0},{"not_picked":["Auto Shields","Hologram"],"picked":"Turbo","floor":5.0},{"not_picked":["Coolheaded","Sweeping Beam"],"picked":"Chill","floor":6.0},{"not_picked":["Leap","Steam Power"],"picked":"Doom and Gloom","floor":8.0},{"not_picked":["Streamline","Ball Lightning"],"picked":"Creative AI","floor":10.0},{"not_picked":["Redo","White Noise"],"picked":"Defragment","floor":14.0},{"not_picked":["Machine Learning","Multi-Cast"],"picked":"Biased Cognition","floor":16.0},{"not_picked":["Stack","Ball Lightning"],"picked":"Cold Snap+1","floor":18.0},{"not_picked":["Ball Lightning","Barrage+1"],"picked":"Defragment","floor":19.0},{"not_picked":["Static Discharge","Ball Lightning+1"],"picked":"Steam","floor":22.0},{"not_picked":["Sunder","Compile Driver","Redo"],"picked":"SKIP","floor":23.0},{"not_picked":["Ball Lightning","Tempest","Blizzard+1"],"picked":"SKIP","floor":25.0},{"not_picked":["Cold Snap+1","FTL"],"picked":"Skim","floor":27.0},{"not_picked":["Hyperbeam+1","Undo"],"picked":"Heatsinks","floor":29.0},{"not_picked":["Thunder Strike+1","Biased Cognition"],"picked":"Reboot","floor":33.0},{"not_picked":["Conserve Battery+1","Blizzard+1"],"picked":"Ball Lightning+1","floor":35.0}],"player_experience":1311999,"relics_obtained":[{"floor":6.0,"key":"Mercury Hourglass"},{"floor":8.0,"key":"Darkstone Periapt"},{"floor":9.0,"key":"Letter Opener"},{"floor":20.0,"key":"Necronomicon"},{"floor":23.0,"key":"Juzu Bracelet"},{"floor":25.0,"key":"Blood Vial"},{"floor":26.0,"key":"Sundial"},{"floor":29.0,"key":"Molten Egg 2"}],"event_choices":[{"damage_healed":0.0,"max_hp_gain":0.0,"max_hp_loss":0.0,"gold_gain":0.0,"event_name":"Lab","player_choice":"Got Potions","floor":4.0,"gold_loss":0.0,"damage_taken":0.0},{"damage_healed":0.0,"max_hp_gain":0.0,"max_hp_loss":0.0,"gold_gain":100.0,"event_name":"Golden Shrine","player_choice":"Pray","floor":12.0,"gold_loss":0.0,"damage_taken":0.0},{"damage_healed":0.0,"max_hp_gain":0.0,"max_hp_loss":0.0,"gold_gain":0.0,"event_name":"Cursed Tome","player_choice":"Obtained Book","floor":20.0,"gold_loss":0.0,"damage_taken":16.0},{"damage_healed":0.0,"max_hp_gain":0.0,"max_hp_loss":0.0,"gold_gain":0.0,"event_name":"Addict","player_choice":"Obtained Relic","floor":24.0,"gold_loss":85.0,"damage_taken":0.0,"relics_obtained":["Pear"]},{"damage_healed":0.0,"max_hp_gain":0.0,"max_hp_loss":0.0,"gold_gain":99.0,"event_name":"Nest","player_choice":"Stole From Cult","floor":28.0,"gold_loss":0.0,"damage_taken":0.0},{"damage_healed":0.0,"max_hp_gain":0.0,"max_hp_loss":0.0,"gold_gain":0.0,"event_name":"Vampires","player_choice":"Ignored","floor":30.0,"gold_loss":0.0,"damage_taken":0.0},{"damage_healed":0.0,"max_hp_gain":0.0,"max_hp_loss":46.0,"gold_gain":0.0,"event_name":"Ghosts","player_choice":"Became a Ghost","floor":31.0,"gold_loss":0.0,"damage_taken":0.0,"cards_obtained":["Ghostly","Ghostly","Ghostly","Ghostly","Ghostly"]}],"is_beta":false,"boss_relics":[{"not_picked":["Snecko Eye","Tiny House"],"picked":"Fusion Hammer"},{"not_picked":["Nuclear Battery","Inserter"],"picked":"Cursed Key"}],"items_purged_floors":[21],"is_endless":false,"potions_floor_spawned":[3,8,16,19,22,23,27,35],"ascension_level":1}}