{"host":"oehe2dxjvdgux73m","time":1612625015,"event":{"mods":["AchievementEnabler","BaseMod","Colored Map","Colored Powertips","DeckTracker","Keyboard Shortcuts","Minty Spire (QoL Compilation)","Permanent Neow","Quick Restart","StSLib","SuperFastMode"],"gold_per_floor":[17,17,30,98,115,115,165,165,165,165,1,1,1,34,34,106,106,118,87,102,21,32,32,32],"floor_reached":23,"language":"KOR","playtime":557,"items_purged":[],"score":389,"play_id":"54a79c93-da25-439a-a48a-876caaa41246","local_time":"20210207002335","is_ascension_mode":true,"campfire_choices":[{"data":"Body Slam","floor":6.0,"key":"SMITH"},{"data":"Fiend Fire","floor":8.0,"key":"SMITH"},{"data":"Barricade","floor":10.0,"key":"SMITH"},{"data":"Entrench","floor":12.0,"key":"SMITH"},{"data":"Battle Trance","floor":15.0,"key":"SMITH"}],"circlet_count":0,"master_deck":["AscendersBane","Strike_R","Strike_R","Strike_R","Defend_R","Defend_R","Defend_R","Defend_R","Bash","Barricade+1","Dual Wield","Battle Trance+1","Fiend Fire+1","Body Slam+1","Second Wind","Entrench+1","Feel No Pain","Double Tap","Juggernaut"],"relics":["Burning Blood","SsserpentHead","Bottled Lightning","Meat on the Bone","Sozu"],"acts_visited":["Exordium","TheCity"],"potions_floor_usage":[],"damage_taken":[{"damage":14.0,"enemies":"Jaw Worm","floor":1.0,"turns":5.0},{"damage":6.0,"enemies":"Cultist","floor":3.0,"turns":3.0},{"damage":4.0,"enemies":"Small Slimes","floor":4.0,"turns":4.0},{"damage":11.0,"enemies":"Red Slaver","floor":5.0,"turns":4.0},{"damage":0.0,"enemies":"Gremlin Nob","floor":14.0,"turns":1.0},{"damage":11.0,"enemies":"Slime Boss","floor":16.0,"turns":8.0},{"damage":0.0,"enemies":"Spheric Guardian","floor":18.0,"turns":1.0},{"damage":15.0,"enemies":"2 Thieves","floor":19.0,"turns":5.0},{"damage":20.0,"enemies":"Snecko","floor":20.0,"turns":5.0},{"damage":21.0,"enemies":"Snake Plant","floor":22.0,"turns":5.0},{"damage":52,"enemies":"Book of Stabbing","floor":23,"turns":5}],"seed_played":"-7973356305155984219","potions_obtained":[{"floor":1.0,"key":"Regen Potion"},{"floor":4.0,"key":"AttackPotion"},{"floor":7.0,"key":"ColorlessPotion"}],"is_trial":false,"path_per_floor":["M","?","M","M","M","R","?","R","T","R","$","R","$","E","R","B",null,"M","M","M","$","M","E"],"character_chosen":"IRONCLAD","items_purchased":["Entrench","Feel No Pain","Juggernaut"],"campfire_rested":0,"item_purchase_floors":[11,11,21],"current_hp_per_floor":[60,60,60,62,69,69,69,69,69,69,69,69,69,75,75,70,74,75,66,52,52,49,0,0],"gold":32,"neow_bonus":"TRANSFORM_TWO_CARDS","is_daily":false,"chose_seed":false,"campfire_upgraded":5,"win_rate":0.0,"timestamp":1612625015,"path_taken":["M","?","M","?","M","R","?","R","T","R","$","R","$","E","R","BOSS","M","M","M","$","M","E"],"items_purchased_type":["Card","Card","Card"],"build_version":"2020-12-22","purchased_purges":0,"victory":false,"max_hp_per_floor":[75,75,75,75,75,75,75,75,75,75,75,75,75,75,75,75,75,75,75,75,75,75,75,75],"card_choices":[{"not_picked":["Havoc","Warcry"],"picked":"Battle Trance","floor":1.0},{"not_picked":["Anger","Twin Strike"],"picked":"Fiend Fire","floor":3.0},{"not_picked":["Perfected Strike","Sword Boomerang"],"picked":"Body Slam","floor":4.0},{"not_picked":["Dual Wield","Twin Strike"],"picked":"Second Wind","floor":5.0},{"not_picked":["Warcry","Combust","Inflame"],"picked":"SKIP","floor":14.0},{"not_picked":["Barricade","Fiend Fire"],"picked":"Double Tap","floor":16.0},{"not_picked":["Perfected Strike","True Grit","Pummel"],"picked":"SKIP","floor":18.0},{"not_picked":["Twin Strike","Spot Weakness","Iron Wave"],"picked":"SKIP","floor":19.0},{"not_picked":["Headbutt","Thunderclap","Anger"],"picked":"SKIP","floor":20.0},{"not_picked":["Sword Boomerang","Anger","Rupture"],"picked":"SKIP","floor":22.0}],"player_experience":395839,"relics_obtained":[{"floor":9.0,"key":"Bottled Lightning"},{"floor":14.0,"key":"Meat on the Bone"}],"event_choices":[{"damage_healed":0.0,"max_hp_gain":0.0,"max_hp_loss":0.0,"gold_gain":0.0,"event_name":"FaceTrader","player_choice":"Trade","floor":2.0,"gold_loss":0.0,"damage_taken":0.0,"relics_obtained":["SsserpentHead"]},{"damage_healed":0.0,"max_hp_gain":0.0,"max_hp_loss":0.0,"gold_gain":0.0,"event_name":"Lab","player_choice":"Got Potions","floor":7.0,"gold_loss":0.0,"damage_taken":0.0}],"is_beta":false,"boss_relics":[{"not_picked":["Ectoplasm","Velvet Choker"],"picked":"Sozu"}],"items_purged_floors":[],"is_endless":false,"potions_floor_spawned":[1,4,18,20],"killed_by":"Book of Stabbing","ascension_level":16}}