{"host":"ypphcgdomtfqpc2w","time":1612612025,"event":{"mods":["BaseMod","DeckTracker","Minty Spire (QoL Compilation)","Relic Stats","StSLib"],"gold_per_floor":[16,16,32,32,32,32,43,69,69,79,91,108,108,119,119,190,190,204,254,269,287,14,14,14,14],"floor_reached":24,"language":"ENG","playtime":1846,"items_purged":[],"score":400,"play_id":"9f3703b7-438b-4528-b806-94031a135f73","local_time":"20210206204705","is_ascension_mode":true,"campfire_choices":[{"floor":6.0,"key":"REST"},{"floor":15.0,"key":"REST"},{"floor":23.0,"key":"REST"}],"circlet_count":0,"master_deck":["AscendersBane","Strike_G","Strike_G+1","Strike_G","Strike_G","Defend_G","Defend_G+1","Defend_G","Defend_G","Survivor","Neutralize","Underhanded Strike","Skewer+1","Caltrops","Backflip","Acrobatics","PiercingWail","Noxious Fumes","Poisoned Stab","Escape Plan","Prepared","Corpse Explosion","PiercingWail","Tactician+1"],"relics":["Ring of the Serpent","Mummified Hand","Question Card","Ornamental Fan","Eternal Feather"],"acts_visited":["Exordium","TheCity"],"potions_floor_usage":[],"damage_taken":[{"damage":1.0,"enemies":"Small Slimes","floor":1.0,"turns":3.0},{"damage":6.0,"enemies":"2 Louse","floor":3.0,"turns":3.0},{"damage":5.0,"enemies":"Jaw Worm","floor":7.0,"turns":2.0},{"damage":14.0,"enemies":"Lagavulin","floor":8.0,"turns":7.0},{"damage":3.0,"enemies":"Lots of Slimes","floor":10.0,"turns":4.0},{"damage":8.0,"enemies":"Large Slime","floor":11.0,"turns":4.0},{"damage":9.0,"enemies":"Exordium Thugs","floor":12.0,"turns":5.0},{"damage":9.0,"enemies":"Lots of Slimes","floor":14.0,"turns":4.0},{"damage":23.0,"enemies":"Hexaghost","floor":16.0,"turns":9.0},{"damage":10.0,"enemies":"Spheric Guardian","floor":18.0,"turns":5.0},{"damage":0.0,"enemies":"3 Byrds","floor":20.0,"turns":4.0},{"damage":41.0,"enemies":"Cultist and Chosen","floor":21.0,"turns":5.0},{"damage":35,"enemies":"Book of Stabbing","floor":24,"turns":4}],"seed_played":"6019241204037598905","potions_obtained":[{"floor":1.0,"key":"AttackPotion"},{"floor":7.0,"key":"CunningPotion"},{"floor":16.0,"key":"SkillPotion"},{"floor":20.0,"key":"SteroidPotion"}],"is_trial":false,"path_per_floor":["M","?","M","?","?","R","M","E","T","M","M","M","?","M","R","B",null,"M","?","M","M","$","R","E"],"character_chosen":"THE_SILENT","items_purchased":["Eternal Feather"],"campfire_rested":3,"item_purchase_floors":[22],"current_hp_per_floor":[58,58,52,32,21,40,35,21,21,18,10,1,23,14,33,10,52,42,42,42,1,1,32,0,0],"gold":14,"neow_bonus":"TRANSFORM_TWO_CARDS","is_daily":false,"chose_seed":false,"campfire_upgraded":0,"win_rate":0.0,"timestamp":1612612025,"path_taken":["M","?","M","?","?","R","M","E","T","?","?","M","?","M","R","BOSS","M","?","M","?","$","R","E"],"items_purchased_type":["Relic"],"build_version":"2020-12-22","purchased_purges":0,"victory":false,"max_hp_per_floor":[66,66,66,66,66,66,66,66,66,66,66,66,66,66,66,66,66,66,66,66,66,66,66,66,66],"relic_stats":{"counters":[13,59],"Mummified Hand":[20],"Ornamental Fan":[60],"Eternal Feather":12,"Question Card":8,"obtain_stats":[{"Mummified Hand":5,"Ornamental Fan":9,"Eternal Feather":22,"Question Card":8,"Ring of the Serpent":17,"Ring of the Snake":0},{"Mummified Hand":2,"Ornamental Fan":4,"Eternal Feather":12,"Question Card":4,"Ring of the Serpent":9,"Ring of the Snake":0},{"Mummified Hand":6,"Ornamental Fan":15,"Eternal Feather":55,"Question Card":15,"Ring of the Serpent":41,"Ring of the Snake":0}]},"card_choices":[{"not_picked":["Underhanded Strike","Infinite Blades"],"picked":"Caltrops","floor":1.0},{"not_picked":["Flechettes","Sucker Punch"],"picked":"Backflip","floor":3.0},{"not_picked":["Terror","PiercingWail"],"picked":"Acrobatics","floor":7.0},{"not_picked":["Riddle With Holes","Endless Agony"],"picked":"PiercingWail","floor":8.0},{"not_picked":["Bullet Time","Tactician","Dagger Spray"],"picked":"Noxious Fumes","floor":10.0},{"not_picked":["Underhanded Strike","Flying Knee","Skewer"],"picked":"Poisoned Stab","floor":11.0},{"not_picked":["Quick Slash","Choke","Expertise"],"picked":"Escape Plan","floor":12.0},{"not_picked":["Acrobatics","Predator","Outmaneuver"],"picked":"Prepared","floor":14.0},{"not_picked":["Grand Finale","Venomology","Die Die Die"],"picked":"Corpse Explosion","floor":16.0},{"not_picked":["Eviscerate","Sucker Punch","Caltrops"],"picked":"PiercingWail","floor":18.0},{"not_picked":["Acrobatics","Distraction","Sucker Punch+1","Flying Knee"],"picked":"SKIP","floor":20.0},{"not_picked":["Bane","Underhanded Strike","Heel Hook"],"picked":"Tactician+1","floor":21.0}],"player_experience":2148722,"relics_obtained":[{"floor":8.0,"key":"Question Card"},{"floor":9.0,"key":"Ornamental Fan"}],"event_choices":[{"damage_healed":0.0,"max_hp_gain":0.0,"max_hp_loss":0.0,"gold_gain":0.0,"event_name":"Living Wall","player_choice":"Grow","floor":2.0,"gold_loss":0.0,"damage_taken":0.0,"cards_upgraded":["Skewer"]},{"damage_healed":0.0,"max_hp_gain":0.0,"max_hp_loss":0.0,"gold_gain":0.0,"event_name":"Shining Light","player_choice":"Entered Light","floor":4.0,"gold_loss":0.0,"damage_taken":20.0,"cards_upgraded":["Strike_G","Defend_G"]},{"damage_healed":0.0,"max_hp_gain":0.0,"max_hp_loss":0.0,"gold_gain":0.0,"event_name":"Scrap Ooze","player_choice":"Success","floor":5.0,"gold_loss":0.0,"damage_taken":11.0,"relics_obtained":["Mummified Hand"]},{"damage_healed":22.0,"max_hp_gain":0.0,"max_hp_loss":0.0,"gold_gain":0.0,"event_name":"Big Fish","player_choice":"Banana","floor":13.0,"gold_loss":0.0,"damage_taken":0.0},{"damage_healed":0.0,"max_hp_gain":0.0,"max_hp_loss":0.0,"gold_gain":100.0,"event_name":"The Joust","player_choice":"Bet on Murderer","floor":19.0,"gold_loss":50.0,"damage_taken":0.0}],"is_beta":false,"boss_relics":[{"not_picked":["Empty Cage","SlaversCollar"],"picked":"Ring of the Serpent"}],"items_purged_floors":[],"is_endless":false,"potions_floor_spawned":[1,7,16,20],"killed_by":"Book of Stabbing","ascension_level":20}}