{"host":"sav7uxregyirlf69","time":1612598035,"event":{"mods":["AchievementEnabler","BaseMod","Colored Map","DeckTracker","Keyboard Shortcuts","Minty Spire (QoL Compilation)","READ ME - Guardian Mod","StSLib","SuperFastMode"],"gold_per_floor":[116,116,135,135,156,156,181,181,207,207,207,207,241,280,280,280,280],"floor_reached":16,"language":"KOR","playtime":188,"items_purged":[],"score":196,"play_id":"629ce572-0759-4888-8d97-7722a06340ca","local_time":"20210206165355","is_ascension_mode":true,"campfire_choices":[{"data":"Sunder","floor":6,"key":"SMITH"},{"floor":11,"key":"REST"},{"data":"Dualcast","floor":15,"key":"SMITH"}],"circlet_count":0,"master_deck":["AscendersBane","Strike_B+1","Strike_B","Strike_B","Defend_B","Defend_B+1","Defend_B","Defend_B","Zap+1","Dualcast+1","Rip and Tear","Sunder+1","Leap","Capacitor","Ball Lightning","Ball Lightning"],"relics":["Cracked Core","Lizard Tail","Golden Idol","Akabeko","Odd Mushroom","Toy Ornithopter"],"acts_visited":["Exordium"],"potions_floor_usage":[14,16],"damage_taken":[{"damage":7,"enemies":"Jaw Worm","floor":1,"turns":4},{"damage":7,"enemies":"Small Slimes","floor":3,"turns":2},{"damage":4,"enemies":"2 Louse","floor":5,"turns":2},{"damage":7,"enemies":"Exordium Wildlife","floor":7,"turns":3},{"damage":5,"enemies":"The Mushroom Lair","floor":13,"turns":3},{"damage":10,"enemies":"3 Sentries","floor":14,"turns":4},{"damage":39,"enemies":"Slime Boss","floor":16,"turns":7}],"seed_played":"2591779889161019002","potions_obtained":[{"floor":3,"key":"Weak Potion"},{"floor":5,"key":"SpeedPotion"},{"floor":7,"key":"Energy Potion"}],"is_trial":false,"path_per_floor":["M","?","M","?","M","R","M","?","T","?","R","?","?","E","R","B"],"character_chosen":"DEFECT","items_purchased":[],"campfire_rested":1,"item_purchase_floors":[],"current_hp_per_floor":[39,39,32,32,28,28,21,21,21,2,21,14,9,32,32,0,0],"gold":280,"neow_bonus":"ONE_RARE_RELIC","is_daily":false,"chose_seed":false,"campfire_upgraded":2,"win_rate":0.0,"timestamp":1612598035,"path_taken":["M","?","M","?","M","R","?","?","T","?","R","?","?","E","R","BOSS"],"items_purchased_type":[],"build_version":"2020-12-22","purchased_purges":0,"victory":false,"max_hp_per_floor":[71,71,71,64,64,64,64,64,64,64,64,64,64,64,64,64,64],"card_choices":[{"not_picked":["Hologram","Steam Power"],"picked":"Rip and Tear","floor":1},{"not_picked":["Steam Power","Sweeping Beam"],"picked":"Sunder","floor":3},{"not_picked":["Compile Driver","Static Discharge"],"picked":"Leap","floor":5},{"not_picked":["Hologram","Sweeping Beam"],"picked":"Capacitor","floor":7},{"not_picked":["Capacitor","Compile Driver"],"picked":"Ball Lightning","floor":13},{"not_picked":["Rip and Tear","Meteor Strike"],"picked":"Ball Lightning","floor":14}],"player_experience":1506462,"relics_obtained":[{"floor":9,"key":"Akabeko"},{"floor":13,"key":"Odd Mushroom"},{"floor":14,"key":"Toy Ornithopter"}],"event_choices":[{"damage_healed":0,"gold_gain":0,"player_choice":"Grow","damage_taken":0,"max_hp_gain":0,"max_hp_loss":0,"event_name":"Living Wall","floor":2,"gold_loss":0,"cards_upgraded":["Zap"]},{"damage_healed":0,"gold_gain":0,"player_choice":"Lose Max HP","damage_taken":0,"relics_obtained":["Golden Idol"],"max_hp_gain":0,"max_hp_loss":7,"event_name":"Golden Idol","floor":4,"gold_loss":0},{"damage_healed":0,"gold_gain":0,"player_choice":"Searched \u00270\u0027 times","damage_taken":0,"max_hp_gain":0,"max_hp_loss":0,"event_name":"Dead Adventurer","floor":8,"gold_loss":0},{"damage_healed":0,"gold_gain":0,"player_choice":"Entered Light","damage_taken":19,"max_hp_gain":0,"max_hp_loss":0,"event_name":"Shining Light","floor":10,"gold_loss":0,"cards_upgraded":["Strike_B","Defend_B"]},{"cards_removed":["Strike_B"],"damage_healed":0,"gold_gain":0,"player_choice":"Card Removal","damage_taken":7,"max_hp_gain":0,"max_hp_loss":0,"event_name":"Golden Wing","floor":12,"gold_loss":0},{"damage_healed":0,"gold_gain":0,"player_choice":"Fought Mushrooms","damage_taken":0,"max_hp_gain":0,"max_hp_loss":0,"event_name":"Mushrooms","floor":13,"gold_loss":0}],"is_beta":false,"boss_relics":[],"items_purged_floors":[],"is_endless":false,"potions_floor_spawned":[3,5,7],"killed_by":"Slime Boss","ascension_level":20}}