{"host":"6r762osam2bvfm66","time":1612638029,"event":{"mods":["BaseMod","Colored Map","Minty Spire (QoL Compilation)"],"gold_per_floor":[19,34,47,58,77,111,111,146,146,146,146,187,43,86,86,215,215,235,256,256,67,91,127,127,151,176,176,214,214,228,244,244,373,373,388,2,0,333,33,33,62,74,158,182,227,67,67,81,81,81,81,81,81,116,116,116],"floor_reached":55,"language":"ENG","playtime":3183,"items_purged":["Strike_B","Strike_B"],"score":879,"play_id":"a10cb577-3bc9-47df-b1f5-29041abd323e","local_time":"20210206130029","is_ascension_mode":true,"campfire_choices":[{"floor":7,"key":"REST"},{"data":"Creative AI","floor":10,"key":"SMITH"},{"data":"Zap","floor":15,"key":"SMITH"},{"floor":24,"key":"REST"},{"data":"Apotheosis","floor":27,"key":"SMITH"},{"floor":29,"key":"REST"},{"floor":32,"key":"REST"},{"floor":40,"key":"REST"},{"floor":42,"key":"RECALL"},{"floor":49,"key":"REST"},{"data":"Electrodynamics","floor":52,"key":"SMITH"}],"circlet_count":0,"master_deck":["Strike_B","Strike_B","Defend_B","Defend_B","Defend_B","Defend_B","Zap+1","Dualcast","Cold Snap","Rebound","Leap","Ball Lightning","Electrodynamics+1","Creative AI+1","Glacier","BootSequence","Tempest+1","Echo Form+1","Leap","Storm+1","White Noise","Apotheosis+1","Hologram+1","Defragment+1","Capacitor+1","White Noise","White Noise","Echo Form+1","Leap+1","Capacitor+1","Parasite"],"relics":["Cracked Core","StoneCalendar","Question Card","Pen Nib","Frozen Egg 2","Vajra","TungstenRod","Velvet Choker","Ginger","Bag of Preparation","Bottled Lightning","Sozu","Bottled Tornado","ClockworkSouvenir","Red Mask","Bird Faced Urn","MawBank","Blood Vial"],"acts_visited":["Exordium","TheCity","TheBeyond","TheEnding"],"potions_floor_usage":[6,8,12,14,31,33,45,50],"damage_taken":[{"damage":2,"enemies":"Jaw Worm","floor":1,"turns":4},{"damage":0,"enemies":"Cultist","floor":2,"turns":3},{"damage":1,"enemies":"2 Louse","floor":3,"turns":2},{"damage":4,"enemies":"Looter","floor":4,"turns":3},{"damage":8,"enemies":"Exordium Wildlife","floor":5,"turns":3},{"damage":36,"enemies":"Lagavulin","floor":6,"turns":4},{"damage":13,"enemies":"Gremlin Nob","floor":8,"turns":4},{"damage":9,"enemies":"3 Sentries","floor":12,"turns":3},{"damage":10,"enemies":"Gremlin Nob","floor":14,"turns":4},{"damage":3,"enemies":"Hexaghost","floor":16,"turns":8},{"damage":19,"enemies":"Spheric Guardian","floor":18,"turns":4},{"damage":1,"enemies":"Chosen","floor":19,"turns":3},{"damage":14,"enemies":"Snake Plant","floor":22,"turns":3},{"damage":28,"enemies":"Slavers","floor":23,"turns":3},{"damage":0,"enemies":"Cultist and Chosen","floor":25,"turns":3},{"damage":6,"enemies":"Gremlin Leader","floor":28,"turns":5},{"damage":5,"enemies":"Snecko","floor":30,"turns":4},{"damage":5,"enemies":"Centurion and Healer","floor":31,"turns":4},{"damage":12,"enemies":"Automaton","floor":33,"turns":6},{"damage":14,"enemies":"3 Darklings","floor":35,"turns":4},{"damage":8,"enemies":"Giant Head","floor":41,"turns":8},{"damage":7,"enemies":"3 Shapes","floor":44,"turns":5},{"damage":50,"enemies":"Reptomancer","floor":45,"turns":4},{"damage":22,"enemies":"Writhing Mass","floor":48,"turns":5},{"damage":18,"enemies":"Donu and Deca","floor":50,"turns":5},{"damage":65,"enemies":"Shield and Spear","floor":54,"turns":6},{"damage":66,"enemies":"The Heart","floor":55,"turns":12}],"seed_played":"-8284435104008137265","potions_obtained":[{"floor":3,"key":"Ancient Potion"},{"floor":5,"key":"Fire Potion"},{"floor":6,"key":"Explosive Potion"},{"floor":8,"key":"Block Potion"},{"floor":12,"key":"LiquidMemories"},{"floor":28,"key":"DuplicationPotion"},{"floor":30,"key":"Block Potion"},{"floor":33,"key":"AttackPotion"}],"is_trial":false,"path_per_floor":["M","M","M","M","M","E","R","E","T","R","?","E","$","E","R","B",null,"M","M","?","$","M","E","R","M","T","R","E","R","M","M","R","B",null,"M","$","?","?","$","R","E","R","T","M","E","$","?","M","R","B",null,"R","$","E","B"],"character_chosen":"DEFECT","items_purchased":["BootSequence","Apotheosis","Bottled Tornado","ClockworkSouvenir","Bird Faced Urn","Capacitor+1"],"campfire_rested":6,"item_purchase_floors":[13,21,36,36,39,46],"current_hp_per_floor":[73,73,72,68,60,24,46,33,33,33,33,24,24,14,14,11,69,50,49,49,49,35,7,27,27,27,27,21,41,36,31,51,39,69,55,55,55,55,55,69,69,69,69,69,23,23,23,31,51,51,69,69,69,24,0,0],"gold":116,"neow_bonus":"ONE_RARE_RELIC","is_daily":false,"chose_seed":false,"campfire_upgraded":4,"win_rate":0.0,"timestamp":1612638029,"path_taken":["M","M","M","M","M","E","R","E","T","R","?","E","$","E","R","BOSS","M","M","?","$","M","E","R","?","T","R","E","R","M","M","R","BOSS","M","$","?","?","$","R","E","R","T","M","E","$","?","?","R","BOSS","R","$","E","BOSS"],"items_purchased_type":["Card","Card","Relic","Relic","Relic","Card"],"build_version":"2020-12-22","purchased_purges":2,"victory":false,"max_hp_per_floor":[75,75,75,75,75,75,75,75,75,75,69,69,69,69,69,69,69,69,69,69,69,69,69,69,69,69,69,69,69,69,69,69,69,69,69,69,69,69,69,69,69,69,69,69,69,69,69,69,69,69,69,69,69,69,69,69],"card_choices":[{"not_picked":["White Noise","Undo"],"picked":"Cold Snap","floor":1},{"not_picked":["Turbo","FTL"],"picked":"Rebound","floor":2},{"not_picked":["Coolheaded","Multi-Cast"],"picked":"Leap","floor":3},{"not_picked":["Coolheaded","Genetic Algorithm"],"picked":"Ball Lightning","floor":4},{"not_picked":["Coolheaded","Turbo","Beam Cell"],"picked":"SKIP","floor":5},{"not_picked":["Steam Power","Stack"],"picked":"Electrodynamics","floor":6},{"not_picked":["Leap","Streamline","Sunder"],"picked":"Creative AI","floor":8},{"not_picked":["Leap","Compile Driver","Rebound"],"picked":"Glacier","floor":12},{"not_picked":["Ball Lightning","Aggregate","Hyperbeam"],"picked":"Tempest","floor":14},{"not_picked":["Biased Cognition+1","Rainbow","Machine Learning+1"],"picked":"Echo Form+1","floor":16},{"not_picked":["Hello World+1","Beam Cell","Darkness"],"picked":"Leap","floor":18},{"not_picked":["Turbo+1","Leap","Compile Driver"],"picked":"Storm+1","floor":19},{"not_picked":["Stack","Ball Lightning+1","Consume"],"picked":"Hologram+1","floor":22},{"not_picked":["Meteor Strike","Chill","Hologram"],"picked":"Defragment+1","floor":23},{"not_picked":["Sweeping Beam+1","Compile Driver+1","Turbo"],"picked":"Capacitor+1","floor":25},{"not_picked":["All For One","Melter","Hologram"],"picked":"White Noise","floor":28},{"not_picked":["Rebound","Static Discharge+1","Go for the Eyes+1"],"picked":"White Noise","floor":30},{"not_picked":["Sweeping Beam","Rebound","Amplify","Leap"],"picked":"SKIP","floor":31},{"not_picked":["Machine Learning+1","Multi-Cast","Fission"],"picked":"Echo Form+1","floor":33},{"not_picked":["Ball Lightning","Heatsinks+1","Streamline"],"picked":"Leap+1","floor":35},{"not_picked":["Barrage","Cold Snap","Compile Driver","Reprogram"],"picked":"SKIP","floor":41},{"not_picked":["Multi-Cast","Turbo+1","Beam Cell+1","Reinforced Body"],"picked":"SKIP","floor":44},{"not_picked":["Blizzard","Double Energy","Steam","Lockon"],"picked":"SKIP","floor":45},{"not_picked":["Rebound+1","Steam Power","Beam Cell","Conserve Battery"],"picked":"SKIP","floor":48},{"not_picked":["Auto Shields+1","Blizzard+1","Double Energy+1","Coolheaded+1"],"picked":"SKIP","floor":54}],"player_experience":59799,"relics_obtained":[{"floor":6,"key":"Question Card"},{"floor":8,"key":"Pen Nib"},{"floor":9,"key":"Frozen Egg 2"},{"floor":12,"key":"Vajra"},{"floor":14,"key":"TungstenRod"},{"floor":23,"key":"Ginger"},{"floor":26,"key":"Bag of Preparation"},{"floor":28,"key":"Bottled Lightning"},{"floor":41,"key":"MawBank"},{"floor":54,"key":"Blood Vial"}],"event_choices":[{"damage_healed":0,"gold_gain":0,"player_choice":"Lose Max HP","damage_taken":0,"relics_obtained":["Golden Idol"],"max_hp_gain":0,"max_hp_loss":6,"event_name":"Golden Idol","floor":11,"gold_loss":0},{"damage_healed":0,"gold_gain":0,"player_choice":"1 cards matched","damage_taken":0,"max_hp_gain":0,"max_hp_loss":0,"event_name":"Match and Keep!","floor":20,"gold_loss":0,"cards_obtained":["White Noise"]},{"damage_healed":0,"gold_gain":0,"player_choice":"Paid","damage_taken":0,"relics_obtained":["Red Mask"],"max_hp_gain":0,"max_hp_loss":0,"event_name":"Tomb of Lord Red Mask","floor":37,"gold_loss":2},{"damage_healed":0,"gold_gain":333,"player_choice":"Gave Idol","damage_taken":0,"max_hp_gain":0,"max_hp_loss":0,"event_name":"The Moai Head","floor":38,"relics_lost":["Golden Idol"],"gold_loss":0},{"damage_healed":0,"gold_gain":0,"player_choice":"Upgraded","damage_taken":0,"max_hp_gain":0,"max_hp_loss":0,"event_name":"Upgrade Shrine","floor":47,"gold_loss":0,"cards_upgraded":["Tempest"]}],"is_beta":false,"boss_relics":[{"not_picked":["Coffee Dripper","Busted Crown"],"picked":"Velvet Choker"},{"not_picked":["FrozenCore","Cursed Key"],"picked":"Sozu"}],"items_purged_floors":[13,46],"is_endless":false,"potions_floor_spawned":[3,5,6,8,12,28,30,33,45,54],"killed_by":"The Heart","ascension_level":3}}