{"host":"zsnmfqgcm92hlreo","time":1612586940,"event":{"mods":["AchievementEnabler","BaseMod","Bestiary","Block Reminder","Colored Map","Colored Powertips","Minty Spire (QoL Compilation)","Permanent Neow","Quick Restart","Relic Stats","StSLib","Weighted Paths"],"gold_per_floor":[109,128,141,154,154,179,190,190,190],"floor_reached":8,"language":"ENG","playtime":356,"items_purged":[],"score":120,"play_id":"9ddce0ae-101a-4a7e-b27f-31a928136755","local_time":"20210205224900","is_ascension_mode":true,"campfire_choices":[],"circlet_count":0,"master_deck":["AscendersBane","Strike_R","Strike_R","Strike_R","Strike_R","Strike_R","Defend_R","Defend_R","Defend_R","Defend_R","Bash","Hemokinesis","Feel No Pain","Thunderclap","Clothesline","Fire Breathing","Pommel Strike"],"relics":["Philosopher\u0027s Stone","Anchor"],"acts_visited":["Exordium"],"potions_floor_usage":[4,6],"damage_taken":[{"damage":0,"enemies":"Cultist","floor":1,"turns":3},{"damage":2,"enemies":"2 Louse","floor":2,"turns":3},{"damage":2,"enemies":"Small Slimes","floor":3,"turns":2},{"damage":20,"enemies":"Red Slaver","floor":4,"turns":5},{"damage":11,"enemies":"Gremlin Nob","floor":6,"turns":3},{"damage":9,"enemies":"Lots of Slimes","floor":7,"turns":4},{"damage":25,"enemies":"3 Sentries","floor":8,"turns":3}],"seed_played":"-3828110044961755240","potions_obtained":[{"floor":2,"key":"Block Potion"},{"floor":4,"key":"LiquidMemories"}],"is_trial":false,"path_per_floor":["M","M","M","M","$","E","M","E"],"character_chosen":"IRONCLAD","items_purchased":[],"campfire_rested":0,"item_purchase_floors":[],"current_hp_per_floor":[68,66,64,44,44,33,24,0,0],"gold":190,"neow_bonus":"BOSS_RELIC","is_daily":false,"chose_seed":false,"campfire_upgraded":0,"win_rate":0.0,"timestamp":1612586940,"path_taken":["M","M","M","M","$","E","M","E"],"items_purchased_type":[],"build_version":"2020-12-22","purchased_purges":0,"victory":false,"max_hp_per_floor":[75,75,75,75,75,75,75,75,75],"relic_stats":{"counters":[7,23],"obtain_stats":[{"Anchor":6,"Philosopher\u0027s Stone":0,"Burning Blood":0},{"Anchor":5,"Philosopher\u0027s Stone":0,"Burning Blood":0},{"Anchor":16,"Philosopher\u0027s Stone":0,"Burning Blood":0}]},"card_choices":[{"not_picked":["Cleave","Iron Wave"],"picked":"Hemokinesis","floor":1},{"not_picked":["Twin Strike","Clothesline"],"picked":"Feel No Pain","floor":2},{"not_picked":["Flex","Sword Boomerang"],"picked":"Thunderclap","floor":3},{"not_picked":["Headbutt","Dark Embrace"],"picked":"Clothesline","floor":4},{"not_picked":["Clash","Pommel Strike"],"picked":"Fire Breathing","floor":6},{"not_picked":["Wild Strike","Burning Pact"],"picked":"Pommel Strike","floor":7}],"player_experience":1030075,"relics_obtained":[{"floor":6,"key":"Anchor"}],"event_choices":[],"is_beta":false,"boss_relics":[],"items_purged_floors":[],"is_endless":false,"potions_floor_spawned":[2,4],"killed_by":"3 Sentries","ascension_level":20}}