{"host":"avybiddlniqinkgc","time":1612585416,"event":{"mods":["AchievementEnabler","BaseMod","Colored Map","DeckTracker","Highlight Path","KOR Keyword Fix","Keyboard Shortcuts","Minty Spire (QoL Compilation)","Permanent Neow","Quick Restart","Random Character Button","Rare Cards Sparkle","StSLib","SuperFastMode"],"gold_per_floor":[16,16,16,34,34,77,77,98,152,171,171,49,49,72,72,200,200,216,216,416,430,430,430,469,340,366,400,400,433,454,354,354,354,354],"floor_reached":33,"language":"KOR","playtime":624,"items_purged":["Defend_R","Strike_R"],"score":306,"play_id":"c88bf76f-2925-40a5-9211-19e6ca692967","local_time":"20210206132336","is_ascension_mode":false,"campfire_choices":[{"data":"Body Slam","floor":7.0,"key":"SMITH"},{"floor":11.0,"key":"REST"},{"data":"Shrug It Off","floor":15.0,"key":"SMITH"},{"data":"Seeing Red","floor":23.0,"key":"SMITH"},{"data":"True Grit","floor":28,"key":"SMITH"},{"data":"True Grit","floor":32,"key":"SMITH"}],"circlet_count":0,"master_deck":["Strike_R","Strike_R+1","Defend_R","Bash","Cleave+1","Body Slam+1","Rampage","Warcry","Disarm","Pommel Strike","Shrug It Off+1","Power Through","Intimidate","Fiend Fire","Iron Wave","Seeing Red+1","Shockwave","True Grit+1","Spot Weakness","True Grit+1"],"relics":["Burning Blood","Calipers","Golden Idol","Strawberry","Whetstone","Bag of Marbles","Empty Cage","Juzu Bracelet","Centennial Puzzle","Red Mask","Pear"],"acts_visited":["Exordium","TheCity"],"potions_floor_usage":[29],"damage_taken":[{"damage":0.0,"enemies":"Small Slimes","floor":1.0,"turns":3.0},{"damage":10.0,"enemies":"Jaw Worm","floor":4.0,"turns":4.0},{"damage":45.0,"enemies":"3 Sentries","floor":6.0,"turns":10.0},{"damage":0.0,"enemies":"2 Louse","floor":8.0,"turns":2.0},{"damage":12.0,"enemies":"Exordium Thugs","floor":10.0,"turns":4.0},{"damage":6.0,"enemies":"2 Fungi Beasts","floor":14.0,"turns":3.0},{"damage":14.0,"enemies":"Slime Boss","floor":16.0,"turns":15.0},{"damage":8.0,"enemies":"3 Byrds","floor":18.0,"turns":9.0},{"damage":0.0,"enemies":"Chosen","floor":21.0,"turns":3.0},{"damage":21.0,"enemies":"Book of Stabbing","floor":24.0,"turns":5.0},{"damage":35,"enemies":"Masked Bandits","floor":27,"turns":5},{"damage":26,"enemies":"Gremlin Leader","floor":29,"turns":9},{"damage":9,"enemies":"Centurion and Healer","floor":30,"turns":5},{"damage":50,"enemies":"Collector","floor":33,"turns":6}],"seed_played":"4636478987736398429","potions_obtained":[{"floor":1.0,"key":"Swift Potion"},{"floor":4.0,"key":"Dexterity Potion"},{"floor":16.0,"key":"LiquidBronze"},{"floor":21.0,"key":"Strength Potion"},{"floor":27,"key":"Strength Potion"}],"is_trial":false,"path_per_floor":["M","?","?","M","?","E","R","M","T","M","R","$","?","M","R","B",null,"M","?","?","M","?","R","E","$","T","?","R","E","M","$","R","B"],"character_chosen":"IRONCLAD","items_purchased":["Shrug It Off","Power Through","True Grit"],"campfire_rested":1,"item_purchase_floors":[12,12,25],"current_hp_per_floor":[80,60,65,61,61,29,29,35,35,29,56,56,38,38,38,30,92,90,90,90,92,92,92,77,77,77,48,48,38,35,35,35,0,0],"gold":354,"neow_bonus":"ONE_RARE_RELIC","is_daily":false,"chose_seed":false,"campfire_upgraded":5,"win_rate":0.0,"timestamp":1612585416,"path_taken":["M","?","?","M","?","E","R","M","T","?","R","$","?","M","R","BOSS","M","?","?","?","?","R","E","$","T","?","R","E","M","$","R","BOSS"],"items_purchased_type":["Card","Card","Card"],"build_version":"2020-12-22","purchased_purges":2,"victory":false,"max_hp_per_floor":[80,80,85,85,85,92,92,92,92,92,92,92,92,92,92,92,92,92,92,92,92,92,92,92,92,92,92,92,102,102,102,102,102,102],"card_choices":[{"not_picked":["Metallicize","Warcry"],"picked":"Cleave","floor":1.0},{"not_picked":["Sword Boomerang","Dark Embrace"],"picked":"Body Slam","floor":4.0},{"not_picked":["Barricade","Cleave"],"picked":"Warcry","floor":6.0},{"not_picked":["Infernal Blade","Warcry"],"picked":"Disarm","floor":8.0},{"not_picked":["Inflame","Carnage"],"picked":"Pommel Strike","floor":10.0},{"not_picked":["Flex","Warcry"],"picked":"Intimidate","floor":14.0},{"not_picked":["Feed","Double Tap"],"picked":"Fiend Fire","floor":16.0},{"not_picked":["Clash","Twin Strike"],"picked":"Iron Wave","floor":18.0},{"not_picked":["Twin Strike","Anger"],"picked":"Seeing Red","floor":21.0},{"not_picked":["Dark Embrace","Burning Pact"],"picked":"Shockwave","floor":24.0},{"not_picked":["Clothesline","Flex"],"picked":"Spot Weakness","floor":27},{"not_picked":["Heavy Blade+1","Bludgeon","Sword Boomerang"],"picked":"SKIP","floor":29},{"not_picked":["Iron Wave","Metallicize"],"picked":"True Grit","floor":30}],"player_experience":2256,"relics_obtained":[{"floor":6.0,"key":"Strawberry"},{"floor":9.0,"key":"Whetstone"},{"floor":24.0,"key":"Juzu Bracelet"},{"floor":26.0,"key":"Centennial Puzzle"},{"floor":27,"key":"Red Mask"},{"floor":29,"key":"Pear"}],"event_choices":[{"damage_healed":0.0,"max_hp_gain":0.0,"max_hp_loss":0.0,"gold_gain":0.0,"event_name":"Golden Idol","player_choice":"Take Damage","floor":2.0,"gold_loss":0.0,"damage_taken":20.0,"relics_obtained":["Golden Idol"]},{"damage_healed":0.0,"max_hp_gain":5.0,"max_hp_loss":0.0,"gold_gain":0.0,"event_name":"Big Fish","player_choice":"Donut","floor":3.0,"gold_loss":0.0,"damage_taken":0.0},{"damage_healed":0.0,"max_hp_gain":0.0,"max_hp_loss":0.0,"gold_gain":0.0,"cards_transformed":["Strike_R"],"event_name":"Transmorgrifier","player_choice":"Transformed","floor":5.0,"gold_loss":0.0,"damage_taken":0.0,"cards_obtained":["Rampage"]},{"damage_healed":0.0,"max_hp_gain":0.0,"max_hp_loss":0.0,"gold_gain":0.0,"event_name":"Scrap Ooze","player_choice":"Success","floor":13.0,"gold_loss":0.0,"damage_taken":18.0,"relics_obtained":["Bag of Marbles"]},{"damage_healed":0.0,"max_hp_gain":0.0,"max_hp_loss":0.0,"gold_gain":0.0,"event_name":"Ghosts","player_choice":"Ignored","floor":19.0,"gold_loss":0.0,"damage_taken":0.0},{"damage_healed":0.0,"max_hp_gain":0.0,"max_hp_loss":0.0,"gold_gain":250.0,"event_name":"The Joust","player_choice":"Bet on Owner","floor":20.0,"gold_loss":50.0,"damage_taken":0.0},{"cards_removed":["Defend_R"],"damage_healed":0.0,"max_hp_gain":0.0,"max_hp_loss":0.0,"gold_gain":0.0,"event_name":"Back to Basics","player_choice":"Elegance","floor":22.0,"gold_loss":0.0,"damage_taken":0.0},{"damage_healed":0,"gold_gain":0,"player_choice":"Fought Bandits","damage_taken":0,"max_hp_gain":0,"max_hp_loss":0,"event_name":"Masked Bandits","floor":27,"gold_loss":0}],"is_beta":false,"boss_relics":[{"not_picked":["Calling Bell","Black Star"],"picked":"Empty Cage"}],"items_purged_floors":[25,31],"is_endless":false,"potions_floor_spawned":[1,4,16,21,27],"killed_by":"Collector","ascension_level":0}}