{"host":"Matt","time":1612571702,"event":{"mods":["BaseMod","Bestiary","Colored Powertips","Highlight Path","Minty Spire (QoL Compilation)","Rare Cards Sparkle","Relic Stats","StSLib"],"gold_per_floor":[109,33,33,33,47,78,78,93,173,213,213,35,53,71,71,166,166,182,207,241,241,241,241,241,241],"floor_reached":24,"language":"ENG","playtime":919,"items_purged":["Strike_R"],"score":472,"play_id":"fb24e02f-419f-44ea-b51e-cf9f179eda5d","local_time":"20210206003502","is_ascension_mode":true,"campfire_choices":[{"data":"Feed","floor":7,"key":"SMITH"},{"data":"Shockwave","floor":11,"key":"SMITH"},{"data":"Discovery","floor":15,"key":"SMITH"},{"floor":23,"key":"REST"}],"circlet_count":0,"master_deck":["AscendersBane","Strike_R+1","Strike_R+1","Strike_R+1","Defend_R+1","Defend_R+1","Defend_R+1","Defend_R+1","Bash","Shockwave+1","Spot Weakness","Feed+1","Thunderclap","Pommel Strike","Flex","Cleave","Discovery+1","Heavy Blade","Limit Break","Pummel+1","Headbutt"],"relics":["Burning Blood","NeowsBlessing","Bloody Idol","Happy Flower","Sundial","Oddly Smooth Stone","Velvet Choker","Red Mask"],"acts_visited":["Exordium","TheCity"],"potions_floor_usage":[8,10,16],"damage_taken":[{"damage":0.0,"enemies":"Jaw Worm","floor":1.0,"turns":1.0},{"damage":0.0,"enemies":"Small Slimes","floor":5.0,"turns":2.0},{"damage":0.0,"enemies":"3 Sentries","floor":6.0,"turns":1.0},{"damage":9,"enemies":"Cultist","floor":8,"turns":5},{"damage":13,"enemies":"Lagavulin","floor":10,"turns":7},{"damage":4,"enemies":"3 Louse","floor":13,"turns":2},{"damage":6,"enemies":"Lots of Slimes","floor":14,"turns":3},{"damage":48,"enemies":"The Guardian","floor":16,"turns":12},{"damage":50,"enemies":"Spheric Guardian","floor":18,"turns":6},{"damage":18,"enemies":"3 Byrds","floor":19,"turns":5},{"damage":21,"enemies":"Masked Bandits","floor":20,"turns":4},{"damage":50,"enemies":"Gremlin Leader","floor":24,"turns":7}],"seed_played":"2341321873541481571","potions_obtained":[{"floor":1.0,"key":"GamblersBrew"},{"floor":6,"key":"Block Potion"},{"floor":13,"key":"Swift Potion"}],"is_trial":false,"path_per_floor":["M","$","?","?","M","E","R","M","T","E","R","$","M","M","R","B",null,"M","M","?","?","?","R","E"],"character_chosen":"IRONCLAD","items_purchased":["Spot Weakness","Discovery"],"campfire_rested":1,"item_purchase_floors":[2,12],"current_hp_per_floor":[74,74,48,48,57,63,63,64,64,57,57,57,63,67,67,29,78,38,30,19,19,19,50,0,0],"gold":241,"neow_bonus":"THREE_ENEMY_KILL","is_daily":false,"chose_seed":false,"campfire_upgraded":3,"win_rate":0.0,"timestamp":1612571702,"path_taken":["M","$","?","?","M","E","R","?","T","E","R","$","M","M","R","BOSS","M","M","?","?","?","R","E"],"items_purchased_type":["Card","Card"],"build_version":"2020-12-18","purchased_purges":1,"victory":false,"max_hp_per_floor":[75,75,75,75,78,78,78,82,82,82,82,82,86,90,90,94,94,98,102,106,106,106,106,106,106],"relic_stats":{"Happy Flower":[17],"counters":[12,55],"Sundial":[6],"Bloody Idol":0,"obtain_stats":[{"NeowsBlessing":0,"Happy Flower":6,"Golden Idol":3,"Sundial":9,"Bloody Idol":22,"Oddly Smooth Stone":10,"Velvet Choker":17,"Red Mask":20,"Burning Blood":0},{"NeowsBlessing":0,"Happy Flower":3,"Golden Idol":1,"Sundial":4,"Bloody Idol":11,"Oddly Smooth Stone":5,"Velvet Choker":8,"Red Mask":11,"Burning Blood":0},{"NeowsBlessing":0,"Happy Flower":4,"Golden Idol":1,"Sundial":9,"Bloody Idol":48,"Oddly Smooth Stone":16,"Velvet Choker":33,"Red Mask":48,"Burning Blood":0}],"Burning Blood":66},"card_choices":[{"not_picked":["Sever Soul","Sword Boomerang"],"picked":"Shockwave","floor":1.0},{"not_picked":["Dark Embrace","Havoc"],"picked":"Thunderclap","floor":5.0},{"not_picked":["Clothesline","Wild Strike"],"picked":"Pommel Strike","floor":6},{"not_picked":["Seeing Red","Anger"],"picked":"Flex","floor":8},{"not_picked":["True Grit","Warcry"],"picked":"Cleave","floor":10},{"not_picked":["Blood for Blood","Wild Strike","Havoc"],"picked":"SKIP","floor":13},{"not_picked":["Pummel","Blood for Blood"],"picked":"Heavy Blade","floor":14},{"not_picked":["Fiend Fire","Impervious"],"picked":"Limit Break","floor":16},{"not_picked":["True Grit+1","Iron Wave"],"picked":"Pummel+1","floor":18},{"not_picked":["True Grit","Second Wind"],"picked":"Headbutt","floor":19}],"player_experience":1072458,"relics_obtained":[{"floor":6,"key":"Happy Flower"},{"floor":9,"key":"Sundial"},{"floor":10,"key":"Oddly Smooth Stone"},{"floor":20,"key":"Red Mask"}],"event_choices":[{"damage_healed":0.0,"max_hp_gain":0.0,"max_hp_loss":0.0,"gold_gain":0.0,"event_name":"Golden Idol","player_choice":"Take Damage","floor":3.0,"gold_loss":0.0,"damage_taken":26.0,"relics_obtained":["Golden Idol"]},{"damage_healed":0.0,"max_hp_gain":0.0,"max_hp_loss":0.0,"gold_gain":0.0,"cards_transformed":["Strike_R"],"event_name":"Transmorgrifier","player_choice":"Transformed","floor":4.0,"gold_loss":0.0,"damage_taken":0.0,"cards_obtained":["Feed"]},{"damage_healed":0,"gold_gain":0,"player_choice":"Fought Bandits","damage_taken":0,"max_hp_gain":0,"max_hp_loss":0,"event_name":"Masked Bandits","floor":20,"gold_loss":0},{"damage_healed":0,"gold_gain":0,"player_choice":"Simplicity","damage_taken":0,"max_hp_gain":0,"max_hp_loss":0,"event_name":"Back to Basics","floor":21,"gold_loss":0,"cards_upgraded":["Strike_R","Strike_R","Strike_R","Defend_R","Defend_R","Defend_R","Defend_R"]},{"damage_healed":0,"gold_gain":0,"player_choice":"Gave Idol","damage_taken":0,"relics_obtained":["Bloody Idol"],"max_hp_gain":0,"max_hp_loss":0,"event_name":"Forgotten Altar","floor":22,"relics_lost":["Golden Idol"],"gold_loss":0}],"is_beta":true,"boss_relics":[{"not_picked":["Fusion Hammer","Pandora\u0027s Box"],"picked":"Velvet Choker"}],"items_purged_floors":[12],"is_endless":false,"potions_floor_spawned":[1,6,13],"killed_by":"Gremlin Leader","ascension_level":19}}