{"host":"8so2ajx8h59tj2mr","time":1612570136,"event":{"mods":["Act Like it!","BaseMod","Better Match","Better Note","Better Sensory Stone","Colored Map","Hubris","Minty Spire (QoL Compilation)","Relic Stats","Robot Space Explorer","Shop Mod","Spire Arcade","StSLib","The Blue Laboratory","The Dragon Tamer","The Marked"],"gold_per_floor":[115,126,136,136,149,175,189,36,36,68,68,68,83,101,101,204,204,219,129,144,144,163,197,215,215,215,228,128,128,128],"floor_reached":28,"language":"ENG","playtime":2461,"items_purged":["DTMod:Strike","Pain"],"score":279,"play_id":"7b2f80ae-75cf-4491-9b03-92c23a53e4db","local_time":"20210206020856","is_ascension_mode":false,"metric_token":1043,"campfire_choices":[{"data":"hubris:DuctTapeCard","floor":11,"key":"SMITH"},{"data":"DTMod:Training","floor":15,"key":"SMITH"},{"data":"DTMod:SwitchingTactic","floor":25,"key":"SMITH"}],"dtmod_dragon_data":[0,50,3,-1,14,0],"circlet_count":0,"master_deck":["DTMod:Strike","DTMod:Strike","DTMod:DoubleHit","DTMod:TargetDefense","DTMod:TargetDefense","DTMod:TargetDefense+1","DTMod:TargetDefense","DTMod:SwitchingTactic+1","DTMod:SneakAttack","DTMod:ComboAttack","DTMod:BreakAttack+1","DTMod:ComboAttack","DTMod:MagiciansMark","hubris:DuctTapeCard+2","DTMod:FierySynthesis","DTMod:Training+1","DTMod:BlueScale","DTMod:HeadStart","DTMod:StunTrap","DTMod:FlameSlash","DTMod:RecklessFlurry+1","DTMod:DarkBreath+1"],"relics":["DTMod:PactStone","NeowsBlessing","DTMod:BasicTextbook","hubris:DuctTape","hubris:CrystalStatue","WarpedTongs","Coffee Dripper","Lantern","hubris:TenFootPole"],"acts_visited":["Exordium","TheCity"],"potions_floor_usage":[13,28,28,28],"damage_taken":[{"damage":0,"enemies":"Cultist","floor":1,"turns":1},{"damage":0,"enemies":"Small Slimes","floor":2,"turns":1},{"damage":0,"enemies":"Jaw Worm","floor":3,"turns":1},{"damage":8,"enemies":"Red Slaver","floor":5,"turns":3},{"damage":9,"enemies":"Gremlin Nob","floor":6,"turns":4},{"damage":0,"enemies":"2 Fungi Beasts","floor":7,"turns":3},{"damage":6,"enemies":"3 Sentries","floor":10,"turns":8},{"damage":0,"enemies":"Blue Slaver","floor":13,"turns":1},{"damage":3,"enemies":"Gremlin Gang","floor":14,"turns":5},{"damage":2,"enemies":"Hexaghost","floor":16,"turns":8},{"damage":0,"enemies":"Spheric Guardian","floor":18,"turns":4},{"damage":0,"enemies":"2 Thieves","floor":20,"turns":4},{"damage":0,"enemies":"Snecko","floor":22,"turns":4},{"damage":0,"enemies":"Book of Stabbing","floor":23,"turns":4},{"damage":0,"enemies":"Sentry and Sphere","floor":24,"turns":4},{"damage":0,"enemies":"Centurion and Healer","floor":27,"turns":5},{"damage":46,"enemies":"hubris:Merchant","floor":28,"turns":6}],"seed_played":"8834114035413251132","potions_obtained":[{"floor":3,"key":"blueLaboratory:Moonshine"},{"floor":5,"key":"blueLaboratory:PhilterOfMotion"},{"floor":7,"key":"blueLaboratory:Moonshine"},{"floor":10,"key":"PowerPotion"},{"floor":14,"key":"blueLaboratory:FruitPreserves"}],"is_trial":false,"path_per_floor":["M","M","M","?","M","E","M","$","T","E","R","?","M","M","R","B",null,"M","?","M","?","M","E","M","R","T","M","$"],"character_chosen":"THE_DT","items_purchased":["DTMod:MagiciansMark"],"campfire_rested":0,"item_purchase_floors":[8],"current_hp_per_floor":[45,45,45,45,37,28,28,28,28,22,22,22,22,19,19,17,45,45,45,45,45,45,45,45,45,45,45,0,0,0],"gold":128,"neow_bonus":"THREE_ENEMY_KILL","is_daily":false,"chose_seed":false,"campfire_upgraded":3,"win_rate":0.0,"timestamp":1612570136,"path_taken":["M","?","M","?","?","E","M","$","T","E","R","?","M","M","R","BOSS","M","?","M","?","M","E","M","R","T","M","$"],"items_purchased_type":["Card"],"build_version":"2020-12-22","purchased_purges":2,"victory":false,"max_hp_per_floor":[45,45,45,45,45,45,45,45,45,45,45,45,45,45,45,45,45,45,45,45,45,45,45,45,45,45,45,45,45,45],"relic_stats":{"counters":[17,66],"obtain_stats":[{"Lantern":23,"hubris:CrystalStatue":10,"DTMod:PactStone":0,"NeowsBlessing":0,"hubris:DuctTape":9,"DTMod:BasicTextbook":6,"Coffee Dripper":17,"hubris:TenFootPole":26,"WarpedTongs":12},{"Lantern":14,"hubris:CrystalStatue":7,"DTMod:PactStone":0,"NeowsBlessing":0,"hubris:DuctTape":6,"DTMod:BasicTextbook":5,"Coffee Dripper":10,"hubris:TenFootPole":15,"WarpedTongs":7},{"Lantern":51,"hubris:CrystalStatue":21,"DTMod:PactStone":0,"NeowsBlessing":0,"hubris:DuctTape":13,"DTMod:BasicTextbook":10,"Coffee Dripper":35,"hubris:TenFootPole":55,"WarpedTongs":21}],"WarpedTongs":[45]},"card_choices":[{"not_picked":["DTMod:Hide","DTMod:TagTeam"],"picked":"DTMod:SneakAttack","floor":1},{"not_picked":["DTMod:BlazingStrike","DTMod:CalculatedDefense"],"picked":"DTMod:ComboAttack","floor":2},{"not_picked":["DTMod:PurifyingFlame","DTMod:Training"],"picked":"DTMod:BreakAttack","floor":3},{"not_picked":["DTMod:SneakAttack","DTMod:Weaken"],"picked":"DTMod:ComboAttack","floor":5},{"not_picked":["DTMod:MasterPlan","DTMod:QuickFly"],"picked":"DTMod:HeatWave","floor":6},{"not_picked":["DTMod:BurningEnergy","DTMod:Overwhelm"],"picked":"DTMod:LightShield","floor":7},{"not_picked":["DTMod:PurifyingFlame","DTMod:Punisher"],"picked":"DTMod:FierySynthesis","floor":10},{"not_picked":["DTMod:BizarreTactic","DTMod:QuickFly"],"picked":"DTMod:Training","floor":13},{"not_picked":["DTMod:Feint","DTMod:GhostSkin"],"picked":"DTMod:BlueScale","floor":14},{"not_picked":["DTMod:FierySynthesis","DTMod:ResonanceForm"],"picked":"DTMod:HeadStart","floor":16},{"not_picked":["DTMod:BlueScale","DTMod:Hide+1","DTMod:MasterPlan+1"],"picked":"SKIP","floor":18},{"not_picked":["DTMod:Hide","DTMod:Feint","DTMod:ComboAttack"],"picked":"SKIP","floor":20},{"not_picked":["DTMod:CleansingStrike+1","DTMod:Astonish+1"],"picked":"DTMod:StunTrap","floor":22},{"not_picked":["DTMod:ComboAttack","DTMod:BurningEnergy"],"picked":"DTMod:FlameSlash","floor":23},{"not_picked":["DTMod:HeatWave+1","DTMod:DeepFocus"],"picked":"DTMod:RecklessFlurry+1","floor":24},{"not_picked":["DTMod:BizarreTactic","DTMod:BuildUp"],"picked":"DTMod:DarkBreath+1","floor":27}],"player_experience":71043,"relics_obtained":[{"floor":6,"key":"DTMod:BasicTextbook"},{"floor":9,"key":"hubris:DuctTape"},{"floor":10,"key":"hubris:CrystalStatue"},{"floor":23,"key":"Lantern"},{"floor":26,"key":"hubris:TenFootPole"}],"event_choices":[{"damage_healed":0,"gold_gain":0,"player_choice":"Upgraded","damage_taken":0,"max_hp_gain":0,"max_hp_loss":0,"event_name":"Upgrade Shrine","floor":4,"gold_loss":0,"cards_upgraded":["DTMod:BreakAttack"]},{"damage_healed":0,"gold_gain":0,"player_choice":"Rummage","damage_taken":0,"relics_obtained":["WarpedTongs"],"max_hp_gain":0,"max_hp_loss":0,"event_name":"Accursed Blacksmith","floor":12,"gold_loss":0,"cards_obtained":["Pain"]},{"cards_removed":["DTMod:Strike"],"damage_healed":0,"gold_gain":0,"player_choice":"Upgrade and Remove","damage_taken":0,"max_hp_gain":0,"max_hp_loss":0,"event_name":"Designer","floor":19,"gold_loss":90,"cards_upgraded":["DTMod:TargetDefense"]},{"cards_removed":["Pain"],"damage_healed":0,"gold_gain":0,"player_choice":"Give","damage_taken":0,"max_hp_gain":0,"max_hp_loss":0,"event_name":"betterNote:BetterNote","floor":21,"gold_loss":0,"cards_obtained":["None"]}],"is_beta":false,"boss_relics":[{"not_picked":["Busted Crown","DTMod:TheChair"],"picked":"Coffee Dripper"}],"items_purged_floors":[8,28],"is_endless":false,"potions_floor_spawned":[3,5,7,10,14,20,22,24],"killed_by":"hubris:Merchant","ascension_level":0}}