{"host":"54jr43vd79817238","time":1612600098,"event":{"mods":["100% Spire Juice","ATMod(°¢èªMod)","Act Like it!","Arknights","Aspiration","BaseMod","CapriCore","Dota2Spire","Friendly Minions","Gensokyo","Hallownest","Hermit","Jedi Mod","KomeijiMod","Lobotomy","LobotomyExtend","Marisa£¨ìFÓê¡¡Ä§ÀíÉ³£©","Minty Spire (QoL Compilation)","MostiFishMod","Prisma Mod","Quarter Circle Forward PUNCH!","Reliquary","Replay The Spire","Robot Space Explorer","RumiaBox-Â¶Ã×æ«µÄÉñÃØºÐ×Ó","Spicy Shops","StSLib","TestMod","The Blackbeard","The Showman","WarShipGirlsR/Õ½½¢ÉÙÅ®R mod","Yakumo Yukari mod","Youmu£¨»êÆÇÑýÃÎ£©","Yuyuko","[IsaacMod]ÒÔÈö¼âËþ","¡¾ÒÅÎï¿¨ÅÆ¡¿REMEMod"],"gold_per_floor":[114,136,136,136,156,156,190,224,250,263,263,363,363,383,383,487,487,538,105,105,162,162,224,224,281,281,309,424,424,457,477,477,578,578,590,602,602,614,658,723,741,775,775,812,499,499,553,566,566,586,586,586],"floor_reached":50,"language":"ZHS","playtime":2479,"items_purged":["blackbeard:BlackbeardStrike"],"score":1242,"play_id":"0926ab34-b133-4430-ac7b-d301c901b795","local_time":"20210206162818","is_ascension_mode":true,"campfire_choices":[{"data":"blackbeard:GoldenRain","floor":6,"key":"SMITH"},{"floor":11,"key":"RECALL"},{"data":"blackbeard:Parrot","floor":13,"key":"SMITH"},{"data":"blackbeard:Rum","floor":15,"key":"SMITH"},{"data":"blackbeard:Rum","floor":24,"key":"SMITH"},{"data":"AT_DarkMatter","floor":29,"key":"SMITH"},{"data":"AT_Dispersion","floor":32,"key":"SMITH"}],"circlet_count":0,"master_deck":["blackbeard:BlackbeardStrike","blackbeard:IntimidatingStrike+1","blackbeard:BlackbeardDefend","blackbeard:BlackbeardDefend","blackbeard:BlackbeardDefend","blackbeard:BlackbeardDefend","blackbeard:Cutlass","EpicFetus","AT_Dispersion+1","AT_DarkMatter+1","REME_TheoryOfElimination","blackbeard:RemoveScurvy","blackbeard:GoldenRain+1","blackbeard:Rum+1","blackbeard:Parrot+1","blackbeard:PirateEarring","blackbeard:GoldenStrike","blackbeard:TacticalRetreat","blackbeard:Rum+1","blackbeard:BoostMorale","blackbeard:WiseDefense+1","blackbeard:GoldenStrike","blackbeard:GoldenRain+1","blackbeard:PirateEarring","blackbeard:GoldenDefense","blackbeard:PowerHungry+1","AT_EmpoweredMortalDraw+1","blackbeard:Bandana","blackbeard:BoostMorale+1","blackbeard:GoldenStrike","blackbeard:VengefulSpirit"],"relics":["blackbeard:LoadTheCannons","DaveBox","AT_ATBox","testmod-TestBox","REME_ComplimentaryCards","HushsDoor","ArrowTower","testmod-FatalChain","SynthV:TestCard","Hallownest:SalubrasBlessingRelic","Replay:Bottled Steam","Replay:Bronze Core","SteamSale","BrkXgEgg","BirthdayGift-Icosahedron","Mummified Hand","aspiration:FetidBarrel","qcfpunch:Handcuffs","BloodBag","Replay:Kaleidoscope","testmod-InjuryResistance","Bottled Lightning","AT_MortalBlade","Simple Rune","Bag of Marbles","Iron Hammer","reliquary:Stiletto","Pen Nib","Bag of Marbles","testmod-HeartOfStrike"],"acts_visited":["Hallownest:Greenpath","Gensokyo:Gensokyoer","Gensokyo:Gensokyoest"],"potions_floor_usage":[8,23,30],"damage_taken":[{"damage":0,"enemies":"Hallownest:2_MossCreeps","floor":1,"turns":3},{"damage":4,"enemies":"Hallownest:2_Baldur","floor":2,"turns":3},{"damage":0,"enemies":"Hallownest:monsterHuskGuard","floor":5,"turns":4},{"damage":3,"enemies":"Hallownest:eliteVengeflyKing","floor":7,"turns":5},{"damage":6,"enemies":"Hallownest:1_Ooma_and_2_Uuma","floor":8,"turns":4},{"damage":5,"enemies":"Hallownest:Wandering_and_Horned","floor":10,"turns":4},{"damage":0,"enemies":"Hallownest:monsterMossCharger","floor":14,"turns":4},{"damage":0,"enemies":"Hallownest:BossBrokenVessel","floor":16,"turns":8},{"damage":7,"enemies":"Gensokyo:AngelMirror","floor":18,"turns":4},{"damage":0,"enemies":"Gensokyo:2_Gloops","floor":21,"turns":2},{"damage":0,"enemies":"Gensokyo:Tenshi","floor":23,"turns":3},{"damage":0,"enemies":"Gensokyo:Slime_Group","floor":25,"turns":2},{"damage":0,"enemies":"Gensokyo:Koishi","floor":27,"turns":2},{"damage":0,"enemies":"Gensokyo:Koishi","floor":28,"turns":5},{"damage":0,"enemies":"Gensokyo:Tenshi","floor":30,"turns":2},{"damage":0,"enemies":"Gensokyo:Chomper_and_Gloop","floor":31,"turns":2},{"damage":0,"enemies":"Gensokyo:Eiki","floor":33,"turns":3},{"damage":0,"enemies":"Gensokyo:AncientGuardian","floor":35,"turns":1},{"damage":0,"enemies":"Gensokyo:3_Boulders","floor":36,"turns":1},{"damage":0,"enemies":"Gensokyo:AtlasGolem","floor":38,"turns":1},{"damage":0,"enemies":"Gensokyo:Rafflesia","floor":39,"turns":2},{"damage":0,"enemies":"Gensokyo:Kasen","floor":40,"turns":2},{"damage":0,"enemies":"Gensokyo:SeedOfUnknown","floor":41,"turns":1},{"damage":0,"enemies":"Gensokyo:Doremy","floor":42,"turns":1},{"damage":0,"enemies":"Gensokyo:AtlasGolem","floor":44,"turns":1},{"damage":0,"enemies":"Gensokyo:Kasen","floor":47,"turns":1},{"damage":0,"enemies":"Gensokyo:3_Boulders","floor":48,"turns":1},{"damage":0,"enemies":"Gensokyo:Shinki","floor":50,"turns":7}],"seed_played":"6316292535826500328","potions_obtained":[{"floor":5,"key":"EssenceOfSteel"},{"floor":10,"key":"jedi:StrikingPotion"},{"floor":21,"key":"Block Potion"},{"floor":25,"key":"Languid Potion"},{"floor":31,"key":"Weak Potion"},{"floor":33,"key":"jedi:StrikingPotion"},{"floor":38,"key":"Adrenaline Potion"}],"is_trial":false,"path_per_floor":["M","M","?","?","M","R","E","M","T","M","R","?","R","M","R","B",null,"M","COS","?","M","?","E","R","M","T","E","?","R","E","M","R","B",null,"M","M","COS","M","M","E","M","E","T","M","$","?","E","M","R","B"],"character_chosen":"BLACKBEARD_CLASS","items_purchased":["reliquary:Stiletto","Pen Nib","reliquary:SculptingSteel"],"campfire_rested":0,"item_purchase_floors":[45,45,45],"current_hp_per_floor":[75,68,68,68,73,73,74,69,69,69,69,69,69,74,74,75,75,68,68,68,70,70,70,70,70,70,71,82,82,82,82,82,82,82,82,82,82,82,82,82,82,82,82,82,82,82,82,82,82,82,82,82],"gold":586,"neow_bonus":"RANDOM_COLORLESS","is_daily":false,"chose_seed":false,"campfire_upgraded":6,"win_rate":0.0,"timestamp":1612600098,"path_taken":["M","?","?","?","M","R","E","M","T","M","R","?","R","M","R","BOSS","M","COS","?","M","?","E","R","?","T","E","?","R","E","M","R","BOSS","M","M","COS","M","M","E","M","E","T","?","$","?","E","M","R","BOSS"],"items_purchased_type":["Relic","Relic","Relic"],"build_version":"2020-12-22","purchased_purges":1,"victory":false,"max_hp_per_floor":[75,75,75,75,75,75,75,75,75,75,75,75,75,75,75,75,75,75,75,75,75,75,75,75,75,75,75,82,82,82,82,82,82,82,82,82,82,82,82,82,82,82,82,82,82,82,82,82,82,82,82,82],"card_choices":[{"not_picked":[],"picked":"EpicFetus","floor":0},{"not_picked":["testmod-SubstituteBySubterfuge","Replay:BasicMightCard"],"picked":"REME_TheoryOfElimination","floor":0},{"not_picked":["blackbeard:Fencing","blackbeard:Shrapnel"],"picked":"blackbeard:RemoveScurvy","floor":1},{"not_picked":["blackbeard:Dagger","blackbeard:DeadlyArsenal","blackbeard:Shrapnel","blackbeard:GoldenStrike"],"picked":"blackbeard:GoldenRain","floor":2},{"not_picked":["blackbeard:Recklessness","blackbeard:Fencing","blackbeard:Spear","blackbeard:CatONineTails"],"picked":"blackbeard:Rum","floor":5},{"not_picked":["blackbeard:Fencing","blackbeard:RemoveScurvy","blackbeard:WeaponProficiency","blackbeard:PiratesWill"],"picked":"blackbeard:Parrot","floor":7},{"not_picked":["blackbeard:PiratesWill","blackbeard:FieryDefense","blackbeard:Anchor","blackbeard:Toast"],"picked":"blackbeard:PirateEarring","floor":8},{"not_picked":["blackbeard:WiseDefense","blackbeard:Toast","blackbeard:RearmingStrike","blackbeard:Recklessness"],"picked":"blackbeard:GoldenStrike","floor":10},{"not_picked":["blackbeard:Parrot","blackbeard:Upgrade","blackbeard:BeatUp","blackbeard:SwordDance"],"picked":"blackbeard:TacticalRetreat","floor":12},{"not_picked":["blackbeard:GoldenStrike","blackbeard:FieryDefense","blackbeard:FishingNets","blackbeard:PirateHook"],"picked":"blackbeard:Rum","floor":14},{"not_picked":["blackbeard:TheDrunkenSailor","blackbeard:CaptainsHat","blackbeard:ReapersScythe","blackbeard:Parrot"],"picked":"blackbeard:BoostMorale","floor":16},{"not_picked":["blackbeard:SwordDance","blackbeard:Sharpening","blackbeard:Spear","blackbeard:PiratesWill","blackbeard:DoubleBottom"],"picked":"SKIP","floor":18},{"not_picked":["blackbeard:BeatUp","blackbeard:DeadlyArsenal","blackbeard:RearmingStrike","blackbeard:InfiniteBarrage","blackbeard:Dagger"],"picked":"SKIP","floor":21},{"not_picked":["blackbeard:Boarding+1","blackbeard:Fencing","blackbeard:ArmorUp","blackbeard:TacticalRetreat+1"],"picked":"blackbeard:WiseDefense+1","floor":23},{"not_picked":["blackbeard:Sword+1","blackbeard:BrownPants","blackbeard:WeaponProficiency","blackbeard:WoodenLeg"],"picked":"blackbeard:GoldenStrike","floor":25},{"not_picked":["blackbeard:FieryDefense","blackbeard:Upgrade","blackbeard:InfiniteBarrage","blackbeard:Shrapnel","blackbeard:Spear"],"picked":"SKIP","floor":27},{"not_picked":["blackbeard:AgileStrike","blackbeard:PiratesWill","blackbeard:GoldenDefense","blackbeard:DoubleCannonball+1"],"picked":"blackbeard:GoldenRain+1","floor":28},{"not_picked":["blackbeard:Scrap","blackbeard:SmithingHammer","blackbeard:DoubleBottom","blackbeard:Spear"],"picked":"blackbeard:PirateEarring","floor":30},{"not_picked":["blackbeard:Revenge+1","blackbeard:CloakAndCannonball+1","blackbeard:Upgrade","blackbeard:RearmingStrike"],"picked":"blackbeard:GoldenDefense","floor":31},{"not_picked":["blackbeard:TheDrunkenSailor+1","blackbeard:Lifeboat+1","blackbeard:Parrot+1","blackbeard:CaptainsHat+1"],"picked":"blackbeard:PowerHungry+1","floor":33},{"not_picked":["blackbeard:TacticalRetreat+1","blackbeard:Fencing+1","blackbeard:InfiniteBarrage+1","blackbeard:PiratesWill","blackbeard:RearmingStrike"],"picked":"SKIP","floor":35},{"not_picked":["blackbeard:Toast","blackbeard:Scrap+1","blackbeard:Sharpening+1","blackbeard:BlindAttacks+1","blackbeard:BeatUp+1"],"picked":"SKIP","floor":36},{"not_picked":["blackbeard:TerrorOfTheSeas+1","blackbeard:TacticalRetreat","blackbeard:BlindAttacks","blackbeard:RemoveScurvy"],"picked":"blackbeard:Bandana","floor":38},{"not_picked":["blackbeard:Toast","blackbeard:BlindAttacks","blackbeard:Anchor","blackbeard:DeadlyArsenal","blackbeard:InfiniteBarrage"],"picked":"SKIP","floor":39},{"not_picked":["blackbeard:HumongousCannonball+1","blackbeard:DelayedPain","blackbeard:FieryDefense+1","blackbeard:TheDrunkenSailor+1"],"picked":"blackbeard:BoostMorale+1","floor":40},{"not_picked":["blackbeard:FieryDefense","blackbeard:Toast","blackbeard:TacticalRetreat+1","blackbeard:PirateHook+1"],"picked":"blackbeard:GoldenStrike","floor":41},{"not_picked":["blackbeard:PirateHook+1","blackbeard:RemoveScurvy+1","blackbeard:ChaoticDefense","blackbeard:GhostInTheRum","blackbeard:DoubleBottom"],"picked":"SKIP","floor":42},{"not_picked":["blackbeard:Sword","blackbeard:Spear+1","blackbeard:Fencing","blackbeard:Scrap","blackbeard:Dagger+1"],"picked":"SKIP","floor":44},{"not_picked":["blackbeard:Revenge+1","blackbeard:TacticalRetreat+1","blackbeard:Anchor","blackbeard:CloakAndCannonball+1","blackbeard:CaptainsCabin+1"],"picked":"SKIP","floor":47},{"not_picked":["blackbeard:TerrorOfTheSeas","blackbeard:CannonBarrage","blackbeard:RemoveScurvy","blackbeard:Dagger","blackbeard:Intoxication+1"],"picked":"SKIP","floor":48}],"player_experience":332183,"relics_obtained":[{"floor":1,"key":"SynthV:TestCard"},{"floor":7,"key":"Replay:Bottled Steam"},{"floor":23,"key":"Mummified Hand"},{"floor":26,"key":"aspiration:FetidBarrel"},{"floor":27,"key":"qcfpunch:Handcuffs"},{"floor":28,"key":"Replay:Kaleidoscope"},{"floor":28,"key":"testmod-InjuryResistance"},{"floor":30,"key":"Bottled Lightning"},{"floor":40,"key":"Simple Rune"},{"floor":42,"key":"Bag of Marbles"},{"floor":43,"key":"Iron Hammer"},{"floor":47,"key":"testmod-HeartOfStrike"}],"event_choices":[],"is_beta":false,"boss_relics":[{"not_picked":["MoonlightInvasionPlan","Cursed Key"],"picked":"Replay:Bronze Core"},{"not_picked":[]},{"not_picked":["Transparent","Kintsugi"],"picked":"AT_MortalBlade"},{"not_picked":[]}],"items_purged_floors":[45],"is_endless":false,"potions_floor_spawned":[5,10,21,25,31,33,38,40,42,47],"killed_by":"Gensokyo:Shinki","ascension_level":1}}