{"host":"Jinnai","time":1612586978,"event":{"mods":["BaseMod","Bestiary","Block Reminder","Colored Map","Colored Powertips","Curses Come First","Highlight Path","Minty Spire (QoL Compilation)","Permanent Neow","Potion Indicator Mod","Quick Restart","Random Character Button","Relic Stats","StSLib","ojb\u0027s Info Mod"],"gold_per_floor":[116,116,131,149,168,196,196,228,240,252,297,327,373,399,411,423,423],"floor_reached":16,"language":"ENG","playtime":664,"items_purged":[],"score":264,"play_id":"65425066-e685-4154-9024-e69cc8d3a3fa","local_time":"20210205234938","is_ascension_mode":true,"campfire_choices":[{"floor":7,"key":"REST"},{"data":"Corruption","floor":15,"key":"SMITH"}],"circlet_count":0,"master_deck":["AscendersBane","Strike_R","Strike_R","Strike_R","Strike_R","Strike_R","Defend_R","Defend_R","Defend_R","Bash","Whirlwind+1","Berserk","Thunderclap","Pommel Strike","Anger","True Grit","Flex","Feed","Uppercut","Corruption+1","Battle Trance"],"relics":["Snecko Eye","Lantern","MawBank","Anchor","Meat on the Bone","Juzu Bracelet"],"acts_visited":["Exordium"],"potions_floor_usage":[6,8],"damage_taken":[{"damage":4,"enemies":"2 Louse","floor":1,"turns":3},{"damage":1,"enemies":"Cultist","floor":3,"turns":3},{"damage":4,"enemies":"Jaw Worm","floor":4,"turns":3},{"damage":28,"enemies":"Exordium Thugs","floor":5,"turns":5},{"damage":8,"enemies":"Gremlin Nob","floor":6,"turns":3},{"damage":18,"enemies":"Lagavulin","floor":8,"turns":6},{"damage":3,"enemies":"3 Sentries","floor":11,"turns":4},{"damage":0,"enemies":"2 Fungi Beasts","floor":12,"turns":3},{"damage":35,"enemies":"Lagavulin","floor":13,"turns":5},{"damage":0,"enemies":"Large Slime","floor":14,"turns":4},{"damage":64,"enemies":"The Guardian","floor":16,"turns":9}],"seed_played":"-4964529670245041003","potions_obtained":[{"floor":1,"key":"Strength Potion"},{"floor":3,"key":"FairyPotion"},{"floor":6,"key":"HeartOfIron"}],"is_trial":false,"path_per_floor":["M","?","M","M","M","E","R","E","T","?","E","M","E","M","R","B"],"character_chosen":"IRONCLAD","items_purchased":[],"campfire_rested":1,"item_purchase_floors":[],"current_hp_per_floor":[64,64,63,59,31,23,45,27,27,27,24,39,19,34,34,0,0],"gold":423,"neow_bonus":"BOSS_RELIC","is_daily":false,"chose_seed":false,"campfire_upgraded":1,"win_rate":0.0,"timestamp":1612586978,"path_taken":["M","?","M","M","?","E","R","E","T","?","E","M","E","M","R","BOSS"],"items_purchased_type":[],"build_version":"2020-12-18","purchased_purges":0,"victory":false,"max_hp_per_floor":[75,75,75,75,75,75,75,75,75,75,75,78,81,84,84,84,84],"relic_stats":{"counters":[11,48],"Snecko Eye":[78,72,86,76],"Juzu Bracelet":0,"MawBank":96,"obtain_stats":[{"Lantern":6,"Anchor":9,"Snecko Eye":0,"Juzu Bracelet":13,"MawBank":8,"Burning Blood":0,"Meat on the Bone":11},{"Lantern":5,"Anchor":6,"Snecko Eye":0,"Juzu Bracelet":9,"MawBank":6,"Burning Blood":0,"Meat on the Bone":7},{"Lantern":17,"Anchor":23,"Snecko Eye":0,"Juzu Bracelet":35,"MawBank":23,"Burning Blood":0,"Meat on the Bone":27}],"Meat on the Bone":36},"card_choices":[{"not_picked":["Headbutt","True Grit"],"picked":"Whirlwind","floor":1},{"not_picked":["Iron Wave","Clothesline"],"picked":"Thunderclap","floor":3},{"not_picked":["Headbutt","Rupture"],"picked":"Pommel Strike","floor":4},{"not_picked":["Headbutt","Power Through"],"picked":"Anger","floor":5},{"not_picked":["Wild Strike","Intimidate"],"picked":"True Grit","floor":6},{"not_picked":["Shockwave","Perfected Strike"],"picked":"Flex","floor":8},{"not_picked":["Sword Boomerang","Offering"],"picked":"Feed","floor":11},{"not_picked":["Iron Wave","Anger"],"picked":"Uppercut","floor":12},{"not_picked":["Body Slam","Exhume"],"picked":"Corruption","floor":13},{"not_picked":["Armaments","Perfected Strike"],"picked":"Battle Trance","floor":14}],"player_experience":1652978,"relics_obtained":[{"floor":6,"key":"Lantern"},{"floor":8,"key":"MawBank"},{"floor":9,"key":"Anchor"},{"floor":11,"key":"Meat on the Bone"},{"floor":13,"key":"Juzu Bracelet"}],"event_choices":[{"damage_healed":0,"gold_gain":0,"cards_transformed":["Defend_R"],"player_choice":"Transformed","damage_taken":0,"max_hp_gain":0,"max_hp_loss":0,"event_name":"Transmorgrifier","floor":2,"gold_loss":0,"cards_obtained":["Berserk"]},{"damage_healed":0,"gold_gain":0,"player_choice":"Upgraded","damage_taken":0,"max_hp_gain":0,"max_hp_loss":0,"event_name":"Upgrade Shrine","floor":10,"gold_loss":0,"cards_upgraded":["Whirlwind"]}],"is_beta":true,"boss_relics":[],"items_purged_floors":[],"is_endless":false,"potions_floor_spawned":[1,3,5,6],"killed_by":"The Guardian","ascension_level":20}}