{"host":"zf1gvustpgbojd4t","time":1612624520,"event":{"mods":["Act Like it!","BaseMod","Downfall","Hallownest","Map Debug Mod","Minty Spire (QoL Compilation)","MostiFishMod","Replay The Spire","StSLib"],"gold_per_floor":[99,99,99,99,99,134,134,148,161,161,188,188,188,202,218,314,314,14,30,49,49,34,52,106,106,106,16,16,16,45,45,64,167,167,167,178,114,134,187,187,187,207,207,207,225,74,87,107,123,123,123,123,123,123],"floor_reached":52,"language":"ZHS","playtime":2500,"items_purged":["Languid","Doubt","bronze:Optimize"],"score":705,"play_id":"20e4c482-4588-4c5a-abf7-9dd00193f144","local_time":"20210206231520","is_ascension_mode":false,"campfire_choices":[{"floor":1,"key":"DIG"},{"floor":13,"key":"RECALL"},{"data":"bronze:HardenedForm","floor":18,"key":"SMITH"},{"data":"bronze:FineTuning","floor":25,"key":"SMITH"},{"data":"bronze:Goto","floor":28,"key":"SMITH"},{"data":"bronze:Verify","floor":35,"key":"SMITH"},{"data":"bronze:ForceShield","floor":40,"key":"SMITH"},{"floor":44,"key":"REST"}],"circlet_count":0,"master_deck":["bronze:Strike","bronze:Defend","bronze:Defend","bronze:Defend","bronze:Defend","bronze:Replicate","bronze:Goto+1","bronze:Iterate","bronze:DelayedSlice","bronze:Iterate","bronze:ForceShield+1","bronze:ClassDefault","bronze:FineTuning+1","bronze:DelayedSlice","bronze:Iterate","bronze:FineTuning","bronze:HardenedForm+1","Writhe","bronze:ChosenStrike","bronze:FineTuning","bronze:Invalidate","bronze:Repair+1","Writhe","bronze:Verify+1","bronze:Iterate+1","bronze:Iterate+1","bronze:ItsAFeature+1","bronze:MaxOutput"],"relics":["bronze:BronzeCore","DaveBox","GuanYuAspect","downfall:HeartsMalice","Lantern","Anchor","Pen Nib","Replay:Ancient Bell","Juzu Bracelet","Matryoshka","BranchBurnRelic","downfall:HeartBlessingRed","downfall:HeartBlessingGreen","downfall:HeartBlessingBlue","Blue Doll","PreservedInsect","Blue Candle","Quantum Egg","Replay:Towering Pillar of Hats","ChewingGum","Toolbox","Centennial Puzzle","CaptainsWheel","Simple Rune","Bronze Scales"],"acts_visited":["Exordium","TheCity","TheBeyond","TheEnding"],"potions_floor_usage":[36,36,50],"damage_taken":[{"damage":0,"enemies":"Small Slimes","floor":2,"turns":1},{"damage":0,"enemies":"Cultist","floor":3,"turns":1},{"damage":0,"enemies":"2 Louse","floor":5,"turns":1},{"damage":8,"enemies":"3 Sentries","floor":6,"turns":7},{"damage":15,"enemies":"Exordium Thugs","floor":8,"turns":3},{"damage":0,"enemies":"2 Fungi Beasts","floor":9,"turns":2},{"damage":26,"enemies":"Lagavulin","floor":11,"turns":5},{"damage":0,"enemies":"Blue Slaver","floor":14,"turns":2},{"damage":1,"enemies":"Large Slime","floor":15,"turns":2},{"damage":14,"enemies":"SI_SHIV_ARCHETYPE","floor":16,"turns":6},{"damage":8,"enemies":"Chosen","floor":19,"turns":5},{"damage":16,"enemies":"Shell Parasite","floor":20,"turns":4},{"damage":0,"enemies":"downfall:FleeingMerchant","floor":22,"turns":4},{"damage":13,"enemies":"Snake Plant","floor":23,"turns":5},{"damage":9,"enemies":"downfall:FleeingMerchant","floor":27,"turns":4},{"damage":14,"enemies":"Slavers","floor":30,"turns":3},{"damage":3,"enemies":"Centurion and Healer","floor":32,"turns":4},{"damage":5,"enemies":"WA_ARCHETYPE_CALM","floor":33,"turns":4},{"damage":45,"enemies":"3 Shapes","floor":36,"turns":4},{"damage":23,"enemies":"downfall:FleeingMerchant","floor":37,"turns":3},{"damage":2,"enemies":"Orb Walker","floor":38,"turns":1},{"damage":34,"enemies":"2 Orb Walkers","floor":39,"turns":4},{"damage":19,"enemies":"3 Darklings","floor":42,"turns":4},{"damage":4,"enemies":"Jaw Worm Horde","floor":45,"turns":3},{"damage":2,"enemies":"Spire Growth","floor":47,"turns":2},{"damage":18,"enemies":"4 Shapes","floor":48,"turns":4},{"damage":22,"enemies":"Writhing Mass","floor":49,"turns":4},{"damage":53,"enemies":"IC_BLOCK_ARCHETYPE","floor":50,"turns":10},{"damage":94,"enemies":"downfall:CharBossMerchant","floor":52,"turns":6}],"seed_played":"2799302717925635943","potions_obtained":[{"floor":6,"key":"Ancient Potion"},{"floor":8,"key":"Fire Potion"},{"floor":15,"key":"EssenceOfSteel"},{"floor":32,"key":"Elixir"},{"floor":36,"key":"Fruit Juice"},{"floor":45,"key":"EssenceOfSteel"}],"is_trial":false,"path_per_floor":["R","M","M","?","M","E","T","M","M","?","E","?","R","M","M","B",null,"R","M","M","?","$","M","T","R","?","$","R","?","E","?","M","B",null,"R","M","$","M","?","R","T","M","?","R","M","$","M","M","M","B",null,"E"],"character_chosen":"THE_AUTOMATON","items_purchased":["Toolbox","Centennial Puzzle","bronze:Iterate+1"],"campfire_rested":1,"item_purchase_floors":[37,37,46],"current_hp_per_floor":[35,35,35,35,35,35,35,35,35,35,31,31,31,35,35,35,35,40,39,40,40,45,44,44,44,44,45,45,40,45,45,45,45,45,45,28,28,44,33,33,33,44,44,50,50,50,50,46,50,47,50,0,0,0],"gold":123,"neow_bonus":"THREE_ENEMY_KILL","is_daily":false,"chose_seed":false,"campfire_upgraded":5,"win_rate":0.0,"timestamp":1612624520,"path_taken":["R","M","M","?","?","E","T","M","M","?","E","?","R","?","M","BOSS","R","M","M","?","$","M","T","R","?","$","R","?","E","?","M","BOSS","R","M","$","M","?","R","T","M","?","R","M","$","M","M","M","BOSS","E"],"items_purchased_type":["Relic","Relic","Card"],"build_version":"2020-12-22","purchased_purges":3,"victory":false,"max_hp_per_floor":[35,35,35,35,35,35,35,35,35,35,35,35,35,35,35,35,35,45,45,45,45,45,45,45,45,45,45,45,45,45,45,45,45,45,45,50,50,50,50,50,50,50,50,50,50,50,50,50,50,50,50,50,50,50],"card_choices":[{"not_picked":["bronze:DelayedGuard","bronze:Shield"],"picked":"bronze:Iterate","floor":2},{"not_picked":["bronze:DelayedGuard","bronze:Frontload"],"picked":"bronze:DelayedSlice","floor":3},{"not_picked":["bronze:Branch","bronze:WhirlingStrike"],"picked":"bronze:ForceShield","floor":5},{"not_picked":["bronze:Boost","bronze:CutThrough"],"picked":"bronze:ClassDefault","floor":6},{"not_picked":["bronze:Branch","bronze:FindAndReplace"],"picked":"bronze:Optimize","floor":8},{"not_picked":["bronze:Turbo","bronze:CutThrough"],"picked":"bronze:FineTuning","floor":9},{"not_picked":["bronze:Optimize","bronze:Boost"],"picked":"bronze:DelayedSlice","floor":11},{"not_picked":["bronze:Turbo","bronze:DelayedGuard"],"picked":"bronze:Iterate","floor":14},{"not_picked":["bronze:Backtrace","bronze:Flail"],"picked":"bronze:FineTuning","floor":15},{"not_picked":["bronze:ThunderWave","bronze:FindAndReplace"],"picked":"bronze:HardenedForm","floor":16},{"not_picked":["ReplayTheSpireMod:Restless Dread","Parasite"],"picked":"Writhe","floor":17},{"not_picked":["Parasite","ReplayTheSpireMod:Faulty Equipment"],"picked":"Languid","floor":17},{"not_picked":["ReplayTheSpireMod:Restless Dread","ReplayTheSpireMod:IOU"],"picked":"Doubt","floor":17},{"not_picked":["bronze:Overheat+1","bronze:BuggyMess"],"picked":"bronze:ChosenStrike","floor":19},{"not_picked":["bronze:Invalidate+1","bronze:FollowUp"],"picked":"bronze:FineTuning","floor":20},{"not_picked":["bronze:Shell","bronze:Invalidate+1","bronze:Philosophize"],"picked":"SKIP","floor":22},{"not_picked":["bronze:BitShift","bronze:RecursiveStrike","bronze:ForceShield"],"picked":"SKIP","floor":23},{"not_picked":["bronze:FineTuning","bronze:GetLatest"],"picked":"bronze:Repair+1","floor":27},{"not_picked":["bronze:BugBarrage+1","bronze:ForceShield","bronze:NullPointer"],"picked":"SKIP","floor":30},{"not_picked":["bronze:DigitalCarnage","bronze:Invalidate","bronze:CloningBeam"],"picked":"SKIP","floor":32},{"not_picked":["bronze:BurnOut","bronze:SpaghettiCode"],"picked":"bronze:Verify","floor":33},{"not_picked":["bronze:Turbo","bronze:Allocate+1"],"picked":"bronze:Iterate+1","floor":36},{"not_picked":["bronze:Overload+1","bronze:Branch","bronze:BugBarrage"],"picked":"SKIP","floor":37},{"not_picked":["bronze:BronzeArmor","bronze:Overheat","bronze:DelayedSlice+1"],"picked":"SKIP","floor":38},{"not_picked":["bronze:ShipIt","bronze:ClassDefault+1","bronze:WhirlingStrike"],"picked":"SKIP","floor":42},{"not_picked":["bronze:OilSpill+1","bronze:ChildClass","bronze:Overheat+1"],"picked":"SKIP","floor":45},{"not_picked":["bronze:DelayedSlice","bronze:FollowUp"],"picked":"bronze:ItsAFeature+1","floor":47},{"not_picked":["bronze:OilSpill","bronze:Invalidate+1","bronze:DelayedGuard"],"picked":"SKIP","floor":48},{"not_picked":["bronze:ItsAFeature+1","bronze:BitShift"],"picked":"bronze:MaxOutput","floor":49}],"player_experience":106286,"relics_obtained":[{"floor":1,"key":"Lantern"},{"floor":6,"key":"Anchor"},{"floor":11,"key":"Pen Nib"},{"floor":24,"key":"Blue Doll"},{"floor":24,"key":"PreservedInsect"},{"floor":30,"key":"Quantum Egg"},{"floor":39,"key":"CaptainsWheel"},{"floor":41,"key":"Simple Rune"},{"floor":41,"key":"Bronze Scales"}],"event_choices":[{"cards_removed":["bronze:Strike"],"damage_healed":0,"gold_gain":0,"player_choice":"Card Removal","damage_taken":0,"max_hp_gain":0,"max_hp_loss":0,"event_name":"The Cleric","floor":10,"gold_loss":0},{"damage_healed":0,"gold_gain":0,"player_choice":"Read","damage_taken":0,"max_hp_gain":0,"max_hp_loss":0,"event_name":"The Library","floor":26,"gold_loss":0,"cards_obtained":["bronze:Invalidate"]},{"damage_healed":0,"gold_gain":0,"player_choice":"Fight","damage_taken":0,"max_hp_gain":0,"max_hp_loss":0,"event_name":"Mysterious Sphere","floor":39,"gold_loss":0}],"is_beta":false,"boss_relics":[{"not_picked":["Abe\u0027s Treasure","Fusion Hammer"],"picked":"Replay:Ancient Bell"},{"not_picked":["MealTicket","Regal Pillow"],"picked":"Juzu Bracelet"},{"not_picked":["Replay:Bottled Eggs","ReplayTheSpireMod:Shallot"],"picked":"Matryoshka"},{"not_picked":["MostiFishMod:Haymaker","Replay:PocketPolymizer"],"picked":"Dead Branch"},{"not_picked":["HereWithMe","EE1DDrone"],"picked":"ChewingGum"}],"items_purged_floors":[27,37,46],"is_endless":false,"potions_floor_spawned":[6,8,14,15,16,23,30,32,36,45,47,48],"killed_by":"downfall:CharBossMerchant","ascension_level":0}}