{"host":"61ejhfsushs0xmcl","time":1612602203,"event":{"mods":["ATMod(阿瑾Mod)","Act Like it!","BaseMod","Colored Map","Gold Saver","Minty Spire (QoL Compilation)","MostiFishMod","Spicy Shops","StSLib","TestMod","The Senshi","[IsaacMod]以撒尖塔","【遗物卡牌】REMEMod","篝火指南"],"gold_per_floor":[118,43,43,61,461,493,493,511,511,539,558,558,204,204,204,304,304,318,318,103,120,135,167,167,186,212,212,237,237,250,264,264,365,365,375,375,391,241,260,290,290,290,290,309,91,118,118,144,144,158,158,158,1,28,42,42],"floor_reached":55,"language":"ZHS","playtime":2937,"items_purged":["theSenshi:SailorBlock","theSenshi:SailorBlock","theSenshi:SailorKick","theSenshi:SailorKick","theSenshi:SailorKick","theSenshi:SailorBlock","theSenshi:SailorBlock"],"score":1103,"play_id":"c9c6a5b5-8f20-4b28-8a7f-2e5ff8e0aa74","local_time":"20210206170323","is_ascension_mode":false,"campfire_choices":[{"data":"AT_LightSaberMaster","floor":7.0,"key":"SMITH"},{"data":"theSenshi:MoonPrincessHalation","floor":12.0,"key":"SMITH"},{"data":"theSenshi:UranusStrength","floor":15.0,"key":"SMITH"},{"data":"theSenshi:MoonGorgeousMeditation","floor":24.0,"key":"SMITH"},{"data":"theSenshi:RoseThrow","floor":27.0,"key":"SMITH"},{"floor":32.0,"key":"RECALL"},{"data":"theSenshi:MoonCrisisMakeUp","floor":41.0,"key":"SMITH"},{"data":"Seeing Red","floor":47.0,"key":"SMITH"},{"data":"theSenshi:MoonCosmicPowerMakeUp","floor":49.0,"key":"SMITH"},{"data":"theSenshi:MoonCosmicPowerMakeUp","floor":52.0,"key":"SMITH"}],"circlet_count":0,"master_deck":["theSenshi:RoseThrow+1","theSenshi:MoonPrismPowerMakeUp","AT_LightSaberMaster+1","theSenshi:UranusStrength+1","theSenshi:MoonGorgeousMeditation+1","theSenshi:MoonPrincessHalation+1","theSenshi:MoonCosmicPowerMakeUp+1","Seeing Red+1","theSenshi:InTheNameOfTheMoon+1","theSenshi:MoonCosmicPowerMakeUp+1","theSenshi:MoonCrystalPowerMakeUp+1","theSenshi:MoonsReflection+1","theSenshi:FatedKiss+1","theSenshi:GlimpseOfThePast+1","theSenshi:SchoolBag+1","theSenshi:MoonCrisisMakeUp+1","theSenshi:MoonCrystalPowerMakeUp","theSenshi:KlutzyLuck+1"],"relics":["theSenshi:TransformationBroochRelic","AT_ATBox","REME_ComplimentaryCards","testmod-TestBox","HushsDoor","HowToJump","testmod-AscensionHeart","BionicSphere","NeowsBlessing","SynthV:TestCard","StoneCalendar","ImprovedEquipment","GnawedLeaf","SteamSale","BrkXgEgg","theSenshi:CutieMoonRodRelic","testmod-Prudence","SatanicBible","BelialBook","Bag of Preparation","theSenshi:CosmicHeartCompactRelic","Lantern","theSenshi:TiaraRelic","Strawberry","Sozu","theSenshi:ChokerRelic","AT_DeathDance","Anchor","Shuriken","Centennial Puzzle","SalivaCoin","Dodecahedron","theSenshi:HolyGrailRelic"],"acts_visited":["Exordium","TheCity","TheBeyond","TheEnding"],"potions_floor_usage":[55,55,55],"damage_taken":[{"damage":0.0,"enemies":"Jaw Worm","floor":1.0,"turns":1.0},{"damage":0.0,"enemies":"Small Slimes","floor":4.0,"turns":1.0},{"damage":0.0,"enemies":"Lagavulin","floor":6.0,"turns":2.0},{"damage":0.0,"enemies":"Cultist","floor":8.0,"turns":4.0},{"damage":16.0,"enemies":"Gremlin Nob","floor":10.0,"turns":5.0},{"damage":5.0,"enemies":"Red Slaver","floor":11.0,"turns":3.0},{"damage":0.0,"enemies":"Hexaghost","floor":16.0,"turns":5.0},{"damage":15.0,"enemies":"3 Byrds","floor":18.0,"turns":5.0},{"damage":0.0,"enemies":"Spheric Guardian","floor":21.0,"turns":2.0},{"damage":14.0,"enemies":"3 Cultists","floor":22.0,"turns":6.0},{"damage":8.0,"enemies":"Book of Stabbing","floor":23.0,"turns":4.0},{"damage":0.0,"enemies":"Snake Plant","floor":25.0,"turns":3.0},{"damage":0.0,"enemies":"REME_1_Revenger","floor":28.0,"turns":4.0},{"damage":0.0,"enemies":"Snecko","floor":30.0,"turns":3.0},{"damage":0.0,"enemies":"Chosen and Byrds","floor":31.0,"turns":4.0},{"damage":0.0,"enemies":"Champ","floor":33.0,"turns":4.0},{"damage":0.0,"enemies":"3 Darklings","floor":35.0,"turns":4.0},{"damage":0.0,"enemies":"Orb Walker","floor":37.0,"turns":1.0},{"damage":0.0,"enemies":"Spire Growth","floor":39.0,"turns":1.0},{"damage":0.0,"enemies":"Giant Head","floor":40.0,"turns":3.0},{"damage":0.0,"enemies":"4 Shapes","floor":44.0,"turns":3.0},{"damage":0.0,"enemies":"Nemesis","floor":46.0,"turns":3.0},{"damage":0.0,"enemies":"Giant Head","floor":48.0,"turns":3.0},{"damage":8.0,"enemies":"Awakened One","floor":50.0,"turns":5.0},{"damage":0.0,"enemies":"Shield and Spear","floor":54.0,"turns":3.0},{"damage":0,"enemies":"Delirium","floor":55,"turns":4}],"seed_played":"-5298531284287049336","potions_obtained":[{"floor":1.0,"key":"LiquidBronze"},{"floor":8.0,"key":"Strength Potion"},{"floor":10.0,"key":"PowerPotion"},{"floor":16.0,"key":"BlessingOfTheForge"},{"floor":22.0,"key":"testmod-TestPotion"},{"floor":31.0,"key":"LiquidBronze"},{"floor":33.0,"key":"Energy Potion"}],"is_trial":false,"path_per_floor":["M","$","?","M","?","E","R","M","T","E","M","R","$","?","R","B",null,"M","?","$","M","M","E","R","M","T","R","E","?","M","M","R","B",null,"M","?","M","$","M","E","R","?","T","M","$","E","R","E","R","B",null,"R","$","E","B"],"character_chosen":"THE_SENSHI","items_purchased":["SteamSale","BrkXgEgg","theSenshi:CutieMoonRodRelic","theSenshi:MoonCosmicPowerMakeUp","theSenshi:MoonCosmicPowerMakeUp","SatanicBible","BelialBook","Bag of Preparation","theSenshi:CosmicHeartCompactRelic","theSenshi:ChokerRelic","Shuriken","Dodecahedron","theSenshi:MoonCrystalPowerMakeUp"],"campfire_rested":0,"item_purchase_floors":[13,13,13,13,17,17,17,20,20,38,45,53,53],"current_hp_per_floor":[75,75,50,50,50,50,50,50,50,34,29,29,29,22,22,22,47,32,32,32,32,18,10,10,10,10,10,17,35,35,35,35,35,47,47,47,47,47,47,47,47,45,45,45,45,45,45,45,45,37,45,45,45,45,45,45],"gold":42,"neow_bonus":"THREE_ENEMY_KILL","is_daily":false,"chose_seed":false,"campfire_upgraded":9,"win_rate":0.0,"timestamp":1612602203,"path_taken":["M","$","?","M","?","E","R","?","T","E","M","R","?","?","R","BOSS","M","?","$","M","M","E","R","M","T","R","E","?","M","?","R","BOSS","M","?","M","$","M","E","R","?","T","M","$","E","R","E","R","BOSS","R","$","E","BOSS"],"items_purchased_type":["Relic","Relic","Relic","Card","Card","Relic","Relic","Relic","Relic","Relic","Relic","Relic","Card"],"build_version":"2020-12-22","purchased_purges":7,"victory":false,"max_hp_per_floor":[75,75,75,75,75,75,75,75,75,75,75,75,75,75,75,75,47,47,47,47,47,47,47,47,47,47,47,54,54,54,54,54,54,47,47,47,47,47,47,47,47,45,45,45,45,45,45,45,45,45,45,45,45,45,45,45],"card_choices":[{"not_picked":["theSenshi:MoonsReflection","theSenshi:MoonSpiralHeartAttack","theSenshi:HesSoDreamy"],"picked":"SKIP","floor":1.0},{"not_picked":["theSenshi:VenusGlamour","theSenshi:SupersonicWaves","theSenshi:LunasBite","theSenshi:TallSilhouette","theSenshi:TuxedoMaskAssists"],"picked":"SKIP","floor":4.0},{"not_picked":["theSenshi:RainbowMoonHeartAche","theSenshi:SailorPlanetPower","theSenshi:MoonTiaraMagic","theSenshi:DramaticEntrance"],"picked":"theSenshi:UranusStrength","floor":6.0},{"not_picked":["theSenshi:TallSilhouette","theSenshi:SailorNeptuneAssists","Bomb","theSenshi:MoonTwilightFlash"],"picked":"theSenshi:MoonGorgeousMeditation","floor":8.0},{"not_picked":["theSenshi:TuxedoSmokingBomber","theSenshi:TallSilhouette","theSenshi:SailorUranusAssists","theSenshi:LunasBite","theSenshi:LateForSchool"],"picked":"SKIP","floor":10.0},{"not_picked":["theSenshi:MoonKick","theSenshi:InTheNickOfTime","theSenshi:SailorStarMakerAssists","theSenshi:SailorMercuryAssists"],"picked":"theSenshi:MoonPrincessHalation","floor":11.0},{"not_picked":["theSenshi:SailorCosmosAssists+1","theSenshi:StudyParty+1","theSenshi:JupitersPower+1","theSenshi:MoonGorgeousMeditation+1"],"picked":"theSenshi:InTheNameOfTheMoon+1","floor":16.0},{"not_picked":["theSenshi:MercurysCunning","theSenshi:SchoolBag","theSenshi:MoonPrincessHalation","theSenshi:SailorPlanetAttack+1"],"picked":"theSenshi:MoonCrystalPowerMakeUp+1","floor":18.0},{"not_picked":["theSenshi:LateForSchool+1","theSenshi:SailorChibiMoonAssists","theSenshi:SchoolBag","theSenshi:TallSilhouette"],"picked":"theSenshi:MoonsReflection+1","floor":21.0},{"not_picked":["theSenshi:SailorStarMakerAssists","theSenshi:SailorMarsAssists","theSenshi:Sidestep","theSenshi:SailorVenusAssists","theSenshi:SailorStarFighterAssists"],"picked":"SKIP","floor":22.0},{"not_picked":["theSenshi:MoonPrincessHalation","theSenshi:LunaSensingAllies+1","theSenshi:SailorChibiMoonAssists","theSenshi:MoonlightKnight","theSenshi:SupersonicWaves"],"picked":"SKIP","floor":23.0},{"not_picked":["theSenshi:TuxedoSmokingBomber","theSenshi:SailorVenusAssists+1","theSenshi:SailorStarFighterAssists","theSenshi:SailorMercuryAssists","theSenshi:SchoolBag+1"],"picked":"SKIP","floor":25.0},{"not_picked":["theSenshi:ChibiMoonsLove+1","theSenshi:MoonCosmicPowerMakeUp","theSenshi:SupersonicWaves","theSenshi:SchoolBag"],"picked":"theSenshi:FatedKiss+1","floor":28.0},{"not_picked":["theSenshi:MoonPunch","theSenshi:MoonCrystalPowerMakeUp","theSenshi:TuxedoSmokingBomber","theSenshi:TallSilhouette","theSenshi:SailorChibiMoonAssists+1"],"picked":"SKIP","floor":30.0},{"not_picked":["theSenshi:SailorStarFighterAssists+1","theSenshi:Sidestep","theSenshi:VenusGlamour","theSenshi:NeptunesGrace","theSenshi:MoonKick+1"],"picked":"SKIP","floor":31.0},{"not_picked":["theSenshi:SailorPlutoAssists+1","theSenshi:SailorCosmosAssists+1","theSenshi:IWillPunishYou+1","theSenshi:InTheNameOfTheMoon+1"],"picked":"theSenshi:GlimpseOfThePast+1","floor":33.0},{"not_picked":["theSenshi:MoonKick","theSenshi:GatheringStrength+1","theSenshi:MoonPunch","theSenshi:LunasBite"],"picked":"theSenshi:SchoolBag+1","floor":35.0},{"not_picked":["theSenshi:MoonCosmicPowerMakeUp","theSenshi:SailorVenusAssists","theSenshi:LunaWiseMentor","theSenshi:MoonPunch+1"],"picked":"theSenshi:MoonCrisisMakeUp","floor":37.0},{"not_picked":["theSenshi:EncouragingSpeech+1","theSenshi:SailorStarMakerAssists+1","theSenshi:MercurysCunning+1","theSenshi:GatheringStrength+1","theSenshi:SailorMarsAssists+1"],"picked":"SKIP","floor":39.0},{"not_picked":["theSenshi:LunasBite+1","theSenshi:SailorPlutoAssists+1","theSenshi:SailorMarsAssists","theSenshi:SailorVenusAssists+1","theSenshi:MoonKick"],"picked":"SKIP","floor":40.0},{"not_picked":["theSenshi:SailorMercuryAssists","theSenshi:TuxedoSmokingBomber","theSenshi:EncouragingSpeech+1","theSenshi:MoonPrincessHalation","theSenshi:SailorCosmosAssists+1"],"picked":"SKIP","floor":44.0},{"not_picked":["theSenshi:SailorChibiMoonAssists","theSenshi:SchoolBag","theSenshi:SailorPlanetAttack+1","theSenshi:TuxedoMaskAssists","theSenshi:SailorV+1"],"picked":"SKIP","floor":46.0},{"not_picked":["theSenshi:IWillPunishYou+1","theSenshi:SailorV+1","theSenshi:LunasBite+1","theSenshi:SailorVenusAssists","theSenshi:SailorChibiMoonAssists+1"],"picked":"SKIP","floor":48.0},{"not_picked":["theSenshi:TallSilhouette","theSenshi:MoonPunch+1","theSenshi:OdangoHead+1","theSenshi:SailorChibiMoonAssists+1"],"picked":"theSenshi:KlutzyLuck+1","floor":54.0}],"player_experience":854818,"relics_obtained":[{"floor":1.0,"key":"SynthV:TestCard"},{"floor":6.0,"key":"ImprovedEquipment"},{"floor":10.0,"key":"GnawedLeaf"},{"floor":23.0,"key":"Lantern"},{"floor":26.0,"key":"theSenshi:TiaraRelic"},{"floor":28.0,"key":"Strawberry"},{"floor":40.0,"key":"AT_DeathDance"},{"floor":43.0,"key":"Anchor"},{"floor":46.0,"key":"Centennial Puzzle"},{"floor":48.0,"key":"SalivaCoin"},{"floor":54.0,"key":"theSenshi:HolyGrailRelic"}],"event_choices":[{"damage_healed":0.0,"max_hp_gain":0.0,"max_hp_loss":0.0,"gold_gain":0.0,"event_name":"Scrap Ooze","player_choice":"Success","floor":3.0,"gold_loss":0.0,"damage_taken":25.0,"relics_obtained":["StoneCalendar"]},{"damage_healed":0.0,"max_hp_gain":0.0,"max_hp_loss":0.0,"gold_gain":400.0,"event_name":"恩洛斯的盘子","player_choice":"Sell","floor":5.0,"relics_lost":["DaveBox"],"gold_loss":0.0,"damage_taken":0.0},{"cards_removed":["theSenshi:SailorKick"],"damage_healed":0.0,"max_hp_gain":0.0,"max_hp_loss":0.0,"gold_gain":0.0,"event_name":"Golden Wing","player_choice":"Card Removal","floor":14.0,"gold_loss":0.0,"damage_taken":7.0},{"damage_healed":0.0,"max_hp_gain":0.0,"max_hp_loss":0.0,"gold_gain":0.0,"event_name":"Ghosts","player_choice":"Ignored","floor":19.0,"gold_loss":0.0,"damage_taken":0.0},{"damage_healed":18.0,"max_hp_gain":0.0,"max_hp_loss":0.0,"gold_gain":0.0,"event_name":"The Library","player_choice":"Heal","floor":29.0,"gold_loss":0.0,"damage_taken":0.0},{"damage_healed":0.0,"max_hp_gain":0.0,"max_hp_loss":0.0,"gold_gain":0.0,"event_name":"给自己的盒子","player_choice":"Ignored","floor":36.0,"gold_loss":0.0,"damage_taken":0.0},{"damage_healed":0.0,"max_hp_gain":0.0,"max_hp_loss":2.0,"gold_gain":0.0,"event_name":"Winding Halls","player_choice":"Max HP","floor":42.0,"gold_loss":0.0,"damage_taken":0.0}],"is_beta":false,"boss_relics":[{"not_picked":["Philosopher\u0027s Stone","REME_DuelDisc"],"picked":"testmod-Prudence"},{"not_picked":[]},{"not_picked":["MagicMushroom","testmod-StringDisintegrator"],"picked":"Sozu"},{"not_picked":[]}],"items_purged_floors":[2,13,17,20,34,38,45],"is_endless":false,"potions_floor_spawned":[1,8,10,16,21,22,31,33,35,37,44,46],"killed_by":"Delirium","ascension_level":0}}