{"host":"x7xd4wkamhrqrrvw","time":1612622502,"event":{"mods":["AchievementEnabler","BaseMod","Minty Spire (QoL Compilation)","Relic Stats","StSLib"],"gold_per_floor":[110,110,128,145,95,95,128,139,139,168,168,22,22,39,39,140,140,154,154,253,263,297,297,20,50,73,84,84,113,130,130,130,228,278,293,243,243,14,29,29,29,29,29,64,64,74,74,124,124,124,124,124,12,41,41,41],"floor_reached":55,"language":"ENG","playtime":2991,"items_purged":["Strike_P","Strike_P","Strike_P+1","Defend_P"],"score":1321,"play_id":"bb506e8d-cb15-49f7-b836-34a836d32f3c","local_time":"20210206124142","is_ascension_mode":true,"campfire_choices":[{"data":"Eruption","floor":6,"key":"SMITH"},{"data":"SignatureMove","floor":13,"key":"SMITH"},{"data":"Vault","floor":15,"key":"SMITH"},{"data":"Devotion","floor":23,"key":"SMITH"},{"data":"Worship","floor":28,"key":"SMITH"},{"data":"Ghostly","floor":32,"key":"SMITH"},{"data":"Ghostly","floor":40,"key":"SMITH"},{"data":"Ghostly","floor":42,"key":"SMITH"},{"floor":47,"key":"RECALL"},{"data":"Vault","floor":49,"key":"SMITH"},{"data":"Ghostly","floor":52,"key":"SMITH"}],"circlet_count":0,"master_deck":["AscendersBane","Defend_P","Eruption+1","Vigilance","Brilliance+1","ReachHeaven","SignatureMove+1","Vault+1","Prostrate","Devotion+1","Protect+1","Worship+1","Dark Shackles","DeusExMachina","Ghostly+1","Ghostly+1","Ghostly+1","Ghostly+1","Ghostly+1","Vault+1","Vault+1"],"relics":["PureWater","Letter Opener","CaptainsWheel","Unceasing Top","Membership Card","Coffee Dripper","Red Mask","Thread and Needle","The Courier","Centennial Puzzle","Smiling Mask","Tiny House","DollysMirror","Pen Nib","Ancient Tea Set","Juzu Bracelet","Turnip","Strange Spoon","Bag of Preparation"],"acts_visited":["Exordium","TheCity","TheBeyond","TheEnding"],"potions_floor_usage":[7,10,22,22,25,55,55,55],"damage_taken":[{"damage":0,"enemies":"Cultist","floor":1,"turns":3},{"damage":0,"enemies":"Jaw Worm","floor":3,"turns":3},{"damage":0,"enemies":"2 Louse","floor":4,"turns":2},{"damage":0,"enemies":"Gremlin Nob","floor":7,"turns":2},{"damage":0,"enemies":"2 Fungi Beasts","floor":8,"turns":2},{"damage":1,"enemies":"3 Sentries","floor":10,"turns":3},{"damage":0,"enemies":"Blue Slaver","floor":14,"turns":1},{"damage":48,"enemies":"Hexaghost","floor":16,"turns":6},{"damage":0,"enemies":"Spheric Guardian","floor":18,"turns":3},{"damage":9,"enemies":"Shell Parasite","floor":21,"turns":5},{"damage":7,"enemies":"Masked Bandits","floor":22,"turns":2},{"damage":0,"enemies":"Gremlin Leader","floor":25,"turns":4},{"damage":0,"enemies":"Snake Plant","floor":27,"turns":3},{"damage":1,"enemies":"Slavers","floor":29,"turns":6},{"damage":0,"enemies":"Chosen and Byrds","floor":30,"turns":4},{"damage":28,"enemies":"Automaton","floor":33,"turns":9},{"damage":0,"enemies":"3 Darklings","floor":35,"turns":7},{"damage":1,"enemies":"3 Shapes","floor":39,"turns":6},{"damage":0,"enemies":"Reptomancer","floor":44,"turns":6},{"damage":0,"enemies":"3 Darklings","floor":46,"turns":6},{"damage":0,"enemies":"Mind Bloom Boss Battle","floor":48,"turns":6},{"damage":0,"enemies":"Time Eater","floor":50,"turns":8},{"damage":0,"enemies":"Shield and Spear","floor":54,"turns":8},{"damage":112,"enemies":"The Heart","floor":55,"turns":9}],"seed_played":"8083027492730180640","potions_obtained":[{"floor":1,"key":"AttackPotion"},{"floor":8,"key":"SkillPotion"},{"floor":16,"key":"DistilledChaos"},{"floor":21,"key":"GamblersBrew"},{"floor":25,"key":"Fruit Juice"},{"floor":27,"key":"LiquidBronze"},{"floor":30,"key":"SmokeBomb"},{"floor":34,"key":"Weak Potion"},{"floor":39,"key":"Strength Potion"},{"floor":54,"key":"Block Potion"}],"is_trial":false,"path_per_floor":["M","?","M","M","?","R","E","M","T","E","?","$","R","M","R","B",null,"M","?","?","M","?","R","$","E","T","M","R","E","M","?","R","B",null,"M","$","?","$","M","R","?","R","T","E","?","M","R","?","R","B",null,"R","$","E","B"],"character_chosen":"WATCHER","items_purchased":["Membership Card","Thread and Needle","Worship","Dark Shackles","DollysMirror","Pen Nib","Ancient Tea Set","Strange Spoon"],"campfire_rested":0,"item_purchase_floors":[12,24,24,24,38,38,38,53],"current_hp_per_floor":[65,52,52,52,52,52,52,52,52,51,56,56,56,56,56,8,55,55,55,55,46,39,39,39,44,44,44,44,43,43,37,37,9,35,35,35,35,35,34,34,34,34,34,34,34,34,34,34,34,34,39,39,39,39,0,0],"gold":41,"neow_bonus":"THREE_RARE_CARDS","is_daily":false,"chose_seed":false,"campfire_upgraded":10,"win_rate":0.0,"timestamp":1612622502,"path_taken":["M","?","M","M","?","R","E","M","T","E","?","$","R","M","R","BOSS","M","?","?","M","?","R","$","E","T","M","R","E","M","?","R","BOSS","M","$","?","$","M","R","?","R","T","E","?","M","R","?","R","BOSS","R","$","E","BOSS"],"items_purchased_type":["Relic","Relic","Card","Card","Relic","Relic","Relic","Relic"],"build_version":"2020-12-22","purchased_purges":4,"victory":false,"max_hp_per_floor":[65,65,65,65,65,65,65,65,65,65,70,70,70,70,70,70,70,70,70,70,70,70,70,70,75,75,75,75,75,75,37,37,37,42,42,42,42,42,42,42,42,42,42,42,40,40,40,40,40,40,40,40,40,40,40,40],"relic_stats":{"Strange Spoon":[8],"Centennial Puzzle":[10],"counters":[24,114],"Pen Nib":[5],"Turnip":[2],"Juzu Bracelet":1,"Bag of Preparation":[2],"Letter Opener":[254],"Smiling Mask":0,"obtain_stats":[{"Tiny House":34,"Thread and Needle":24,"The Courier":25,"Pen Nib":38,"Juzu Bracelet":44,"Bag of Preparation":54,"Letter Opener":7,"Smiling Mask":29,"Ancient Tea Set":38,"Strange Spoon":53,"CaptainsWheel":9,"Centennial Puzzle":26,"DollysMirror":38,"Turnip":48,"Coffee Dripper":17,"Red Mask":22,"Membership Card":12,"PureWater":0,"Unceasing Top":10},{"Tiny House":16,"Thread and Needle":11,"The Courier":12,"Pen Nib":17,"Juzu Bracelet":19,"Bag of Preparation":23,"Letter Opener":4,"Smiling Mask":14,"Ancient Tea Set":17,"Strange Spoon":22,"CaptainsWheel":5,"Centennial Puzzle":12,"DollysMirror":17,"Turnip":21,"Coffee Dripper":8,"Red Mask":11,"Membership Card":6,"PureWater":0,"Unceasing Top":6},{"Tiny House":58,"Thread and Needle":32,"The Courier":36,"Pen Nib":65,"Juzu Bracelet":77,"Bag of Preparation":105,"Letter Opener":10,"Smiling Mask":45,"Ancient Tea Set":65,"Strange Spoon":97,"CaptainsWheel":12,"Centennial Puzzle":36,"DollysMirror":65,"Turnip":89,"Coffee Dripper":22,"Red Mask":32,"Membership Card":15,"PureWater":0,"Unceasing Top":15}],"Unceasing Top":[3]},"card_choices":[{"not_picked":["MasterReality","Vault"],"picked":"Brilliance","floor":0},{"not_picked":["Fasting2","BowlingBash"],"picked":"ReachHeaven","floor":1},{"not_picked":["FlurryOfBlows","Worship"],"picked":"SignatureMove","floor":3},{"not_picked":["Pray","Vengeance","FlyingSleeves"],"picked":"SKIP","floor":4},{"not_picked":["CutThroughFate","Protect","EmptyBody"],"picked":"SKIP","floor":7},{"not_picked":["CrushJoints","BowlingBash"],"picked":"Vault","floor":8},{"not_picked":["JustLucky","PathToVictory","Pray"],"picked":"SKIP","floor":10},{"not_picked":["SashWhip","Crescendo"],"picked":"Prostrate","floor":14},{"not_picked":["Omniscience","Vault"],"picked":"Devotion","floor":16},{"not_picked":["Crescendo","BattleHymn"],"picked":"Protect+1","floor":18},{"not_picked":["MentalFortress","PathToVictory","FlurryOfBlows"],"picked":"SKIP","floor":21},{"not_picked":["FlurryOfBlows","PathToVictory+1","CutThroughFate"],"picked":"SKIP","floor":25},{"not_picked":["Crescendo","SashWhip+1","Evaluate+1"],"picked":"SKIP","floor":27},{"not_picked":["ForeignInfluence+1","Indignation","JustLucky+1"],"picked":"SKIP","floor":29},{"not_picked":["EmptyFist+1","EmptyBody+1"],"picked":"DeusExMachina","floor":30},{"not_picked":["CutThroughFate","Protect+1","SashWhip+1"],"picked":"SKIP","floor":35},{"not_picked":["ClearTheMind","SashWhip","Consecrate"],"picked":"SKIP","floor":39},{"not_picked":["Blasphemy","Crescendo+1"],"picked":"Vault","floor":44},{"not_picked":["EmptyFist","JustLucky+1","Crescendo"],"picked":"SKIP","floor":46},{"not_picked":["FollowUp","SpiritShield","Nirvana"],"picked":"SKIP","floor":54}],"player_experience":427574,"relics_obtained":[{"floor":7,"key":"Letter Opener"},{"floor":9,"key":"CaptainsWheel"},{"floor":10,"key":"Unceasing Top"},{"floor":22,"key":"Red Mask"},{"floor":25,"key":"The Courier"},{"floor":26,"key":"Centennial Puzzle"},{"floor":29,"key":"Smiling Mask"},{"floor":44,"key":"Juzu Bracelet"},{"floor":48,"key":"Turnip"},{"floor":54,"key":"Bag of Preparation"}],"event_choices":[{"damage_healed":0,"gold_gain":0,"player_choice":"Entered Light","damage_taken":13,"max_hp_gain":0,"max_hp_loss":0,"event_name":"Shining Light","floor":2,"gold_loss":0,"cards_upgraded":["Strike_P","Brilliance"]},{"cards_removed":["Strike_P"],"damage_healed":0,"gold_gain":0,"player_choice":"Card Removal","damage_taken":0,"max_hp_gain":0,"max_hp_loss":0,"event_name":"The Cleric","floor":5,"gold_loss":50},{"damage_healed":0,"gold_gain":0,"player_choice":"Donut","damage_taken":0,"max_hp_gain":5,"max_hp_loss":0,"event_name":"Big Fish","floor":11,"gold_loss":0},{"damage_healed":0,"gold_gain":0,"player_choice":"Ignored","damage_taken":0,"max_hp_gain":0,"max_hp_loss":0,"event_name":"Vampires","floor":19,"gold_loss":0},{"damage_healed":0,"gold_gain":99,"player_choice":"Stole From Cult","damage_taken":0,"max_hp_gain":0,"max_hp_loss":0,"event_name":"Nest","floor":20,"gold_loss":0},{"damage_healed":0,"gold_gain":0,"player_choice":"Fought Bandits","damage_taken":0,"max_hp_gain":0,"max_hp_loss":0,"event_name":"Masked Bandits","floor":22,"gold_loss":0},{"damage_healed":0,"gold_gain":0,"player_choice":"Became a Ghost","damage_taken":0,"max_hp_gain":0,"max_hp_loss":38,"event_name":"Ghosts","floor":31,"gold_loss":0,"cards_obtained":["Ghostly","Ghostly","Ghostly","Ghostly","Ghostly"]},{"cards_removed":["Defend_P"],"damage_healed":0,"gold_gain":0,"player_choice":"Removed Skill","damage_taken":0,"max_hp_gain":0,"max_hp_loss":0,"event_name":"Falling","floor":37,"gold_loss":0},{"cards_removed":["Defend_P"],"damage_healed":0,"gold_gain":0,"player_choice":"Purged","damage_taken":0,"max_hp_gain":0,"max_hp_loss":0,"event_name":"Purifier","floor":41,"gold_loss":0},{"damage_healed":0,"gold_gain":0,"player_choice":"Max HP","damage_taken":0,"max_hp_gain":0,"max_hp_loss":2,"event_name":"Winding Halls","floor":45,"gold_loss":0},{"damage_healed":0,"gold_gain":0,"player_choice":"Fight","damage_taken":0,"max_hp_gain":0,"max_hp_loss":0,"event_name":"MindBloom","floor":48,"gold_loss":0}],"is_beta":false,"boss_relics":[{"not_picked":["Runic Dome","Pandora\u0027s Box"],"picked":"Coffee Dripper"},{"not_picked":["VioletLotus","Calling Bell"],"picked":"Tiny House"}],"items_purged_floors":[24,36,38,53],"is_endless":false,"potions_floor_spawned":[1,8,16,21,25,27,30,39,44,46,54],"killed_by":"The Heart","ascension_level":10}}