{"host":"1focbxb2e8qu7ccd","time":1612571156,"event":{"mods":["BaseMod","Bestiary","Highlight Path","Minty Spire (QoL Compilation)","Relic Stats"],"gold_per_floor":[117,117,128,142,16,16,43,43,94,94,113,126,201,240,240,325,325,354,354,372,388,588,621,632,632,632,658,95,115,146,166,166,251,251,263,312,335,351,351,387,408,408,408,449,324,347,382,393,393,393,393,393,393,121,150,150],"floor_reached":57,"language":"ENG","playtime":7032,"items_purged":["Strike_G","Strike_G+1","Strike_G+1"],"score":3049,"play_id":"069c0696-11ac-461a-87c8-d66c67800dda","local_time":"20210205192556","is_ascension_mode":true,"campfire_choices":[{"data":"Blade Dance","floor":6.0,"key":"SMITH"},{"data":"Neutralize","floor":8.0,"key":"SMITH"},{"floor":10.0,"key":"REST"},{"data":"Wraith Form v2","floor":15.0,"key":"SMITH"},{"data":"Wraith Form v2","floor":25.0,"key":"SMITH"},{"data":"Apotheosis","floor":32.0,"key":"SMITH"},{"floor":42,"key":"RECALL"},{"data":"Calculated Gamble","floor":49,"key":"SMITH"},{"data":"Acrobatics","floor":53,"key":"SMITH"}],"circlet_count":0,"master_deck":["AscendersBane","Defend_G+1","Defend_G+1","Defend_G+1","Defend_G+1","Defend_G+1","Survivor","Neutralize+1","Flying Knee","Blade Dance+1","Dagger Throw","Blade Dance","Underhanded Strike","Poisoned Stab","Wraith Form v2+1","Wraith Form v2+1","Corpse Explosion","Flying Knee+1","Outmaneuver","Bullet Time","Apotheosis+1","Noxious Fumes","Deadly Poison","Outmaneuver","Tools of the Trade","Tactician","Burst","Acrobatics+1","Calculated Gamble+1","Prepared","Tactician+1","Calculated Gamble"],"relics":["Ring of the Snake","NeowsBlessing","Orichalcum","Bronze Scales","Ancient Tea Set","CeramicFish","Runic Pyramid","Eternal Feather","Blue Candle","Bag of Preparation","Sundial","Cursed Key","TungstenRod","Omamori","Letter Opener","PreservedInsect","Lizard Tail","Centennial Puzzle","Bottled Tornado"],"acts_visited":["Exordium","TheCity","TheBeyond","TheEnding"],"potions_floor_usage":[51,56],"damage_taken":[{"damage":0.0,"enemies":"Small Slimes","floor":1.0,"turns":1.0},{"damage":0.0,"enemies":"Cultist","floor":3.0,"turns":1.0},{"damage":0.0,"enemies":"2 Louse","floor":4.0,"turns":1.0},{"damage":35.0,"enemies":"Lagavulin","floor":7.0,"turns":6.0},{"damage":0.0,"enemies":"Looter","floor":11.0,"turns":2.0},{"damage":0.0,"enemies":"Lots of Slimes","floor":12.0,"turns":2.0},{"damage":10.0,"enemies":"3 Sentries","floor":14.0,"turns":5.0},{"damage":18.0,"enemies":"The Guardian","floor":16.0,"turns":14.0},{"damage":0.0,"enemies":"Chosen","floor":18.0,"turns":4.0},{"damage":6.0,"enemies":"3 Byrds","floor":21.0,"turns":3.0},{"damage":13.0,"enemies":"Slavers","floor":23.0,"turns":3.0},{"damage":0.0,"enemies":"Snake Plant","floor":24.0,"turns":4.0},{"damage":2.0,"enemies":"Gremlin Leader","floor":27.0,"turns":7.0},{"damage":0.0,"enemies":"3 Cultists","floor":29.0,"turns":1.0},{"damage":9.0,"enemies":"Slavers","floor":30.0,"turns":5.0},{"damage":0.0,"enemies":"Cultist and Chosen","floor":31.0,"turns":4.0},{"damage":7.0,"enemies":"Automaton","floor":33.0,"turns":8.0},{"damage":0.0,"enemies":"3 Shapes","floor":35.0,"turns":5.0},{"damage":0.0,"enemies":"2 Orb Walkers","floor":36.0,"turns":4.0},{"damage":0.0,"enemies":"Orb Walker","floor":37.0,"turns":5.0},{"damage":0.0,"enemies":"Sphere and 2 Shapes","floor":38.0,"turns":6.0},{"damage":0,"enemies":"Nemesis","floor":40,"turns":7},{"damage":0,"enemies":"Transient","floor":41,"turns":6},{"damage":0,"enemies":"Giant Head","floor":44,"turns":8},{"damage":0,"enemies":"3 Darklings","floor":46,"turns":3},{"damage":8,"enemies":"Reptomancer","floor":47,"turns":6},{"damage":0,"enemies":"Sphere and 2 Shapes","floor":48,"turns":4},{"damage":34,"enemies":"Awakened One","floor":50,"turns":11},{"damage":29,"enemies":"Donu and Deca","floor":51,"turns":6},{"damage":0,"enemies":"Shield and Spear","floor":55,"turns":4},{"damage":0,"enemies":"The Heart","floor":56,"turns":11}],"seed_played":"-5964687549236964434","potions_obtained":[{"floor":1.0,"key":"Dexterity Potion"},{"floor":11.0,"key":"CunningPotion"},{"floor":12.0,"key":"Swift Potion"},{"floor":14.0,"key":"FairyPotion"},{"floor":24.0,"key":"CunningPotion"},{"floor":37.0,"key":"CultistPotion"},{"floor":46,"key":"LiquidMemories"}],"is_trial":false,"path_per_floor":["M","?","M","M","$","R","E","R","T","R","M","M","?","E","R","B",null,"M","?","?","M","?","E","M","R","T","E","$","M","E","M","R","B",null,"M","?","M","M","?","E","M","R","T","E","$","M","E","M","R","B","B",null,"R","$","E","B",null],"character_chosen":"THE_SILENT","items_purchased":["Blade Dance","Apotheosis","Bag of Preparation","Noxious Fumes","Deadly Poison","DuplicationPotion","Calculated Gamble","Centennial Puzzle"],"campfire_rested":1,"item_purchase_floors":[5,28,28,28,28,54,54,54],"current_hp_per_floor":[59,59,59,59,59,59,24,24,24,43,43,43,32,22,22,4,51,51,51,51,45,45,32,32,44,44,42,42,42,33,33,48,41,60,60,60,60,60,60,60,60,66,66,66,66,66,58,58,66,32,3,50,66,66,66,66],"gold":150,"neow_bonus":"THREE_ENEMY_KILL","is_daily":false,"chose_seed":false,"campfire_upgraded":7,"win_rate":0.0,"timestamp":1612571156,"path_taken":["M","?","M","?","?","R","E","R","T","R","?","M","?","E","R","BOSS","M","?","?","M","?","E","?","R","T","E","$","M","E","M","R","BOSS","M","?","M","M","?","E","?","R","T","E","?","M","E","M","R","BOSS","BOSS","R","$","E","BOSS"],"items_purchased_type":["Card","Card","Relic","Card","Card","Potion","Card","Relic"],"build_version":"2020-12-22","purchased_purges":3,"victory":true,"max_hp_per_floor":[66,66,66,66,66,66,66,66,66,66,66,66,66,66,66,66,66,66,66,66,66,66,66,66,66,66,66,66,66,66,66,66,66,66,66,66,66,66,66,66,66,66,66,66,66,66,66,66,66,66,66,66,66,66,66,66],"relic_stats":{"counters":[31,157],"CeramicFish":153,"Blue Candle":[1],"Eternal Feather":57,"PreservedInsect":139,"Bag of Preparation":[36],"Letter Opener":[271],"Orichalcum":[582],"Cursed Key":1,"Lizard Tail":0,"Centennial Puzzle":[0],"Sundial":[12],"Bronze Scales":[655],"obtain_stats":[{"NeowsBlessing":0,"CeramicFish":14,"Blue Candle":27,"Eternal Feather":23,"PreservedInsect":44,"Bag of Preparation":28,"Omamori":40,"Letter Opener":43,"Orichalcum":2,"Bottled Tornado":55,"Ancient Tea Set":9,"Cursed Key":34,"Lizard Tail":47,"Centennial Puzzle":54,"Sundial":30,"Bronze Scales":7,"TungstenRod":36,"Ring of the Snake":0,"Runic Pyramid":17},{"NeowsBlessing":0,"CeramicFish":7,"Blue Candle":13,"Eternal Feather":11,"PreservedInsect":24,"Bag of Preparation":13,"Omamori":22,"Letter Opener":23,"Orichalcum":1,"Bottled Tornado":30,"Ancient Tea Set":4,"Cursed Key":17,"Lizard Tail":26,"Centennial Puzzle":29,"Sundial":15,"Bronze Scales":4,"TungstenRod":19,"Ring of the Snake":0,"Runic Pyramid":8},{"NeowsBlessing":0,"CeramicFish":18,"Blue Candle":53,"Eternal Feather":42,"PreservedInsect":112,"Bag of Preparation":53,"Omamori":98,"Letter Opener":104,"Orichalcum":1,"Bottled Tornado":146,"Ancient Tea Set":9,"Cursed Key":71,"Lizard Tail":121,"Centennial Puzzle":142,"Sundial":59,"Bronze Scales":9,"TungstenRod":80,"Ring of the Snake":0,"Runic Pyramid":32}],"TungstenRod":90,"Ring of the Snake":[62]},"card_choices":[{"not_picked":["Leg Sweep","Prepared"],"picked":"Flying Knee","floor":1.0},{"not_picked":["Dagger Throw","Distraction"],"picked":"Blade Dance","floor":3.0},{"not_picked":["Predator","Acrobatics"],"picked":"Dagger Throw","floor":4.0},{"not_picked":["Dagger Throw","Crippling Poison"],"picked":"Underhanded Strike","floor":7.0},{"not_picked":["Expertise","Leg Sweep"],"picked":"Poisoned Stab","floor":11.0},{"not_picked":["Prepared","Slice"],"picked":"Wraith Form v2","floor":12.0},{"not_picked":["Acrobatics","Blade Dance"],"picked":"Wraith Form v2","floor":14.0},{"not_picked":["Die Die Die","Unload"],"picked":"Corpse Explosion","floor":16.0},{"not_picked":["Masterful Stab","Riddle With Holes"],"picked":"Flying Knee+1","floor":18.0},{"not_picked":["Eviscerate","Bane","Deadly Poison"],"picked":"SKIP","floor":21.0},{"not_picked":["Corpse Explosion","Escape Plan","Setup"],"picked":"SKIP","floor":23.0},{"not_picked":["Poisoned Stab","Acrobatics","Blur"],"picked":"SKIP","floor":24.0},{"not_picked":["Underhanded Strike","Choke+1","Backflip"],"picked":"SKIP","floor":27.0},{"not_picked":["Dodge and Roll","Bane"],"picked":"Outmaneuver","floor":29.0},{"not_picked":["Finisher","Accuracy","Heel Hook"],"picked":"SKIP","floor":30.0},{"not_picked":["Dagger Throw","Choke","Terror"],"picked":"SKIP","floor":31.0},{"not_picked":["Glass Knife","Adrenaline"],"picked":"Tools of the Trade","floor":33.0},{"not_picked":["Cloak And Dagger+1","Quick Slash","Flying Knee"],"picked":"SKIP","floor":35.0},{"not_picked":["Dagger Spray+1","Dodge and Roll+1"],"picked":"Tactician","floor":37.0},{"not_picked":["Sucker Punch","Poisoned Stab","Deflect+1"],"picked":"SKIP","floor":38.0},{"not_picked":["Bouncing Flask","Dagger Spray"],"picked":"Burst","floor":40},{"not_picked":["Leg Sweep","Backflip"],"picked":"Acrobatics","floor":41},{"not_picked":["Infinite Blades+1","Reflex"],"picked":"Calculated Gamble","floor":44},{"not_picked":["Poisoned Stab","Underhanded Strike"],"picked":"Prepared","floor":46},{"not_picked":["Skewer","Setup"],"picked":"Tactician+1","floor":47},{"not_picked":["Blade Dance+1","Masterful Stab","Skewer+1"],"picked":"SKIP","floor":48},{"not_picked":["Blade Dance+1","Masterful Stab","Skewer+1"],"picked":"SKIP","floor":48},{"not_picked":["Doppelganger","Slice","Expertise"],"picked":"SKIP","floor":55}],"player_experience":875828,"relics_obtained":[{"floor":7.0,"key":"Bronze Scales"},{"floor":9.0,"key":"Ancient Tea Set"},{"floor":14.0,"key":"CeramicFish"},{"floor":23.0,"key":"Eternal Feather"},{"floor":27.0,"key":"Blue Candle"},{"floor":30.0,"key":"Sundial"},{"floor":36.0,"key":"TungstenRod"},{"floor":40,"key":"Omamori"},{"floor":43,"key":"Letter Opener"},{"floor":44,"key":"PreservedInsect"},{"floor":47,"key":"Lizard Tail"},{"floor":55,"key":"Bottled Tornado"}],"event_choices":[{"damage_healed":0.0,"max_hp_gain":0.0,"max_hp_loss":0.0,"gold_gain":0.0,"event_name":"WeMeetAgain","player_choice":"Gave Potion","floor":2.0,"gold_loss":0.0,"damage_taken":0.0,"relics_obtained":["Orichalcum"]},{"damage_healed":0.0,"max_hp_gain":0.0,"max_hp_loss":0.0,"gold_gain":75.0,"event_name":"World of Goop","player_choice":"Gather Gold","floor":13.0,"gold_loss":0.0,"damage_taken":11.0},{"damage_healed":0.0,"max_hp_gain":0.0,"max_hp_loss":0.0,"gold_gain":0.0,"event_name":"Back to Basics","player_choice":"Simplicity","floor":19.0,"gold_loss":0.0,"damage_taken":0.0,"cards_upgraded":["Strike_G","Strike_G","Strike_G","Strike_G","Defend_G","Defend_G","Defend_G","Defend_G","Defend_G"]},{"damage_healed":0.0,"max_hp_gain":0.0,"max_hp_loss":0.0,"gold_gain":0.0,"cards_transformed":["Strike_G","Strike_G"],"event_name":"Drug Dealer","player_choice":"Became Test Subject","floor":20.0,"gold_loss":0.0,"damage_taken":0.0,"cards_obtained":["Outmaneuver","Bullet Time"]},{"damage_healed":0.0,"max_hp_gain":0.0,"max_hp_loss":0.0,"gold_gain":200.0,"event_name":"Wheel of Change","player_choice":"Gold","floor":22.0,"gold_loss":0.0,"damage_taken":0.0},{"damage_healed":0.0,"max_hp_gain":0.0,"max_hp_loss":0.0,"gold_gain":0.0,"event_name":"Mysterious Sphere","player_choice":"Fight","floor":36.0,"gold_loss":0.0,"damage_taken":0.0},{"damage_healed":0.0,"max_hp_gain":0.0,"max_hp_loss":0.0,"gold_gain":0.0,"event_name":"Tomb of Lord Red Mask","player_choice":"Ignored","floor":39.0,"gold_loss":0.0,"damage_taken":0.0}],"is_beta":false,"boss_relics":[{"not_picked":["Snecko Eye","Astrolabe"],"picked":"Runic Pyramid"},{"not_picked":["SlaversCollar","SacredBark"],"picked":"Cursed Key"}],"items_purged_floors":[5,28,45],"is_endless":false,"potions_floor_spawned":[1,11,12,14,24,27,31,37,40,46,48,55],"ascension_level":20}}