{"host":"3e3mwsgb9gfqiuxm","time":1612597625,"event":{"mods":["Act Like it!","BaseMod","BetterRewards","Colored Map","Colored Powertips","Downfall","Gensokyo","Hermit","Infinite Spire","Koishi","Marisa????????","Minty Spire (QoL Compilation)","Quick Restart","Reimu??????","Remilia??????","Replay The Spire","Shop Mod","StSLib","SuperFastMode","The Animator","The Bug Knight","The Cursed","The Jungle","The Servant 0.9.4","everything is the same but u backflip on backflip"],"gold_per_floor":[112,42,42,42,62,62,14,49,49,84,84,84,38,49,49,150,150,163,163,180,58,58,58],"floor_reached":22,"language":"ENG","playtime":639,"items_purged":["Strike_S"],"score":225,"play_id":"ebf188ac-e46d-44c3-9645-d97eeb6302ab","local_time":"20210206024705","is_ascension_mode":true,"campfire_choices":[{"data":"KidneyShot","floor":6,"key":"SMITH"},{"data":"Exchange","floor":12,"key":"SMITH"},{"data":"Clumsy","floor":15,"key":"PURGE"}],"circlet_count":0,"master_deck":["Strike_S+1","Strike_S","Strike_S","Defend_S","Defend_S","Defend_S","Defend_S","KidneyShot+1","Exchange+1","Spin+1","FastForward","DoubleEdge","DoubleEdge","Defy","SpecialFormula","MurderousAura","Gouge+1","FastForward","Rearm"],"relics":["Uniform","NeowsBlessing","Gensokyo:NagashiBinaDoll","infinitespire:Lucky Rock","Shuriken","Mirror","Gensokyo:PortableGap","RedLine:ReiMu","Gensokyo:DayTheSeaSplit","CaptainsWheel"],"acts_visited":["Gensokyo:Gensokyo","Gensokyo:Gensokyoer"],"potions_floor_usage":[16,22],"damage_taken":[{"damage":0.0,"enemies":"Gensokyo:Python","floor":1.0,"turns":1.0},{"damage":0,"enemies":"Gensokyo:2_Kodama","floor":5,"turns":1},{"damage":0,"enemies":"Gensokyo:Cirno","floor":8,"turns":2},{"damage":18,"enemies":"Gensokyo:Mamizou","floor":10,"turns":8},{"damage":1,"enemies":"Gensokyo:Gryphon","floor":14,"turns":3},{"damage":39,"enemies":"Gensokyo:Kokoro","floor":16,"turns":10},{"damage":2,"enemies":"Gensokyo:2_Gloops","floor":18,"turns":3},{"damage":23,"enemies":"Gensokyo:AngelMirror","floor":20,"turns":3},{"damage":51,"enemies":"Gensokyo:Slime_Group","floor":22,"turns":4}],"seed_played":"7196342703417565842","potions_obtained":[{"floor":5,"key":"Guardian:BlockOnCardUsePotion"},{"floor":10,"key":"Milkshake"},{"floor":14,"key":"Elixir"},{"floor":18,"key":"FearPotion"}],"is_trial":false,"path_per_floor":["M","?","$","?","M","R","$","E","T","E","?","R","COS","M","R_BF","B",null,"M","?","M","$","M"],"character_chosen":"THE_SERVANT","items_purchased":["DoubleEdge","Rearm"],"campfire_rested":0,"item_purchase_floors":[7,21],"current_hp_per_floor":[65,65,65,65,65,65,65,65,65,47,47,47,47,46,46,12,59,57,57,39,39,0,0],"gold":58,"neow_bonus":"THREE_ENEMY_KILL","is_daily":false,"chose_seed":false,"campfire_upgraded":2,"win_rate":0.0,"timestamp":1612597625,"path_taken":["M","?","$","?","M","R","?","E","T","E","?","R","COS","M","R_BF","BOSS","M","?","M","$","M"],"items_purchased_type":["Card","Card"],"build_version":"2020-12-22","purchased_purges":1,"victory":false,"max_hp_per_floor":[65,65,65,65,65,65,65,65,65,65,59,59,59,59,59,59,59,59,59,59,59,59,59],"card_choices":[{"not_picked":["Ricochet","FastForward"],"picked":"Spin","floor":1.0},{"not_picked":["Comet","FanOfKnives"],"picked":"FastForward","floor":5},{"not_picked":["Rewind","Potential"],"picked":"DoubleEdge","floor":8},{"not_picked":["WasteNot","Alleviate"],"picked":"Defy","floor":10},{"not_picked":["Revamp","ShatteredReality"],"picked":"SpecialFormula","floor":14},{"not_picked":["Embodiment","SoulSculpture"],"picked":"MurderousAura","floor":16},{"not_picked":["Moondial","TimeWarp"],"picked":"Gouge+1","floor":18},{"not_picked":["ShatteredReality","StarChef"],"picked":"FastForward","floor":20}],"player_experience":1359098,"relics_obtained":[{"floor":8,"key":"infinitespire:Lucky Rock"},{"floor":9,"key":"Shuriken"},{"floor":10,"key":"Mirror"}],"event_choices":[],"is_beta":false,"boss_relics":[{"not_picked":["Empty Cage","Velvet Choker"],"picked":"RedLine:ReiMu"}],"items_purged_floors":[21],"is_endless":false,"potions_floor_spawned":[5,10,14,18],"killed_by":"Gensokyo:Slime_Group","ascension_level":1}}