{"host":"Jinnai","time":1612577211,"event":{"mods":["BaseMod","Bestiary","Block Reminder","Colored Map","Colored Powertips","Curses Come First","Highlight Path","Minty Spire (QoL Compilation)","Permanent Neow","Potion Indicator Mod","Quick Restart","Random Character Button","Relic Stats","StSLib","ojb\u0027s Info Mod"],"gold_per_floor":[118,118,118,128,145,145,145,145],"floor_reached":7,"language":"ENG","playtime":185,"items_purged":[],"score":82,"play_id":"3ba4bb08-ca27-401c-87f4-7bc69f243b03","local_time":"20210205210651","is_ascension_mode":true,"campfire_choices":[{"data":"ThirdEye","floor":6,"key":"SMITH"}],"circlet_count":0,"master_deck":["AscendersBane","Strike_P","Strike_P","Strike_P","Strike_P","Defend_P","Defend_P","Defend_P","Defend_P","Eruption","Vigilance","ThirdEye+1","CrushJoints","InnerPeace"],"relics":["Busted Crown","Pear"],"acts_visited":["Exordium"],"potions_floor_usage":[],"damage_taken":[{"damage":0,"enemies":"Cultist","floor":1,"turns":3},{"damage":0,"enemies":"2 Louse","floor":4,"turns":4},{"damage":4,"enemies":"Small Slimes","floor":5,"turns":3},{"damage":77,"enemies":"Gremlin Nob","floor":7,"turns":5}],"seed_played":"-4403348107885514312","potions_obtained":[],"is_trial":false,"path_per_floor":["M","?","?","M","M","R","E"],"character_chosen":"WATCHER","items_purchased":[],"campfire_rested":0,"item_purchase_floors":[],"current_hp_per_floor":[61,66,65,65,61,61,0,0],"gold":145,"neow_bonus":"BOSS_RELIC","is_daily":false,"chose_seed":false,"campfire_upgraded":1,"win_rate":0.0,"timestamp":1612577211,"path_taken":["M","?","?","M","M","R","E"],"items_purchased_type":[],"build_version":"2020-12-18","purchased_purges":0,"victory":false,"max_hp_per_floor":[68,73,83,83,83,83,83,83],"relic_stats":{"Busted Crown":6,"counters":[4,15],"obtain_stats":[{"Busted Crown":0,"Pear":3,"PureWater":0},{"Busted Crown":0,"Pear":1,"PureWater":0},{"Busted Crown":0,"Pear":3,"PureWater":0}]},"card_choices":[{"not_picked":[],"picked":"ThirdEye","floor":1},{"not_picked":[],"picked":"CrushJoints","floor":4},{"not_picked":[],"picked":"InnerPeace","floor":5}],"player_experience":1645196,"relics_obtained":[],"event_choices":[{"damage_healed":0,"gold_gain":0,"player_choice":"Donut","damage_taken":0,"max_hp_gain":5,"max_hp_loss":0,"event_name":"Big Fish","floor":2,"gold_loss":0},{"damage_healed":0,"gold_gain":0,"player_choice":"Success","damage_taken":11,"relics_obtained":["Pear"],"max_hp_gain":0,"max_hp_loss":0,"event_name":"Scrap Ooze","floor":3,"gold_loss":0}],"is_beta":true,"boss_relics":[],"items_purged_floors":[],"is_endless":false,"potions_floor_spawned":[],"killed_by":"Gremlin Nob","ascension_level":20}}