{"host":"s0ikvqhe10eopvjn","time":1612653498,"event":{"mods":["Act Like it!","Bard","BaseMod","Better Third Choice","Block Reminder","Colored Map","Colored Powertips","DeckTracker","Downfall","GifTheSpireLib","Halation","Hallownest","Hermit","Highlight Path","Hubris","Infinite Spire","Mad Scientist","Minty Spire (QoL Compilation)","Permanent Neow","Random Character Button","StSLib","The Blue Laboratory","The Bug Knight","The Construct","The Cursed","The Disciple","The Marked","The Necromancer","The Poker Player","The Runesmith","The Servant 0.9.4"],"gold_per_floor":[117,16,16,34,34,60,60,95,146,161,10,42,42,77,77,176,176,186,204,204,204,217,217,249,249,249,249,249,282,282,282,282,382,382,397,397,397,397,408,437,437,470,470,483,483,515,534,534,534,534,534,534,20,48,48],"floor_reached":56,"language":"ENG","playtime":2023,"items_purged":["Defend_R","Regret","Defend_R"],"score":1264,"play_id":"e5e64ae1-a88e-4db2-b025-74d22eba7f72","local_time":"20210206231818","is_ascension_mode":true,"campfire_choices":[{"floor":13,"key":"REST"},{"data":"Feed","floor":15,"key":"SMITH"},{"floor":23,"key":"RECALL"},{"data":"Heavy Blade","floor":25,"key":"SMITH"},{"data":"Havoc","floor":30,"key":"SMITH"},{"data":"Infernal Blade","floor":32,"key":"SMITH"},{"data":"Whirlwind","floor":41,"key":"SMITH"},{"data":"Panacea","floor":45,"key":"SMITH"},{"data":"infinitespire:FinalStrike","floor":49,"key":"SMITH"},{"data":"Flex","floor":52,"key":"SMITH"}],"circlet_count":0,"master_deck":["Strike_R+1","Strike_R","Strike_R","Strike_R","Strike_R","Defend_R","Bash","hubris:CleavingFinish","Flex+1","Ghostly Armor","Rage","Feed+1","Headbutt+1","Whirlwind+1","Infernal Blade+1","Pummel+1","Heavy Blade+1","Reaper","Shrug It Off","hubris:SharpeningStone","Havoc+1","Offering","Twin Strike","Panacea+1","Dropkick+1","Twin Strike+1","Flex+1","Perfected Strike+1","Iron Wave+1","infinitespire:FinalStrike+1","Bloodletting"],"relics":["Burning Blood","NeowsBlessing","halation:EternalFortune","Strawberry","infinitespire:CheckeredPen","Smiling Mask","halation:PromiseList","Paper Frog","halation:LettersToHer","Busted Crown","Pen Nib","Champion Belt","MutagenicStrength","Boot","Whetstone","hubris:ScarierMask","Self Forming Clay","halation:AfternoonTea","halation:SwordOfLegend","Whetstone","hubris:SlimyHat","Medical Kit","White Beast Statue","Runesmith:AutoHammer"],"acts_visited":["Exordium","TheCity","TheBeyond","TheEnding"],"potions_floor_usage":[8,22,29,29,42,50,55,55,55],"damage_taken":[{"damage":0,"enemies":"Small Slimes","floor":1,"turns":1},{"damage":0,"enemies":"2 Louse","floor":4,"turns":1},{"damage":0,"enemies":"Gremlin Nob","floor":6,"turns":1},{"damage":36,"enemies":"Lagavulin","floor":8,"turns":6},{"damage":21,"enemies":"Jaw Worm","floor":10,"turns":5},{"damage":16,"enemies":"Gremlin Nob","floor":12,"turns":3},{"damage":9,"enemies":"3 Sentries","floor":14,"turns":4},{"damage":59,"enemies":"Hexaghost","floor":16,"turns":8},{"damage":20,"enemies":"2 Thieves","floor":18,"turns":3},{"damage":0,"enemies":"Spheric Guardian","floor":19,"turns":2},{"damage":16,"enemies":"Shelled Parasite and Fungi","floor":22,"turns":4},{"damage":6,"enemies":"Slavers","floor":24,"turns":3},{"damage":18,"enemies":"Gremlin Leader","floor":29,"turns":4},{"damage":0,"enemies":"Automaton","floor":33,"turns":2},{"damage":0,"enemies":"3 Darklings","floor":35,"turns":2},{"damage":0,"enemies":"3 Shapes","floor":39,"turns":1},{"damage":6,"enemies":"Giant Head","floor":40,"turns":2},{"damage":30,"enemies":"Nemesis","floor":42,"turns":3},{"damage":0,"enemies":"Sphere and 2 Shapes","floor":44,"turns":1},{"damage":9,"enemies":"Giant Head","floor":46,"turns":4},{"damage":0,"enemies":"Transient","floor":47,"turns":5},{"damage":36,"enemies":"Donu and Deca","floor":50,"turns":5},{"damage":0,"enemies":"Shield and Spear","floor":54,"turns":1},{"damage":40,"enemies":"The Heart","floor":55,"turns":5}],"seed_played":"465410610733962949","potions_obtained":[{"floor":4,"key":"blueLaboratory:BubblePotion"},{"floor":16,"key":"blueLaboratory:RememoryPotion"},{"floor":19,"key":"EssenceOfSteel"},{"floor":24,"key":"blueLaboratory:BottleOfVodka"},{"floor":35,"key":"Guardian:BlockOnCardUsePotion"},{"floor":46,"key":"Swift Potion"},{"floor":54,"key":"DistilledChaos"}],"is_trial":false,"path_per_floor":["M","$","?","M","?","E","?","E","T","M","$","E","R","E","R","B",null,"M","M","?","T","M","R","E","R","T","?","?","E","R","AVR","R","B",null,"M","?","$","?","M","E","R","E","T","M","R","E","M","AVR","R","B",null,"R","$","E","B",null],"character_chosen":"IRONCLAD","items_purchased":["Flex","Whirlwind","Infernal Blade","Medical Kit","White Beast Statue","hexamod:SoulburnPotion","blueLaboratory:HorrorPotion"],"campfire_rested":1,"item_purchase_floors":[2,11,11,53,53,53,53],"current_hp_per_floor":[80,80,73,79,82,90,90,60,60,48,48,41,69,66,66,13,96,92,102,102,102,96,96,100,100,100,100,77,79,79,79,79,85,117,117,117,117,117,117,120,120,100,100,106,109,121,124,124,124,94,124,124,124,124,121],"gold":48,"neow_bonus":"THREE_ENEMY_KILL","is_daily":false,"chose_seed":false,"campfire_upgraded":8,"win_rate":0.0,"timestamp":1612653498,"path_taken":["M","$","?","M","?","E","?","E","T","M","$","E","R","E","R","BOSS","M","M","?","?","M","R","E","R","T","?","?","E","R","AVR","R","BOSS","M","?","?","?","M","E","R","E","T","M","R","E","M","AVR","R","BOSS","R","$","E","BOSS"],"items_purchased_type":["Card","Card","Card","Relic","Relic","Potion","Potion"],"build_version":"2020-12-22","purchased_purges":3,"victory":true,"max_hp_per_floor":[80,80,80,80,83,90,90,90,90,93,93,96,96,96,96,96,96,100,104,104,104,108,108,112,112,112,112,117,117,117,117,117,117,117,117,117,117,117,117,120,120,124,124,124,124,124,124,124,124,124,124,124,124,124,124],"card_choices":[{"not_picked":["Body Slam","Sword Boomerang"],"picked":"hubris:CleavingFinish","floor":1},{"not_picked":["Clothesline","Second Wind"],"picked":"Ghostly Armor","floor":4},{"not_picked":["Heavy Blade","Metallicize"],"picked":"Rage","floor":6},{"not_picked":["Sword Boomerang","Havoc"],"picked":"Feed","floor":8},{"not_picked":["Reckless Charge","Havoc"],"picked":"Headbutt","floor":10},{"not_picked":["True Grit","Seeing Red"],"picked":"Pummel","floor":12},{"not_picked":["Flex","Ghostly Armor"],"picked":"Heavy Blade","floor":14},{"not_picked":["Double Tap","Impervious"],"picked":"Reaper","floor":16},{"not_picked":[],"picked":"Shrug It Off","floor":18},{"not_picked":["Sword Boomerang"],"picked":"SKIP","floor":19},{"not_picked":[],"picked":"Shrug It Off+1","floor":22},{"not_picked":[],"picked":"hubris:SharpeningStone","floor":24},{"not_picked":[],"picked":"Havoc","floor":29},{"not_picked":[],"picked":"Offering","floor":33},{"not_picked":[],"picked":"Twin Strike","floor":35},{"not_picked":[],"picked":"Panacea","floor":36},{"not_picked":[],"picked":"Dropkick","floor":39},{"not_picked":[],"picked":"Twin Strike+1","floor":40},{"not_picked":["Body Slam"],"picked":"SKIP","floor":42},{"not_picked":[],"picked":"Flex+1","floor":44},{"not_picked":[],"picked":"Perfected Strike+1","floor":46},{"not_picked":[],"picked":"Iron Wave+1","floor":47},{"not_picked":[],"picked":"Bloodletting","floor":54}],"player_experience":312709,"relics_obtained":[{"floor":6,"key":"Strawberry"},{"floor":8,"key":"Smiling Mask"},{"floor":9,"key":"halation:PromiseList"},{"floor":12,"key":"Paper Frog"},{"floor":14,"key":"halation:LettersToHer"},{"floor":21,"key":"halation:LettersToHer"},{"floor":24,"key":"Pen Nib"},{"floor":26,"key":"halation:LettersToHer"},{"floor":26,"key":"Champion Belt"},{"floor":29,"key":"Boot"},{"floor":40,"key":"halation:EternalFortune"},{"floor":40,"key":"Self Forming Clay"},{"floor":42,"key":"halation:AfternoonTea"},{"floor":43,"key":"halation:LettersToHer"},{"floor":43,"key":"halation:SwordOfLegend"},{"floor":46,"key":"Whetstone"},{"floor":54,"key":"Runesmith:AutoHammer"}],"event_choices":[{"cards_removed":["Defend_R"],"damage_healed":0,"gold_gain":0,"player_choice":"Card Removal","damage_taken":7,"max_hp_gain":0,"max_hp_loss":0,"event_name":"Golden Wing","floor":3,"gold_loss":0},{"damage_healed":0,"gold_gain":0,"player_choice":"Box","damage_taken":0,"relics_obtained":["infinitespire:CheckeredPen"],"max_hp_gain":0,"max_hp_loss":0,"event_name":"Big Fish","floor":7,"gold_loss":0,"cards_obtained":["Regret"]},{"damage_healed":0,"gold_gain":0,"player_choice":"Ignored","damage_taken":0,"max_hp_gain":0,"max_hp_loss":0,"event_name":"Vampires","floor":20,"gold_loss":0},{"damage_healed":0,"gold_gain":0,"player_choice":"Inject Mutagens","damage_taken":0,"relics_obtained":["MutagenicStrength"],"max_hp_gain":0,"max_hp_loss":0,"event_name":"Drug Dealer","floor":27,"gold_loss":0},{"damage_healed":0,"gold_gain":0,"player_choice":"Shed Blood","damage_taken":28,"max_hp_gain":5,"max_hp_loss":0,"event_name":"Forgotten Altar","floor":28,"gold_loss":0},{"damage_healed":0,"gold_gain":0,"player_choice":"Random: Blue","damage_taken":0,"max_hp_gain":0,"max_hp_loss":0,"event_name":"betterThird:BetterPortal","floor":36,"gold_loss":0},{"damage_healed":0,"gold_gain":0,"player_choice":"Memory 1","damage_taken":0,"max_hp_gain":0,"max_hp_loss":0,"event_name":"SensoryStone","floor":36,"gold_loss":0},{"cards_removed":["Shrug It Off"],"damage_healed":0,"gold_gain":0,"player_choice":"Removed Skill","damage_taken":0,"max_hp_gain":0,"max_hp_loss":0,"event_name":"Falling","floor":38,"gold_loss":0}],"is_beta":false,"boss_relics":[{"not_picked":["Philosopher\u0027s Stone","hubris:VirtuousBlindfold"],"picked":"Busted Crown"},{"not_picked":["hubris:BlackHole","Runesmith:UraniumAnvil"],"picked":"hubris:ScarierMask"}],"items_purged_floors":[2,11,31],"is_endless":false,"potions_floor_spawned":[4,16,19,24,35,46,54],"ascension_level":1}}