{"host":"ao4lxi9bhtts409i","time":1612618021,"event":{"mods":["AchievementEnabler","BaseMod","Colored Map","Colored Powertips","Minty Spire (QoL Compilation)","SuperFastMode"],"gold_per_floor":[111,111,211,232,252,285,285,285,309,40,40,40],"floor_reached":11,"language":"ENG","playtime":240,"items_purged":["Strike_B"],"score":82,"play_id":"50ae885e-987e-49c2-bf37-17f7aad708ac","local_time":"20210206142701","is_ascension_mode":true,"campfire_choices":[{"data":"Genetic Algorithm","floor":7,"key":"SMITH"}],"circlet_count":0,"master_deck":["Strike_B","Strike_B+1","Strike_B+1","Defend_B","Defend_B","Defend_B","Defend_B","Zap","Dualcast","Genetic Algorithm+1","Sweeping Beam","Hologram+1","Compile Driver","Conserve Battery"],"relics":["Cracked Core","NeowsBlessing","Golden Idol","Whetstone","Orichalcum","ClockworkSouvenir"],"acts_visited":["Exordium"],"potions_floor_usage":[6,11],"damage_taken":[{"damage":0,"enemies":"Small Slimes","floor":1,"turns":1},{"damage":2,"enemies":"2 Louse","floor":4,"turns":2},{"damage":0,"enemies":"Cultist","floor":5,"turns":1},{"damage":22,"enemies":"3 Sentries","floor":6,"turns":4},{"damage":55,"enemies":"Gremlin Nob","floor":11,"turns":5}],"seed_played":"6240384193002402210","potions_obtained":[{"floor":1,"key":"SpeedPotion"},{"floor":5,"key":"ColorlessPotion"}],"is_trial":false,"path_per_floor":["M","?","?","M","M","E","R","?","T","$","E"],"character_chosen":"DEFECT","items_purchased":["ClockworkSouvenir","Conserve Battery"],"campfire_rested":0,"item_purchase_floors":[10,10],"current_hp_per_floor":[75,69,69,67,67,45,45,45,45,45,0,0],"gold":40,"neow_bonus":"THREE_ENEMY_KILL","is_daily":false,"chose_seed":false,"campfire_upgraded":1,"win_rate":0.0,"timestamp":1612618021,"path_taken":["M","?","?","M","?","E","R","?","T","?","E"],"items_purchased_type":["Relic","Card"],"build_version":"2020-12-22","purchased_purges":1,"victory":false,"max_hp_per_floor":[75,69,69,69,69,69,69,69,69,69,69,69],"card_choices":[{"not_picked":["Rebound","Reinforced Body"],"picked":"Genetic Algorithm","floor":1},{"not_picked":["Recycle","Go for the Eyes"],"picked":"Sweeping Beam","floor":4},{"not_picked":["Beam Cell","Lockon"],"picked":"Hologram","floor":5},{"not_picked":["Conserve Battery","Steam"],"picked":"Compile Driver","floor":6}],"player_experience":264499,"relics_obtained":[{"floor":6,"key":"Whetstone"},{"floor":9,"key":"Orichalcum"}],"event_choices":[{"damage_healed":0,"gold_gain":0,"player_choice":"Lose Max HP","damage_taken":0,"relics_obtained":["Golden Idol"],"max_hp_gain":0,"max_hp_loss":6,"event_name":"Golden Idol","floor":2,"gold_loss":0},{"damage_healed":0,"gold_gain":100,"player_choice":"Pray","damage_taken":0,"max_hp_gain":0,"max_hp_loss":0,"event_name":"Golden Shrine","floor":3,"gold_loss":0},{"damage_healed":0,"gold_gain":0,"player_choice":"Forge","damage_taken":0,"max_hp_gain":0,"max_hp_loss":0,"event_name":"Accursed Blacksmith","floor":8,"gold_loss":0,"cards_upgraded":["Hologram"]}],"is_beta":false,"boss_relics":[],"items_purged_floors":[10],"is_endless":false,"potions_floor_spawned":[1,5],"killed_by":"Gremlin Nob","ascension_level":3}}