{"host":"nuu0xlk1bpqu5s2n","time":1612591470,"event":{"mods":["AchievementEnabler","BaseMod","Minty Spire (QoL Compilation)","StSLib"],"gold_per_floor":[113,38,38,49,62,62,80,108,108,141,154,164,177,191,191,262,262,274,287,287,299,311,340,340,340,363,393,411,446,461,480,480,480,480],"floor_reached":33,"language":"ENG","playtime":1863,"items_purged":[],"score":650,"play_id":"63c98b97-e0f5-4579-afc4-7d401b4f3abd","local_time":"20210206080430","is_ascension_mode":true,"campfire_choices":[{"data":"Bash","floor":6.0,"key":"SMITH"},{"floor":15.0,"key":"REST"},{"floor":25,"key":"REST"},{"data":"Battle Trance","floor":32,"key":"SMITH"}],"circlet_count":0,"master_deck":["AscendersBane","Strike_R+1","Strike_R+1","Strike_R+1","Strike_R+1","Strike_R+1","Defend_R+1","Defend_R+1","Defend_R+1","Defend_R+1","Bash+1","Battle Trance+1","Blood for Blood+1","Uppercut+1","Shrug It Off+1","Armaments+1","Anger+1","Double Tap+1","Disarm+1","Pommel Strike+1","Offering+1","Body Slam+1","Flame Barrier+1","Ghostly Armor+1","Entrench+1","Shockwave+1","Disarm+1","Disarm+1"],"relics":["Burning Blood","NeowsBlessing","Molten Egg 2","Mercury Hourglass","Toxic Egg 2","Question Card","Philosopher\u0027s Stone","PreservedInsect","Red Skull","Strawberry","Gremlin Horn"],"acts_visited":["Exordium","TheCity"],"potions_floor_usage":[23,27,29],"damage_taken":[{"damage":0.0,"enemies":"2 Louse","floor":1.0,"turns":2.0},{"damage":0.0,"enemies":"Cultist","floor":4.0,"turns":1.0},{"damage":0.0,"enemies":"Jaw Worm","floor":5.0,"turns":1.0},{"damage":15.0,"enemies":"Gremlin Gang","floor":7.0,"turns":4.0},{"damage":29.0,"enemies":"Gremlin Nob","floor":8.0,"turns":4.0},{"damage":32.0,"enemies":"3 Sentries","floor":10.0,"turns":7.0},{"damage":17.0,"enemies":"Lots of Slimes","floor":11.0,"turns":3.0},{"damage":0.0,"enemies":"Looter","floor":12.0,"turns":2.0},{"damage":14.0,"enemies":"Exordium Thugs","floor":13.0,"turns":3.0},{"damage":16.0,"enemies":"Lots of Slimes","floor":14.0,"turns":4.0},{"damage":30.0,"enemies":"The Guardian","floor":16.0,"turns":11.0},{"damage":22.0,"enemies":"Shell Parasite","floor":18.0,"turns":3.0},{"damage":17.0,"enemies":"2 Thieves","floor":19.0,"turns":3.0},{"damage":16.0,"enemies":"Cultist and Chosen","floor":21.0,"turns":5.0},{"damage":12.0,"enemies":"Chosen and Byrds","floor":22.0,"turns":5.0},{"damage":2,"enemies":"Slavers","floor":23,"turns":6},{"damage":12,"enemies":"Gremlin Leader","floor":27,"turns":3},{"damage":6,"enemies":"Centurion and Healer","floor":28,"turns":4},{"damage":15,"enemies":"Book of Stabbing","floor":29,"turns":3},{"damage":14,"enemies":"Snecko","floor":30,"turns":4},{"damage":6,"enemies":"Chosen and Byrds","floor":31,"turns":3},{"damage":46,"enemies":"Automaton","floor":33,"turns":6}],"seed_played":"-3340941280827567978","potions_obtained":[{"floor":1.0,"key":"DistilledChaos"},{"floor":4.0,"key":"SteroidPotion"},{"floor":8.0,"key":"BloodPotion"},{"floor":10.0,"key":"SneckoOil"},{"floor":14.0,"key":"DuplicationPotion"},{"floor":16.0,"key":"ColorlessPotion"},{"floor":23,"key":"SpeedPotion"},{"floor":27,"key":"Regen Potion"},{"floor":28,"key":"Regen Potion"},{"floor":31,"key":"Ancient Potion"}],"is_trial":false,"path_per_floor":["M","?","$","M","M","R","M","E","T","E","M","M","M","M","R","B",null,"M","M","?","M","M","E","?","R","T","E","M","E","M","M","R","B"],"character_chosen":"IRONCLAD","items_purchased":[],"campfire_rested":2,"item_purchase_floors":[],"current_hp_per_floor":[74,74,74,75,75,75,66,43,43,32,21,27,19,9,31,7,58,42,31,31,21,15,19,19,41,41,42,42,42,34,34,34,0,0],"gold":480,"neow_bonus":"THREE_ENEMY_KILL","is_daily":false,"chose_seed":false,"campfire_upgraded":2,"win_rate":0.0,"timestamp":1612591470,"path_taken":["M","?","$","?","?","R","M","E","T","E","M","M","M","M","R","BOSS","M","M","?","M","M","E","?","R","T","E","M","E","M","M","R","BOSS"],"items_purchased_type":[],"build_version":"2020-12-22","purchased_purges":0,"victory":false,"max_hp_per_floor":[75,75,75,75,75,75,75,75,75,75,75,75,75,75,75,75,75,75,75,75,75,75,75,75,75,75,82,82,82,82,82,82,82,82],"card_choices":[{"not_picked":["Seeing Red","Blood for Blood"],"picked":"Battle Trance","floor":1.0},{"not_picked":["Clash+1","Intimidate","Perfected Strike+1"],"picked":"SKIP","floor":4.0},{"not_picked":["Thunderclap+1","Feel No Pain"],"picked":"Blood for Blood+1","floor":5.0},{"not_picked":["Rupture","Havoc"],"picked":"Uppercut+1","floor":7.0},{"not_picked":["Evolve","True Grit"],"picked":"Shrug It Off","floor":8.0},{"not_picked":["Sword Boomerang+1","Double Tap+1"],"picked":"Armaments+1","floor":10.0},{"not_picked":["Rampage+1","Armaments+1","Headbutt+1"],"picked":"Anger+1","floor":11.0},{"not_picked":["Feel No Pain","Clash+1","Rupture"],"picked":"Double Tap+1","floor":12.0},{"not_picked":["Body Slam+1","Twin Strike+1","Thunderclap+1"],"picked":"Disarm+1","floor":13.0},{"not_picked":["Thunderclap+1","Sentinel+1","Bloodletting+1"],"picked":"Pommel Strike+1","floor":14.0},{"not_picked":["Berserk","Bludgeon+1","Fiend Fire+1"],"picked":"Offering+1","floor":16.0},{"not_picked":["Headbutt+1","Searing Blow+1","Shrug It Off+1"],"picked":"Body Slam+1","floor":18.0},{"not_picked":["Blood for Blood+1","Havoc+1","Limit Break+1"],"picked":"Flame Barrier+1","floor":19.0},{"not_picked":["Perfected Strike+1","Body Slam+1","Twin Strike+1"],"picked":"Ghostly Armor+1","floor":21.0},{"not_picked":["Body Slam+1","Dark Embrace","Dual Wield+1","Wild Strike+1"],"picked":"SKIP","floor":22.0},{"not_picked":["True Grit+1","Sword Boomerang+1","Reckless Charge+1"],"picked":"Entrench+1","floor":23},{"not_picked":["Searing Blow+1","Body Slam+1","Dual Wield+1"],"picked":"Shockwave+1","floor":27},{"not_picked":["Shrug It Off+1","Whirlwind+1","Cleave+1","Rupture"],"picked":"SKIP","floor":28},{"not_picked":["Juggernaut","Demon Form","Warcry+1"],"picked":"Disarm+1","floor":29},{"not_picked":["Dropkick+1","Flex+1","Sever Soul+1"],"picked":"Disarm+1","floor":30},{"not_picked":["Sever Soul+1","Rage+1","Armaments+1","Flex+1"],"picked":"SKIP","floor":31}],"player_experience":549273,"relics_obtained":[{"floor":8.0,"key":"Mercury Hourglass"},{"floor":9.0,"key":"Toxic Egg 2"},{"floor":10.0,"key":"Question Card"},{"floor":23,"key":"PreservedInsect"},{"floor":26,"key":"Red Skull"},{"floor":27,"key":"Strawberry"},{"floor":29,"key":"Gremlin Horn"}],"event_choices":[{"damage_healed":0.0,"max_hp_gain":0.0,"max_hp_loss":0.0,"gold_gain":0.0,"event_name":"WeMeetAgain","player_choice":"Paid Gold","floor":2.0,"gold_loss":75.0,"damage_taken":0.0,"relics_obtained":["Molten Egg 2"]},{"damage_healed":0.0,"max_hp_gain":0.0,"max_hp_loss":0.0,"gold_gain":0.0,"event_name":"Back to Basics","player_choice":"Simplicity","floor":20.0,"gold_loss":0.0,"damage_taken":0.0,"cards_upgraded":["Strike_R","Strike_R","Strike_R","Strike_R","Strike_R","Defend_R","Defend_R","Defend_R","Defend_R"]},{"damage_healed":0,"gold_gain":0,"player_choice":"Upgraded","damage_taken":0,"max_hp_gain":0,"max_hp_loss":0,"event_name":"Upgrade Shrine","floor":24,"gold_loss":0,"cards_upgraded":["Shrug It Off"]}],"is_beta":false,"boss_relics":[{"not_picked":["Velvet Choker","Tiny House"],"picked":"Philosopher\u0027s Stone"}],"items_purged_floors":[],"is_endless":false,"potions_floor_spawned":[1,4,8,10,14,16,23,27,28,31],"killed_by":"Automaton","ascension_level":20}}