{"host":"2mxajwyidsax8sss","time":1612645571,"event":{"mods":["100% Spire Juice","2.2 Compatiblity","Act Like it!","Arknights","Aspiration","Bartender","BaseMod","Better Match","Better Note","Better Sensory Stone","Better Vampires","BetterRewards","Block Reminder","CapriCore","ChefMod","Chen","Colored Powertips","Conspire","Decade(???)","Defuse TimeMaze Blight","Downfall","Energized Spire","Friendly Minions","Gensokyo","Googly Eyes","GungeonMod","Hallownest","Hermit","HololiveMod","Hubris","Humility","Jorbs\u0027s Wanderer Trilogy","Koishi","Luminous","Marked Mod","Minty Spire (QoL Compilation)","Nova Terra(??·??)","Pale of the Ancients","Permanent Neow","Prisma Mod","Quick Restart","Random Character Button","Reimu??????","Relic Filter","Relic Stats","Reliquary","Remilia??????","Replay The Spire","SIMod","SOS???????","StSLib","The Animator","The Bug Knight","The Death Knight","The Dragon Tamer","The Immortal","The Kombatant","Wandering Minibosses"],"gold_per_floor":[115,115,6,19,19,46,363,363,363,363,65,79,79,79],"floor_reached":13,"language":"ENG","playtime":1098,"items_purged":[],"score":83,"play_id":"e1cdb41b-8032-4eab-a19d-e37aa0aaef49","local_time":"20210206220611","is_ascension_mode":false,"campfire_choices":[{"data":"Chen:Frivolous","floor":10,"key":"SMITH"}],"circlet_count":0,"master_deck":["Chen:Strike","Chen:Strike","Chen:Strike","Chen:Strike","Chen:Strike","Chen:Defend+1","Chen:Defend+1","Chen:Defend+1","Chen:Defend+1","Chen:PounceTurnTail","Chen:GlitterPoke+1","Chen:Excitement","Chen:Scratch+1","Chen:PhoenixEgg","Chen:Frivolous+1","ReplayTheSpireMod:IOU","Chen:MisdirectSwipe"],"relics":["Chen:Catnip","Iron Hammer","Replay:Wax Seal","reliquary:TuningFork","hubris:SlimyHat","Golden Egg","Replay:Bottled Eggs","Toolbox"],"acts_visited":["Gensokyo:Gensokyo"],"potions_floor_usage":[7],"damage_taken":[{"damage":0,"enemies":"Gensokyo:Gryphon","floor":1,"turns":3},{"damage":6,"enemies":"Gensokyo:3_Fairies","floor":4,"turns":5},{"damage":32,"enemies":"Gensokyo:Cirno","floor":6,"turns":7},{"damage":10,"enemies":"Gensokyo:2_Kodama","floor":7,"turns":3},{"damage":3,"enemies":"Gensokyo:Kitsune","floor":12,"turns":6},{"damage":5,"enemies":"Gensokyo:Aya","floor":13,"turns":3}],"seed_played":"3535395715352395177","potions_obtained":[{"floor":4,"key":"PowerPotion"},{"floor":7,"key":"GrandPatriotsElixir:ReiMu"}],"is_trial":false,"path_per_floor":["M","?","COS","M","?","E","M","?","T","R","$","M","E"],"character_chosen":"CHEN","items_purchased":["Replay:Bottled Eggs","Toolbox"],"campfire_rested":0,"item_purchase_floors":[11,11],"current_hp_per_floor":[70,56,56,50,50,18,8,8,8,8,8,5,0,0],"gold":79,"neow_bonus":"UPGRADE_CARD","is_daily":false,"chose_seed":false,"campfire_upgraded":1,"win_rate":0.0,"timestamp":1612645571,"path_taken":["M","?","COS","M","?","E","M","?","T","R","?","?","E"],"items_purchased_type":["Relic","Relic"],"build_version":"2020-12-22","purchased_purges":0,"victory":false,"max_hp_per_floor":[70,70,70,70,70,70,70,70,70,70,70,70,70,70],"relic_stats":{"counters":[6,27],"obtain_stats":[{"Golden Egg":9,"Chen:Catnip":0,"Toolbox":11,"Iron Hammer":2,"DemoMod:GlassGuonStoneRelic":6,"reliquary:TuningFork":6,"hubris:SlimyHat":7,"Replay:Wax Seal":6,"Replay:Bottled Eggs":11},{"Golden Egg":4,"Chen:Catnip":0,"Toolbox":4,"Iron Hammer":1,"DemoMod:GlassGuonStoneRelic":3,"reliquary:TuningFork":3,"hubris:SlimyHat":4,"Replay:Wax Seal":3,"Replay:Bottled Eggs":4},{"Golden Egg":18,"Chen:Catnip":0,"Toolbox":18,"Iron Hammer":3,"DemoMod:GlassGuonStoneRelic":15,"reliquary:TuningFork":15,"hubris:SlimyHat":17,"Replay:Wax Seal":10,"Replay:Bottled Eggs":18}]},"card_choices":[{"not_picked":["Chen:RecklessLeap","Chen:PentagramFlight"],"picked":"Chen:Excitement","floor":1},{"not_picked":["Chen:Instinct","Chen:Barrier"],"picked":"Chen:Scratch","floor":4},{"not_picked":["Chen:MisdirectSwipe","Chen:Panic"],"picked":"Chen:PhoenixEgg","floor":6},{"not_picked":["Chen:RecklessLeap","Chen:Shapeshift"],"picked":"Chen:Frivolous","floor":7},{"not_picked":["Chen:TauntHiss","Chen:Spray"],"picked":"Chen:MisdirectSwipe","floor":12}],"player_experience":1031471,"relics_obtained":[{"floor":6,"key":"reliquary:TuningFork"},{"floor":9,"key":"Golden Egg"}],"event_choices":[],"is_beta":false,"boss_relics":[],"items_purged_floors":[],"is_endless":false,"potions_floor_spawned":[4,7],"killed_by":"Gensokyo:Aya","ascension_level":0,"is_humility":true}}