{"host":"lmshf3swj20gmdor","time":1612604162,"event":{"mods":["2.2 Compatiblity","BaseMod","Conspire","Downfall","Googly Eyes","Hubris","Minty Spire (QoL Compilation)","Replay The Spire","Spikes Relics","StSLib","Synergy Search","The Servant 0.9.4"],"gold_per_floor":[199,213,55,55,66,92,117,567,580,580,594,609,609,609,621,718,718,718,734,734,752,752,752,752,752,752,752,787,887,887,912,923,923,923,923],"floor_reached":33,"language":"ENG","playtime":914,"items_purged":[],"score":311,"play_id":"d586ff5e-a66a-45c5-a144-cb898f1ab177","local_time":"20210206093602","is_ascension_mode":true,"campfire_choices":[{"data":"bronze:Replicate","floor":1,"key":"SMITH"},{"data":"bronze:Boost","floor":10,"key":"SMITH"},{"floor":13,"key":"REST"},{"data":"bronze:Verify","floor":18,"key":"SMITH"},{"data":"bronze:Format","floor":23,"key":"SMITH"},{"data":"RitualDagger","floor":26,"key":"SMITH"},{"floor":30,"key":"REST"}],"circlet_count":0,"master_deck":["bronze:Strike","bronze:Strike","bronze:Strike","bronze:Strike","bronze:Defend","bronze:Defend","bronze:Defend","bronze:Defend","bronze:Replicate+1","bronze:Goto+1","bronze:FineTuning","bronze:Flail+1","bronze:DelayedSlice+1","downfall:Icky","downfall:Icky","downfall:Icky","bronze:Boost+1","bronze:Format+1","bronze:Verify+1","RitualDagger+1","bronze:DonuBeam"],"relics":["bronze:BronzeCore","PreservedInsect","CrustySpines","Anchor","conspire:SpecialSausage","Matryoshka","Smiling Mask","Simple Rune","Orichalcum"],"acts_visited":["Exordium","TheCity"],"potions_floor_usage":[29,29,29,29,33,33],"damage_taken":[{"damage":14,"enemies":"Jaw Worm","floor":2,"turns":3},{"damage":5,"enemies":"downfall:FleeingMerchant","floor":3,"turns":4},{"damage":6,"enemies":"Cultist","floor":5,"turns":3},{"damage":14,"enemies":"Gremlin Nob","floor":6,"turns":3},{"damage":0,"enemies":"2 Louse","floor":9,"turns":1},{"damage":0,"enemies":"Exordium Thugs","floor":11,"turns":2},{"damage":8,"enemies":"Large Slime","floor":12,"turns":3},{"damage":2,"enemies":"3 Louse","floor":15,"turns":2},{"damage":39,"enemies":"DF_ARCHETYPE_STREAMLINE","floor":16,"turns":8},{"damage":0,"enemies":"Spheric Guardian","floor":19,"turns":3},{"damage":30,"enemies":"Shell Parasite","floor":21,"turns":5},{"damage":12,"enemies":"Gremlin Leader","floor":28,"turns":5},{"damage":8,"enemies":"Gremlin Leader","floor":29,"turns":5},{"damage":11,"enemies":"Slavers","floor":31,"turns":2},{"damage":19,"enemies":"Snake Plant","floor":32,"turns":4},{"damage":9,"enemies":"SI_MIRROR_ARCHETYPE","floor":33,"turns":2}],"seed_played":"-2675753754547859659","potions_obtained":[{"floor":4,"key":"DuplicationPotion"},{"floor":4,"key":"BlessingOfTheForge"},{"floor":4,"key":"bronze:BurnAndBuffPotion"},{"floor":5,"key":"Block Potion"},{"floor":16,"key":"EntropicBrew"},{"floor":31,"key":"Adrenaline Potion"}],"is_trial":false,"path_per_floor":["R","M","$","?","M","E","T","?","M","R","M","M","R","?","M","B",null,"R","M","?","M","?","R","T","?","R","?","E","?","R","E","M","B"],"character_chosen":"THE_AUTOMATON","items_purchased":["PreservedInsect"],"campfire_rested":2,"item_purchase_floors":[3],"current_hp_per_floor":[70,56,51,51,45,31,31,31,31,31,31,23,44,44,42,3,70,70,70,70,40,34,34,34,34,34,34,22,14,35,24,5,0,0,0],"gold":923,"neow_bonus":"HUNDRED_GOLD","is_daily":false,"chose_seed":false,"campfire_upgraded":5,"win_rate":0.0,"timestamp":1612604162,"path_taken":["R","M","$","?","?","E","T","?","M","R","M","M","R","?","M","BOSS","R","M","?","M","?","R","T","?","R","?","E","?","R","E","M","BOSS"],"items_purchased_type":["Relic"],"build_version":"2020-12-22","purchased_purges":0,"victory":false,"max_hp_per_floor":[70,70,70,70,70,70,70,70,70,70,70,70,70,70,70,70,70,70,70,70,70,70,70,70,70,70,70,70,70,70,70,70,70,70,70],"card_choices":[{"not_picked":["bronze:DelayedGuard","bronze:ForceShield"],"picked":"bronze:FineTuning","floor":2},{"not_picked":["bronze:Separator","bronze:Refactor"],"picked":"bronze:Flail","floor":3},{"not_picked":["bronze:Invalidate","bronze:CutThrough","bronze:DelayedSlice"],"picked":"SKIP","floor":5},{"not_picked":["bronze:Invalidate","bronze:DelayedGuard"],"picked":"bronze:DelayedSlice","floor":6},{"not_picked":["bronze:Separator","bronze:DelayedSlice"],"picked":"bronze:Boost","floor":9},{"not_picked":["bronze:DelayedSlice","bronze:Branch"],"picked":"bronze:Format","floor":11},{"not_picked":["bronze:Invalidate","bronze:Deprecate","bronze:WhirlingStrike"],"picked":"SKIP","floor":12},{"not_picked":["bronze:CloningBeam","bronze:Constructor","bronze:Deprecate"],"picked":"SKIP","floor":15},{"not_picked":["bronze:ShipIt","bronze:Assembly"],"picked":"bronze:Verify","floor":16},{"not_picked":["bronze:Fortify+1","bronze:WhirlingStrike","bronze:InfiniteBeams"],"picked":"SKIP","floor":19},{"not_picked":["bronze:BugBarrage+1","bronze:Flail","bronze:Frontload"],"picked":"SKIP","floor":21},{"not_picked":["bronze:Overheat","bronze:OilSpill","bronze:Shield"],"picked":"SKIP","floor":28},{"not_picked":[],"picked":"bronze:DonuBeam","floor":29},{"not_picked":["bronze:OilSpill+1","bronze:DarkDash","bronze:Overload"],"picked":"SKIP","floor":31},{"not_picked":["bronze:BitShift","bronze:Turbo","bronze:GetLatest"],"picked":"SKIP","floor":32}],"player_experience":787044,"relics_obtained":[{"floor":6,"key":"CrustySpines"},{"floor":7,"key":"Anchor"},{"floor":24,"key":"Matryoshka"},{"floor":28,"key":"Simple Rune"},{"floor":31,"key":"Orichalcum"}],"event_choices":[{"damage_healed":0,"gold_gain":0,"player_choice":"Got Potions","damage_taken":0,"max_hp_gain":0,"max_hp_loss":0,"event_name":"Lab","floor":4,"gold_loss":0},{"damage_healed":0,"gold_gain":0,"player_choice":"Ignored","damage_taken":0,"max_hp_gain":0,"max_hp_loss":0,"event_name":"Ghosts","floor":20,"gold_loss":0}],"is_beta":false,"boss_relics":[{"not_picked":["Abe\u0027s Treasure","Pandora\u0027s Box"],"picked":"conspire:SpecialSausage"}],"items_purged_floors":[],"is_endless":false,"potions_floor_spawned":[5,6,15,16,21,31],"killed_by":"SI_MIRROR_ARCHETYPE","ascension_level":2}}