{"host":"06x7ibqulglyn97c","time":1612580095,"event":{"mods":["AchievementEnabler","BaseMod","Minty Spire (QoL Compilation)","Rare Cards Sparkle","Relic Sorter","Relic Stats","StSLib","The Awakened One except there are too many feathers"],"gold_per_floor":[110,110,3,3,3,3,20,20,20,54,129,142,153,165,165,269,269,289,289,289,12,26,26,26,60,60,60,95,110,120,10,10,10,10],"floor_reached":33,"language":"ENG","playtime":1278,"items_purged":["Strike_B"],"score":410,"play_id":"b368da51-8405-401a-85e2-638887f7d97d","local_time":"20210206025455","is_ascension_mode":true,"campfire_choices":[{"data":"Multi-Cast","floor":6,"key":"SMITH"},{"floor":15,"key":"REST"},{"floor":23,"key":"REST"},{"floor":27,"key":"REST"},{"floor":32,"key":"REST"}],"circlet_count":0,"master_deck":["Strike_B","Strike_B","Defend_B","Defend_B","Defend_B","Zap+1","Dualcast","Multi-Cast+1","Doom and Gloom","Doom and Gloom","Leap","Leap","Go for the Eyes","Redo","Leap","Loop"],"relics":["Cracked Core","Boot","Regal Pillow","Lantern","Sozu","Singing Bowl","StrikeDummy","Vajra","Kunai"],"acts_visited":["Exordium","TheCity"],"potions_floor_usage":[10,14,16,16],"damage_taken":[{"damage":13,"enemies":"2 Louse","floor":1,"turns":3},{"damage":0,"enemies":"Cultist","floor":7,"turns":3},{"damage":20,"enemies":"Lagavulin","floor":10,"turns":5},{"damage":2,"enemies":"Jaw Worm","floor":12,"turns":2},{"damage":16,"enemies":"3 Louse","floor":13,"turns":2},{"damage":0,"enemies":"Large Slime","floor":14,"turns":4},{"damage":5,"enemies":"Slime Boss","floor":16,"turns":7},{"damage":23,"enemies":"3 Byrds","floor":18,"turns":4},{"damage":19,"enemies":"2 Thieves","floor":22,"turns":3},{"damage":23,"enemies":"Gremlin Leader","floor":25,"turns":6},{"damage":48,"enemies":"Slavers","floor":28,"turns":7},{"damage":15,"enemies":"3 Cultists","floor":29,"turns":4},{"damage":5,"enemies":"Snake Plant","floor":30,"turns":4},{"damage":68,"enemies":"Automaton","floor":33,"turns":6}],"seed_played":"3012814230353305258","potions_obtained":[{"floor":7,"key":"SpeedPotion"},{"floor":10,"key":"PowerPotion"},{"floor":12,"key":"Weak Potion"},{"floor":13,"key":"FearPotion"}],"is_trial":false,"path_per_floor":["M","$","?","$","?","R","M","?","T","E","?","M","M","M","R","B",null,"M","?","?","$","M","R","?","E","T","R","E","M","M","$","R","B"],"character_chosen":"DEFECT","items_purchased":["Singing Bowl","Redo","Loop"],"campfire_rested":4,"item_purchase_floors":[21,21,31],"current_hp_per_floor":[55,55,55,55,55,55,55,55,55,35,24,22,6,6,43,38,66,43,43,43,43,24,61,66,45,45,77,31,18,15,15,54,0,0],"gold":10,"neow_bonus":"ONE_RANDOM_RARE_CARD","is_daily":false,"chose_seed":false,"campfire_upgraded":1,"win_rate":0.0,"timestamp":1612580095,"path_taken":["M","$","?","?","?","R","?","?","T","E","?","M","M","M","R","BOSS","M","?","?","$","?","R","?","E","T","R","E","M","M","$","R","BOSS"],"items_purchased_type":["Relic","Card","Card"],"build_version":"2020-12-22","purchased_purges":1,"victory":false,"max_hp_per_floor":[75,75,75,75,75,75,75,75,75,75,75,75,75,75,75,75,75,75,75,75,75,75,75,75,77,77,77,79,81,83,83,83,83,83],"relic_stats":{"Sozu":3,"Regal Pillow":54,"Singing Bowl":8,"counters":[14,60],"Kunai":[1],"Boot":[27],"obtain_stats":[{"Sozu":17,"Regal Pillow":9,"Lantern":10,"Singing Bowl":21,"Vajra":26,"Kunai":28,"Cracked Core":0,"Boot":3,"StrikeDummy":25},{"Sozu":7,"Regal Pillow":2,"Lantern":3,"Singing Bowl":8,"Vajra":10,"Kunai":11,"Cracked Core":0,"Boot":1,"StrikeDummy":10},{"Sozu":26,"Regal Pillow":6,"Lantern":11,"Singing Bowl":30,"Vajra":39,"Kunai":46,"Cracked Core":0,"Boot":3,"StrikeDummy":39}]},"card_choices":[{"not_picked":["Cold Snap","Skim"],"picked":"Doom and Gloom","floor":1},{"not_picked":["Gash","Turbo"],"picked":"Doom and Gloom","floor":7},{"not_picked":["Static Discharge","Creative AI"],"picked":"Leap","floor":10},{"not_picked":["Coolheaded","Streamline","Cold Snap"],"picked":"SKIP","floor":12},{"not_picked":["Turbo","Rip and Tear"],"picked":"Leap","floor":13},{"not_picked":["Force Field","Beam Cell","Steam"],"picked":"SKIP","floor":14},{"not_picked":["Gash+1","BootSequence+1","Doom and Gloom"],"picked":"SKIP","floor":18},{"not_picked":["Barrage","Cold Snap+1"],"picked":"Leap","floor":22},{"not_picked":["Sweeping Beam","Hello World+1","Blizzard"],"picked":"Singing Bowl","floor":25},{"not_picked":["Chaos+1","Meteor Strike","Rebound"],"picked":"Singing Bowl","floor":28},{"not_picked":["Coolheaded","Chill","Ball Lightning"],"picked":"Singing Bowl","floor":29},{"not_picked":["Rebound+1","Hello World+1","Go for the Eyes"],"picked":"Singing Bowl","floor":30}],"player_experience":678726,"relics_obtained":[{"floor":9,"key":"Regal Pillow"},{"floor":10,"key":"Lantern"},{"floor":25,"key":"StrikeDummy"},{"floor":26,"key":"Vajra"},{"floor":28,"key":"Kunai"}],"event_choices":[{"damage_healed":0,"gold_gain":0,"player_choice":"Paid Gold","damage_taken":0,"relics_obtained":["Boot"],"max_hp_gain":0,"max_hp_loss":0,"event_name":"WeMeetAgain","floor":3,"gold_loss":107},{"damage_healed":0,"gold_gain":0,"player_choice":"Grow","damage_taken":0,"max_hp_gain":0,"max_hp_loss":0,"event_name":"Living Wall","floor":5,"gold_loss":0,"cards_upgraded":["Zap"]},{"damage_healed":0,"gold_gain":0,"player_choice":"Ignored","damage_taken":0,"max_hp_gain":0,"max_hp_loss":0,"event_name":"Golden Idol","floor":8,"gold_loss":0},{"damage_healed":0,"gold_gain":75,"player_choice":"Gather Gold","damage_taken":11,"max_hp_gain":0,"max_hp_loss":0,"event_name":"World of Goop","floor":11,"gold_loss":0},{"damage_healed":0,"gold_gain":0,"player_choice":"Ignored","damage_taken":0,"max_hp_gain":0,"max_hp_loss":0,"event_name":"Ghosts","floor":19,"gold_loss":0},{"damage_healed":0,"gold_gain":0,"cards_transformed":["Strike_B","Defend_B"],"player_choice":"Became Test Subject","damage_taken":0,"max_hp_gain":0,"max_hp_loss":0,"event_name":"Drug Dealer","floor":20,"gold_loss":0,"cards_obtained":["Gash","Go for the Eyes"]},{"cards_removed":["Gash"],"damage_healed":5,"gold_gain":0,"player_choice":"Offered Common","damage_taken":0,"max_hp_gain":0,"max_hp_loss":0,"event_name":"Bonfire Elementals","floor":24,"gold_loss":0},{"cards_removed":["Gash"],"damage_healed":5,"gold_gain":0,"player_choice":"Offered Special","damage_taken":0,"max_hp_gain":0,"max_hp_loss":0,"event_name":"Bonfire Elementals","floor":24,"gold_loss":0}],"is_beta":false,"boss_relics":[{"not_picked":["FrozenCore","Fusion Hammer"],"picked":"Sozu"}],"items_purged_floors":[31],"is_endless":false,"potions_floor_spawned":[7,10,12,13,22,28,30],"killed_by":"Automaton","ascension_level":9}}