{"host":"0kwl2uefibxd2nsv","time":1612611561,"event":{"mods":["Act Like it!","Aspiration","BaseMod","Better Note","BetterRewards","DeckTracker","Googly Eyes","Minty Spire (QoL Compilation)","Reliquary","StS++","StSLib"],"gold_per_floor":[113,188,188,188,188,188,201,216,216,25,79,92,125,125,125,225,225,239,239,239],"floor_reached":19,"language":"ENG","playtime":546,"items_purged":[],"score":398,"play_id":"11af44d6-35d4-4b90-a087-fc02677d500e","local_time":"20210206123921","is_ascension_mode":true,"campfire_choices":[{"floor":6,"key":"REST"},{"data":"Catalyst","floor":15,"key":"SMITH"}],"circlet_count":0,"master_deck":["AscendersBane","Strike_G","Strike_G","Strike_G","Defend_G","Defend_G+1","Defend_G","Defend_G+1","Defend_G","Survivor","Neutralize","Noxious Fumes+1","PiercingWail","Finesse","Leg Sweep","Catalyst+1","Catalyst","Deadly Poison","Backflip","StSpp:AbandonFlesh","Gash"],"relics":["Ring of the Snake","War Paint","reliquary:PartyBalloon","reliquary:NewFriend","Medical Kit","reliquary:TatteredRug","CaptainsWheel","aspiration:DefectSkillbook"],"acts_visited":["Exordium","TheCity"],"potions_floor_usage":[],"damage_taken":[{"damage":0,"enemies":"Cultist","floor":1,"turns":5},{"damage":6,"enemies":"Jaw Worm","floor":7,"turns":6},{"damage":0,"enemies":"Small Slimes","floor":8,"turns":4},{"damage":2,"enemies":"3 Louse","floor":12,"turns":5},{"damage":8,"enemies":"Lagavulin","floor":13,"turns":5},{"damage":36,"enemies":"The Guardian","floor":16,"turns":7},{"damage":0,"enemies":"Chosen","floor":18,"turns":4}],"seed_played":"4387658241059304230","potions_obtained":[{"floor":1,"key":"EssenceOfSteel"}],"is_trial":false,"path_per_floor":["M","?","?","?","?","R","M","M","T","$","T","M","E","?","R","B",null,"M","?"],"character_chosen":"THE_SILENT","items_purchased":["Noxious Fumes","PiercingWail","War Paint","reliquary:PartyBalloon","Finesse","PowerPotion","AttackPotion","Medical Kit","Deadly Poison"],"campfire_rested":1,"item_purchase_floors":[0,0,0,0,0,0,0,10,10],"current_hp_per_floor":[31,20,20,13,13,34,28,28,28,28,28,26,18,41,41,5,54,54,54,54],"gold":239,"neow_bonus":"","is_daily":false,"chose_seed":false,"campfire_upgraded":1,"win_rate":0.0,"timestamp":1612611561,"path_taken":["M","?","?","?","?","R","?","M","T","$","?","M","E","?","R","BOSS","M","?"],"items_purchased_type":["Card","Card","Relic","Relic","Card","Potion","Potion","Relic","Card"],"build_version":"2020-12-22","purchased_purges":0,"victory":false,"max_hp_per_floor":[70,70,70,70,70,70,70,70,70,70,70,70,70,70,70,70,70,70,70,70],"card_choices":[{"not_picked":["Slice","Dagger Spray"],"picked":"Leg Sweep","floor":1},{"not_picked":["Dodge and Roll","Bouncing Flask"],"picked":"Catalyst","floor":7},{"not_picked":["Skewer","StSpp:Dive"],"picked":"Catalyst","floor":8},{"not_picked":["Skewer","Dodge and Roll"],"picked":"Backflip","floor":12},{"not_picked":["Deadly Poison","Blade Dance"],"picked":"StSpp:AbandonFlesh","floor":13},{"not_picked":["Flying Knee","Compile Driver","Underhanded Strike"],"picked":"Gash","floor":18}],"player_experience":2005815,"relics_obtained":[{"floor":9,"key":"reliquary:NewFriend"},{"floor":11,"key":"reliquary:TatteredRug"},{"floor":13,"key":"CaptainsWheel"}],"event_choices":[{"damage_healed":0,"gold_gain":75,"player_choice":"Gather Gold","damage_taken":11,"max_hp_gain":0,"max_hp_loss":0,"event_name":"World of Goop","floor":2,"gold_loss":0},{"damage_healed":0,"gold_gain":0,"player_choice":"Grow","damage_taken":0,"max_hp_gain":0,"max_hp_loss":0,"event_name":"Living Wall","floor":3,"gold_loss":0,"cards_upgraded":["Noxious Fumes"]},{"cards_removed":["Strike_G"],"damage_healed":0,"gold_gain":0,"player_choice":"Card Removal","damage_taken":7,"max_hp_gain":0,"max_hp_loss":0,"event_name":"Golden Wing","floor":4,"gold_loss":0},{"cards_removed":["Strike_G"],"damage_healed":0,"gold_gain":0,"player_choice":"Purged","damage_taken":0,"max_hp_gain":0,"max_hp_loss":0,"event_name":"Purifier","floor":5,"gold_loss":0},{"damage_healed":23,"gold_gain":0,"player_choice":"Banana","damage_taken":0,"max_hp_gain":0,"max_hp_loss":0,"event_name":"Big Fish","floor":14,"gold_loss":0}],"is_beta":false,"boss_relics":[{"not_picked":["Fusion Hammer","StSpp:Balance"],"picked":"aspiration:DefectSkillbook"}],"items_purged_floors":[],"is_endless":false,"potions_floor_spawned":[1,7,12,18],"ascension_level":10}}