{"host":"osk2oboccoevp2u5","time":1612654071,"event":{"mods":["AchievementEnabler","Alarm Clock","BaseMod","Colored Powertips","Disable Question Mark Monsters","Displayed Cursed Tome","Key Reminder","Minty Spire (QoL Compilation)","Potion Indicator Mod","Quick Restart","Rare Cards Sparkle","Reorder Act Four","StSLib","The Cursed","Useless Jewels Mod"],"gold_per_floor":[117,135,147,45,45,45,220,220,220,245,269,269,287,302,302,433,433,453,16,16,0,18,18,18,39,39,74,95,95,119,139,139,139,139],"floor_reached":33,"language":"ENG","playtime":3229,"items_purged":["TheCursedMod:Strike_TheCursed","TheCursedMod:Strike_TheCursed"],"score":378,"play_id":"e680443b-dda8-4fa2-9086-ca3820bdca07","local_time":"20210206192751","is_ascension_mode":true,"campfire_choices":[{"data":"TheCursedMod:CursedBlade","floor":6,"key":"SMITH"},{"floor":12,"key":"REST"},{"data":"TheCursedMod:Wield","floor":15,"key":"SMITH"},{"floor":23,"key":"REST"},{"data":"TheCursedMod:Obscuration","floor":29,"key":"SMITH"},{"floor":32,"key":"REST"}],"circlet_count":0,"master_deck":["TheCursedMod:Strike_TheCursed","TheCursedMod:Defend_TheCursed","TheCursedMod:Defend_TheCursed","TheCursedMod:Defend_TheCursed+1","TheCursedMod:Defend_TheCursed","TheCursedMod:CursedWand","TheCursedMod:CleanUpWorkshop+1","TheCursedMod:Dregs","TheCursedMod:CursedBlade+1","TheCursedMod:Wield+1","Injury","Doubt","TheCursedMod:RavingStaff","TheCursedMod:DarkBarrier","TheCursedMod:ReleasedKnowledge+1","Writhe","TheCursedMod:AshesToAshes+1","TheCursedMod:ReleasedKnowledge","TheCursedMod:Obscuration+1"],"relics":["TheCursedMod:BlackMagic101","Golden Idol","Torii","Busted Crown","Membership Card","Gremlin Horn","Orichalcum","Bird Faced Urn","War Paint","TheCursedMod:SoulVessel"],"acts_visited":["Exordium","TheCity"],"potions_floor_usage":[11,16,16,27,28,31,33],"damage_taken":[{"damage":2,"enemies":"Small Slimes","floor":1,"turns":4},{"damage":1,"enemies":"Jaw Worm","floor":2,"turns":4},{"damage":0,"enemies":"2 Louse","floor":3,"turns":2},{"damage":1,"enemies":"2 Fungi Beasts","floor":10,"turns":3},{"damage":9,"enemies":"Large Slime","floor":11,"turns":9},{"damage":11,"enemies":"Exordium Wildlife","floor":13,"turns":4},{"damage":0,"enemies":"3 Louse","floor":14,"turns":1},{"damage":82,"enemies":"Slime Boss","floor":16,"turns":14},{"damage":24,"enemies":"Shell Parasite","floor":18,"turns":12},{"damage":1,"enemies":"2 Thieves","floor":22,"turns":4},{"damage":18,"enemies":"Snake Plant","floor":25,"turns":4},{"damage":9,"enemies":"Slavers","floor":27,"turns":8},{"damage":43,"enemies":"3 Cultists","floor":28,"turns":6},{"damage":44,"enemies":"Centurion and Healer","floor":30,"turns":15},{"damage":15,"enemies":"Snake Plant","floor":31,"turns":7},{"damage":51,"enemies":"Champ","floor":33,"turns":18}],"seed_played":"-5193869212141783455","potions_obtained":[{"floor":3,"key":"FairyPotion"},{"floor":10,"key":"Block Potion"},{"floor":11,"key":"LiquidBronze"},{"floor":14,"key":"Weak Potion"},{"floor":16,"key":"SpeedPotion"},{"floor":18,"key":"Strength Potion"},{"floor":28,"key":"FairyPotion"},{"floor":30,"key":"LiquidMemories"},{"floor":31,"key":"LiquidMemories"}],"is_trial":false,"path_per_floor":["M","M","M","$","?","R","?","?","T","M","M","R","M","M","R","B",null,"M","$","?","?","M","R","?","M","T","E","M","R","M","M","R","B"],"character_chosen":"THE_CURSED","items_purchased":["TheCursedMod:Wield","Membership Card","Gremlin Horn","Orichalcum","TheCursedMod:ReleasedKnowledge"],"campfire_rested":3,"item_purchase_floors":[4,19,19,19,19],"current_hp_per_floor":[66,65,65,65,65,65,65,58,58,57,48,70,59,59,59,4,57,33,33,33,33,32,54,54,36,36,27,57,57,26,19,41,22,22],"gold":139,"neow_bonus":"UPGRADE_CARD","is_daily":false,"chose_seed":false,"campfire_upgraded":3,"win_rate":0.0,"timestamp":1612654071,"path_taken":["M","M","M","$","?","R","?","?","T","M","M","R","M","?","R","BOSS","M","$","?","?","M","R","?","M","T","E","M","R","M","M","R","BOSS"],"items_purchased_type":["Card","Relic","Relic","Relic","Card"],"build_version":"2020-12-22","purchased_purges":2,"victory":false,"max_hp_per_floor":[75,75,75,75,75,75,75,75,75,75,75,75,75,75,75,75,75,75,75,75,75,75,75,75,75,75,75,75,75,75,75,75,75,75],"card_choices":[{"not_picked":["TheCursedMod:Obscuration","TheCursedMod:CursedMace"],"picked":"TheCursedMod:CursedBlade","floor":1},{"not_picked":["TheCursedMod:RapidMovement","TheCursedMod:CursedAmulet","TheCursedMod:SmokeScreen"],"picked":"SKIP","floor":2},{"not_picked":["TheCursedMod:SurpriseAttack","TheCursedMod:WearCloak","TheCursedMod:LuckyCharm"],"picked":"SKIP","floor":3},{"not_picked":["TheCursedMod:Hemoplague","TheCursedMod:SaltUponWound","TheCursedMod:CircleOfFlame"],"picked":"SKIP","floor":10},{"not_picked":["TheCursedMod:CursedBlade","TheCursedMod:SurpriseAttack","TheCursedMod:SpitefulStrike"],"picked":"SKIP","floor":11},{"not_picked":["TheCursedMod:SurpriseAttack","TheCursedMod:CircleOfFlame"],"picked":"TheCursedMod:RavingStaff","floor":13},{"not_picked":["TheCursedMod:StunningStrike","TheCursedMod:Mangle","TheCursedMod:BloodBarrier"],"picked":"SKIP","floor":14},{"not_picked":["TheCursedMod:AntiAging","TheCursedMod:UltimatePain"],"picked":"TheCursedMod:DarkBarrier","floor":16},{"not_picked":["TheCursedMod:TacticalStrike+1"],"picked":"SKIP","floor":18},{"not_picked":[],"picked":"TheCursedMod:AshesToAshes+1","floor":22},{"not_picked":[],"picked":"TheCursedMod:ReleasedKnowledge","floor":25},{"not_picked":[],"picked":"TheCursedMod:Obscuration","floor":27},{"not_picked":["TheCursedMod:CursedStaff+1"],"picked":"SKIP","floor":28},{"not_picked":["TheCursedMod:CursedBoomerang"],"picked":"SKIP","floor":30},{"not_picked":["TheCursedMod:CursedShiv"],"picked":"SKIP","floor":31}],"player_experience":970513,"relics_obtained":[{"floor":9,"key":"Torii"},{"floor":26,"key":"War Paint"},{"floor":27,"key":"TheCursedMod:SoulVessel"}],"event_choices":[{"damage_healed":0,"gold_gain":0,"player_choice":"Take Wound","damage_taken":0,"relics_obtained":["Golden Idol"],"max_hp_gain":0,"max_hp_loss":0,"event_name":"Golden Idol","floor":5,"gold_loss":0,"cards_obtained":["Injury"]},{"damage_healed":0,"gold_gain":175,"player_choice":"AGREE","damage_taken":0,"max_hp_gain":0,"max_hp_loss":0,"event_name":"Liars Game","floor":7,"gold_loss":0,"cards_obtained":["Doubt"]},{"cards_removed":["TheCursedMod:Strike_TheCursed"],"damage_healed":0,"gold_gain":0,"player_choice":"Card Removal","damage_taken":7,"max_hp_gain":0,"max_hp_loss":0,"event_name":"Golden Wing","floor":8,"gold_loss":0},{"damage_healed":0,"gold_gain":0,"player_choice":"Opened","damage_taken":0,"relics_obtained":["Bird Faced Urn"],"max_hp_gain":0,"max_hp_loss":0,"event_name":"The Mausoleum","floor":20,"gold_loss":0,"cards_obtained":["Writhe"]},{"damage_healed":0,"gold_gain":0,"player_choice":"Paid Fearfully","damage_taken":0,"max_hp_gain":0,"max_hp_loss":0,"event_name":"Masked Bandits","floor":21,"gold_loss":16},{"damage_healed":0,"gold_gain":0,"player_choice":"Ignored","damage_taken":0,"max_hp_gain":0,"max_hp_loss":0,"event_name":"Vampires","floor":24,"gold_loss":0}],"is_beta":false,"boss_relics":[{"not_picked":["Tiny House","Velvet Choker"],"picked":"Busted Crown"}],"items_purged_floors":[4,19],"is_endless":false,"potions_floor_spawned":[3,10,11,14,16,18,28,30,31],"killed_by":"Champ","ascension_level":9}}