{"host":"avjwtc49fhlk6kym","time":1612654679,"event":{"mods":["AchievementEnabler","BaseMod","Better Match","Better Note","Better Third Choice","Colored Map","Colored Powertips","Displayed Cursed Tome","Highlight Path","Minty Spire (QoL Compilation)","Permanent Neow","Quick Restart","StSLib"],"gold_per_floor":[111,111,64,78,3,36,54,54,136,150,150,166,166,11,11,107,107,120,130,130,78,78,78,27,27,103,103,103,122,122,97,97,97,97],"floor_reached":33,"language":"ENG","playtime":1317,"items_purged":["Strike_P"],"score":241,"play_id":"fef75568-9980-4913-afa0-045930b61115","local_time":"20210206183759","is_ascension_mode":false,"campfire_choices":[{"floor":8.0,"key":"REST"},{"floor":11.0,"key":"REST"},{"data":"LessonLearned","floor":15.0,"key":"SMITH"},{"data":"Eruption","floor":23.0,"key":"SMITH"},{"floor":25.0,"key":"RECALL"},{"data":"Defend_P","floor":28.0,"key":"SMITH"},{"floor":30.0,"key":"REST"},{"data":"Defend_P","floor":32.0,"key":"SMITH"}],"circlet_count":0,"master_deck":["Strike_P+1","Strike_P","Defend_P+1","Defend_P+1","Defend_P+1","Defend_P+1","Eruption+1","Vigilance+1","LessonLearned+1","FlyingSleeves+1","FollowUp+1","Conclude","SandsOfTime","FollowUp","PathToVictory","Scrawl","Evaluate+1","FollowUp","FlurryOfBlows","CutThroughFate","ThirdEye","CrushJoints+1","Evaluate"],"relics":["PureWater","Nunchaku","Yang","PreservedInsect","Black Star","Pantograph","Vajra"],"acts_visited":["Exordium","TheCity"],"potions_floor_usage":[33],"damage_taken":[{"damage":0.0,"enemies":"2 Louse","floor":1.0,"turns":4.0},{"damage":6.0,"enemies":"Jaw Worm","floor":4.0,"turns":3.0},{"damage":6.0,"enemies":"Gremlin Nob","floor":6.0,"turns":3.0},{"damage":2.0,"enemies":"Small Slimes","floor":7.0,"turns":3.0},{"damage":0.0,"enemies":"Blue Slaver","floor":10.0,"turns":3.0},{"damage":2.0,"enemies":"2 Fungi Beasts","floor":12.0,"turns":3.0},{"damage":50.0,"enemies":"Hexaghost","floor":16.0,"turns":10.0},{"damage":13.0,"enemies":"Spheric Guardian","floor":18.0,"turns":4.0},{"damage":0.0,"enemies":"Chosen","floor":19.0,"turns":5.0},{"damage":9.0,"enemies":"3 Cultists","floor":29.0,"turns":4.0},{"damage":83,"enemies":"Automaton","floor":33,"turns":8}],"seed_played":"4550618109689371466","potions_obtained":[{"floor":7.0,"key":"FearPotion"},{"floor":10.0,"key":"Regen Potion"},{"floor":12.0,"key":"GamblersBrew"},{"floor":18.0,"key":"Block Potion"},{"floor":29.0,"key":"BottledMiracle"}],"is_trial":false,"path_per_floor":["M","?","$","M","$","E","M","R","T","M","R","M","?","$","R","B",null,"M","M","?","$","?","R","$","R","T","?","R","M","R","$","R","B"],"character_chosen":"WATCHER","items_purchased":["FollowUp","PreservedInsect","CutThroughFate","ThirdEye","Evaluate"],"campfire_rested":3,"item_purchase_floors":[3,14,21,24,31],"current_hp_per_floor":[51,37,37,31,31,25,23,44,44,44,65,72,72,72,72,22,72,59,59,59,59,59,59,59,59,59,59,59,50,71,71,71,0,0],"gold":97,"neow_bonus":"THREE_RARE_CARDS","is_daily":false,"chose_seed":false,"campfire_upgraded":4,"win_rate":0.0,"timestamp":1612654679,"path_taken":["M","?","?","M","$","E","M","R","T","M","R","M","?","?","R","BOSS","M","M","?","$","?","R","$","R","T","?","R","M","R","$","R","BOSS"],"items_purchased_type":["Card","Relic","Card","Card","Card"],"build_version":"2020-12-22","purchased_purges":1,"victory":false,"max_hp_per_floor":[72,72,72,72,72,72,72,72,72,72,72,72,72,72,72,72,72,72,72,72,72,72,72,72,72,72,72,72,72,72,72,72,72,72],"card_choices":[{"not_picked":["Blasphemy","Brilliance"],"picked":"LessonLearned","floor":0.0},{"not_picked":["Protect","SashWhip"],"picked":"FlyingSleeves","floor":1.0},{"not_picked":["LikeWater","WindmillStrike"],"picked":"Conclude","floor":4.0},{"not_picked":["Nirvana","Consecrate"],"picked":"SandsOfTime","floor":6.0},{"not_picked":["BowlingBash","EmptyMind"],"picked":"FollowUp","floor":7.0},{"not_picked":["FlyingSleeves","BowlingBash"],"picked":"PathToVictory","floor":10.0},{"not_picked":["Crescendo","Evaluate","Nirvana"],"picked":"SKIP","floor":12.0},{"not_picked":["LessonLearned","Omniscience"],"picked":"Scrawl","floor":16.0},{"not_picked":["Prostrate","PathToVictory"],"picked":"Evaluate+1","floor":18.0},{"not_picked":["FlyingSleeves","DeceiveReality"],"picked":"FollowUp","floor":19.0},{"not_picked":["FlyingSleeves+1","CutThroughFate"],"picked":"CrushJoints+1","floor":29.0}],"player_experience":434229,"relics_obtained":[{"floor":6.0,"key":"Nunchaku"},{"floor":9.0,"key":"Yang"},{"floor":26.0,"key":"Pantograph"}],"event_choices":[{"damage_healed":51.0,"max_hp_gain":0.0,"max_hp_loss":72.0,"gold_gain":0.0,"event_name":"betterThird:BetterShining","player_choice":"Upgrade","floor":2.0,"gold_loss":0.0,"damage_taken":14.0,"cards_upgraded":["Vigilance","Defend_P"]},{"damage_healed":0.0,"max_hp_gain":0.0,"max_hp_loss":0.0,"gold_gain":0.0,"event_name":"Golden Idol","player_choice":"Ignored","floor":13.0,"gold_loss":0.0,"damage_taken":0.0},{"damage_healed":0.0,"max_hp_gain":0.0,"max_hp_loss":0.0,"gold_gain":0.0,"cards_transformed":["Strike_P"],"event_name":"Transmorgrifier","player_choice":"Transformed","floor":20.0,"gold_loss":0.0,"damage_taken":0.0,"cards_obtained":["FlurryOfBlows"]},{"cards_removed":["Defend_P"],"damage_healed":0.0,"max_hp_gain":0.0,"max_hp_loss":0.0,"gold_gain":0.0,"event_name":"betterNote:BetterNote","player_choice":"Give","floor":22.0,"gold_loss":0.0,"damage_taken":0.0,"cards_obtained":["Defend_P"]},{"damage_healed":0.0,"max_hp_gain":0.0,"max_hp_loss":0.0,"gold_gain":0.0,"event_name":"The Mausoleum","player_choice":"Opened","floor":27.0,"gold_loss":0.0,"damage_taken":0.0,"relics_obtained":["Vajra"]}],"is_beta":false,"boss_relics":[{"not_picked":["Pandora\u0027s Box","Runic Dome"],"picked":"Black Star"}],"items_purged_floors":[5],"is_endless":false,"potions_floor_spawned":[7,10,12,18,29],"killed_by":"Automaton","ascension_level":0}}