{"host":"f3zi5bw4of71qj4o","time":1612618231,"event":{"mods":["BaseMod","DeckTracker","Highlight Path","Minty Spire (QoL Compilation)","Relic Stats","StSLib","SuperFastMode"],"gold_per_floor":[163,180,190,27,177,211,211,241,241,241,45,45,57,86,86,160,160,177,227,242,7,7,7,7,7],"floor_reached":24,"language":"ENG","playtime":9874,"items_purged":["Doubt"],"score":474,"play_id":"c03bde46-7b54-4373-8309-e9d342044b30","local_time":"20210206143031","is_ascension_mode":true,"campfire_choices":[{"floor":7,"key":"REST"},{"floor":10,"key":"DIG"},{"floor":12,"key":"DIG"},{"floor":15,"key":"DIG"},{"floor":23,"key":"DIG"}],"circlet_count":0,"master_deck":["AscendersBane","Strike_B","Strike_B+1","Strike_B","Strike_B","Defend_B","Defend_B","Defend_B","Defend_B","Zap+1","Dualcast","Compile Driver","FTL","Cold Snap","Ball Lightning+1","Glacier","Core Surge","Chill","Static Discharge","Glacier","Thunder Strike","Apotheosis","Go for the Eyes","Defragment"],"relics":["Tiny House","DataDisk","Shovel","Bottled Flame","Cables","Happy Flower","Whetstone","Dream Catcher","Mercury Hourglass","Nuclear Battery","The Courier"],"acts_visited":["Exordium","TheCity"],"potions_floor_usage":[8],"damage_taken":[{"damage":1,"enemies":"Cultist","floor":1,"turns":3},{"damage":8,"enemies":"2 Louse","floor":2,"turns":3},{"damage":4,"enemies":"Jaw Worm","floor":3,"turns":3},{"damage":27,"enemies":"3 Sentries","floor":6,"turns":7},{"damage":4,"enemies":"Lagavulin","floor":8,"turns":7},{"damage":6,"enemies":"Looter","floor":13,"turns":3},{"damage":0,"enemies":"3 Sentries","floor":14,"turns":8},{"damage":1,"enemies":"The Guardian","floor":16,"turns":10},{"damage":15,"enemies":"Chosen","floor":18,"turns":4},{"damage":0,"enemies":"Spheric Guardian","floor":20,"turns":6},{"damage":52,"enemies":"Book of Stabbing","floor":24,"turns":5}],"seed_played":"-3000199145757916578","potions_obtained":[{"floor":0,"key":"FocusPotion"},{"floor":3,"key":"Ancient Potion"},{"floor":8,"key":"BlessingOfTheForge"}],"is_trial":false,"path_per_floor":["M","M","M","$","?","E","R","E","T","R","$","R","M","E","R","B",null,"M","?","M","$","?","R","E"],"character_chosen":"DEFECT","items_purchased":["DataDisk","Chill","Static Discharge","Apotheosis","Go for the Eyes"],"campfire_rested":1,"item_purchase_floors":[4,11,11,21,21],"current_hp_per_floor":[68,60,56,56,56,29,51,47,47,47,47,47,41,41,41,40,67,52,52,52,52,52,52,0,0],"gold":7,"neow_bonus":"BOSS_RELIC","is_daily":false,"chose_seed":false,"campfire_upgraded":0,"win_rate":0.0,"timestamp":1612618231,"path_taken":["M","M","M","?","?","E","R","E","T","R","$","R","M","E","R","BOSS","M","?","M","$","?","R","E"],"items_purchased_type":["Relic","Card","Card","Card","Card"],"build_version":"2020-12-22","purchased_purges":1,"victory":false,"max_hp_per_floor":[76,76,76,76,76,76,76,76,76,76,76,76,76,76,76,76,76,76,76,76,76,76,76,76,76],"relic_stats":{"Dream Catcher":0,"Shovel":4,"Happy Flower":[12],"counters":[11,57],"Whetstone":["Strike_B","Ball Lightning"],"obtain_stats":[{"DataDisk":4,"Bottled Flame":8,"Dream Catcher":14,"Tiny House":0,"Shovel":6,"Happy Flower":10,"The Courier":23,"Whetstone":12,"Cracked Core":0,"Cables":9,"Mercury Hourglass":15,"Nuclear Battery":17},{"DataDisk":3,"Bottled Flame":5,"Dream Catcher":7,"Tiny House":0,"Shovel":4,"Happy Flower":5,"The Courier":10,"Whetstone":5,"Cracked Core":0,"Cables":5,"Mercury Hourglass":7,"Nuclear Battery":8},{"DataDisk":9,"Bottled Flame":23,"Dream Catcher":34,"Tiny House":0,"Shovel":16,"Happy Flower":23,"The Courier":52,"Whetstone":23,"Cracked Core":0,"Cables":23,"Mercury Hourglass":34,"Nuclear Battery":43}],"Cables":[33,9,16,0,8],"Mercury Hourglass":[52]},"card_choices":[{"not_picked":["Steam","Hologram"],"picked":"Compile Driver","floor":0},{"not_picked":["Coolheaded","Aggregate"],"picked":"FTL","floor":1},{"not_picked":["Reprogram","Redo"],"picked":"Cold Snap","floor":2},{"not_picked":["Hologram","Fusion"],"picked":"Ball Lightning","floor":3},{"not_picked":["Coolheaded","Conserve Battery"],"picked":"Glacier","floor":6},{"not_picked":["Conserve Battery","FTL"],"picked":"Core Surge","floor":8},{"not_picked":["Compile Driver","Barrage"],"picked":"Glacier","floor":13},{"not_picked":["Redo","Leap","Reinforced Body"],"picked":"SKIP","floor":14},{"not_picked":["Core Surge","Rainbow"],"picked":"Thunder Strike","floor":16},{"not_picked":["Stack","Ball Lightning","Chill"],"picked":"SKIP","floor":18},{"not_picked":["Aggregate","Ball Lightning+1","Stack"],"picked":"SKIP","floor":20}],"player_experience":2582800,"relics_obtained":[{"floor":6,"key":"Shovel"},{"floor":8,"key":"Bottled Flame"},{"floor":9,"key":"Cables"},{"floor":10,"key":"Happy Flower"},{"floor":12,"key":"Whetstone"},{"floor":14,"key":"Dream Catcher"},{"floor":15,"key":"Mercury Hourglass"},{"floor":23,"key":"The Courier"}],"event_choices":[{"damage_healed":0,"gold_gain":150,"player_choice":"AGREE","damage_taken":0,"max_hp_gain":0,"max_hp_loss":0,"event_name":"Liars Game","floor":5,"gold_loss":0,"cards_obtained":["Doubt"]},{"damage_healed":0,"gold_gain":50,"player_choice":"Stole From Cult","damage_taken":0,"max_hp_gain":0,"max_hp_loss":0,"event_name":"Nest","floor":19,"gold_loss":0},{"damage_healed":0,"gold_gain":0,"player_choice":"Read","damage_taken":0,"max_hp_gain":0,"max_hp_loss":0,"event_name":"The Library","floor":22,"gold_loss":0,"cards_obtained":["Defragment"]}],"is_beta":false,"boss_relics":[{"not_picked":["Black Star","Ectoplasm"],"picked":"Nuclear Battery"}],"items_purged_floors":[11],"is_endless":false,"potions_floor_spawned":[3,6,8,13,14,18,20],"killed_by":"Book of Stabbing","ascension_level":20}}