{"host":"52lujqhsyicpcskq","time":1612599081,"event":{"mods":["BaseMod","Colored Map","Minty Spire (QoL Compilation)","Permanent Neow","StSLib","SuperFastMode","everything is the same but u backflip on backflip"],"gold_per_floor":[115,128,142,159,177,177,177,177,177,193,521,294,317,345,345,421,421,439,453,464,563,563,563,596,596,647,647,647,667,677,316,316,390,390,408,408,420,420,430,430,442,46,94,94,109,119,119,144,144,144,144],"floor_reached":50,"language":"KOR","playtime":2605,"items_purged":["Clumsy","Strike_G"],"score":902,"play_id":"81620072-b5aa-4744-b787-c31447a5fd30","local_time":"20210206171121","is_ascension_mode":true,"campfire_choices":[{"data":"Footwork","floor":6,"key":"SMITH"},{"data":"Dagger Spray","floor":8,"key":"SMITH"},{"data":"Venomology","floor":15,"key":"SMITH"},{"data":"Sucker Punch","floor":23,"key":"SMITH"},{"data":"Dash","floor":25,"key":"SMITH"},{"data":"Backflip","floor":27,"key":"SMITH"},{"floor":32,"key":"REST"},{"floor":40,"key":"REST"},{"data":"Glass Knife","floor":44,"key":"SMITH"},{"floor":47,"key":"REST"},{"floor":49,"key":"REST"}],"circlet_count":0,"master_deck":["AscendersBane","Strike_G","Strike_G","Strike_G","Strike_G","Defend_G","Defend_G","Defend_G","Defend_G","Defend_G","Survivor","Neutralize+1","Dagger Spray+1","Footwork+1","Escape Plan","Sucker Punch+1","PiercingWail","Die Die Die","Flash of Steel","Footwork","PiercingWail","Blur","Backstab","Venomology+1","PiercingWail","Wraith Form v2","Backflip+1","PiercingWail","Dash+1","Deflect+1","Slice","Poisoned Stab","Glass Knife+1","Blade Dance","Parasite","Underhanded Strike+1","Parasite","Footwork","Slice","Envenom","Flying Knee","Dagger Spray+1"],"relics":["Ring of the Snake","White Beast Statue","Old Coin","Odd Mushroom","HornCleat","Cursed Key","Letter Opener","Ornamental Fan","Regal Pillow","Shuriken","WristBlade","Calipers","Dream Catcher","Bird Faced Urn"],"acts_visited":["Exordium","TheCity","TheBeyond"],"potions_floor_usage":[13,14,14,14,16,18,18,18,20,20,20,28,28,29,30,33,33,33,37,39,41,41,45,46,48,50,50,50],"damage_taken":[{"damage":1,"enemies":"2 Louse","floor":1,"turns":3},{"damage":0,"enemies":"Cultist","floor":2,"turns":4},{"damage":0,"enemies":"Small Slimes","floor":3,"turns":4},{"damage":2,"enemies":"Looter","floor":4,"turns":4},{"damage":3,"enemies":"Red Slaver","floor":5,"turns":5},{"damage":1,"enemies":"Blue Slaver","floor":10,"turns":3},{"damage":15,"enemies":"3 Sentries","floor":11,"turns":5},{"damage":0,"enemies":"The Mushroom Lair","floor":13,"turns":3},{"damage":0,"enemies":"Lagavulin","floor":14,"turns":5},{"damage":6,"enemies":"The Guardian","floor":16,"turns":22},{"damage":0,"enemies":"Chosen","floor":18,"turns":8},{"damage":0,"enemies":"3 Byrds","floor":19,"turns":7},{"damage":9,"enemies":"Sentry and Sphere","floor":20,"turns":11},{"damage":8,"enemies":"Slavers","floor":24,"turns":6},{"damage":4,"enemies":"Cultist and Chosen","floor":28,"turns":6},{"damage":5,"enemies":"Shelled Parasite and Fungi","floor":29,"turns":7},{"damage":9,"enemies":"Snake Plant","floor":30,"turns":6},{"damage":4,"enemies":"Champ","floor":33,"turns":19},{"damage":14,"enemies":"3 Shapes","floor":35,"turns":6},{"damage":0,"enemies":"3 Darklings","floor":37,"turns":6},{"damage":19,"enemies":"Writhing Mass","floor":39,"turns":8},{"damage":15,"enemies":"Spire Growth","floor":41,"turns":4},{"damage":28,"enemies":"Sphere and 2 Shapes","floor":45,"turns":8},{"damage":7,"enemies":"Maw","floor":46,"turns":10},{"damage":11,"enemies":"Mind Bloom Boss Battle","floor":48,"turns":7},{"damage":99,"enemies":"Donu and Deca","floor":50,"turns":7}],"seed_played":"5566204820760024169","potions_obtained":[{"floor":1,"key":"ColorlessPotion"},{"floor":3,"key":"FairyPotion"},{"floor":10,"key":"Strength Potion"},{"floor":11,"key":"Regen Potion"},{"floor":13,"key":"FearPotion"},{"floor":14,"key":"SteroidPotion"},{"floor":16,"key":"Explosive Potion"},{"floor":18,"key":"SteroidPotion"},{"floor":19,"key":"PowerPotion"},{"floor":20,"key":"SpeedPotion"},{"floor":24,"key":"Swift Potion"},{"floor":29,"key":"DuplicationPotion"},{"floor":33,"key":"Dexterity Potion"},{"floor":35,"key":"Dexterity Potion"},{"floor":37,"key":"Strength Potion"},{"floor":41,"key":"Dexterity Potion"},{"floor":45,"key":"Fruit Juice"},{"floor":46,"key":"Poison Potion"}],"is_trial":false,"path_per_floor":["M","M","M","M","M","R","?","R","T","M","E","$","?","E","R","B",null,"M","M","M","?","?","R","E","R","T","R","M","M","M","$","R","B",null,"M","?","M","?","M","R","M","$","T","R","M","M","R","?","R","B"],"character_chosen":"THE_SILENT","items_purchased":["Backstab","Venomology","Shuriken","Slice","Calipers"],"campfire_rested":4,"item_purchase_floors":[12,12,31,31,42],"current_hp_per_floor":[62,62,62,60,57,57,57,57,57,56,41,41,50,50,50,44,64,64,64,55,55,55,55,47,47,47,47,43,38,29,29,65,61,68,54,54,54,54,35,66,51,51,51,51,23,21,57,46,71,0,0],"gold":144,"neow_bonus":"UPGRADE_CARD","is_daily":false,"chose_seed":false,"campfire_upgraded":7,"win_rate":0.0,"timestamp":1612599081,"path_taken":["M","M","M","M","M","R","?","R","T","M","E","?","?","E","R","BOSS","M","M","M","?","?","R","E","R","T","R","M","?","M","$","R","BOSS","M","?","M","?","M","R","M","$","T","R","M","M","R","?","R","BOSS"],"items_purchased_type":["Card","Card","Relic","Card","Relic"],"build_version":"2020-12-22","purchased_purges":2,"victory":false,"max_hp_per_floor":[70,70,70,70,70,70,70,70,70,70,70,70,70,70,70,70,70,70,70,70,70,70,70,70,70,70,70,70,70,70,70,70,70,70,70,66,66,66,66,66,66,66,66,66,66,71,71,71,71,71,71],"card_choices":[{"not_picked":["Finisher","Reflex"],"picked":"Dagger Spray","floor":1},{"not_picked":["Flying Knee","Sucker Punch"],"picked":"Footwork","floor":2},{"not_picked":["Crippling Poison","Bane"],"picked":"Escape Plan","floor":3},{"not_picked":["Skewer","Flying Knee"],"picked":"Sucker Punch","floor":4},{"not_picked":["Bane","Flechettes"],"picked":"PiercingWail","floor":5},{"not_picked":["Acrobatics","Reflex"],"picked":"PiercingWail","floor":10},{"not_picked":["All Out Attack","Concentrate"],"picked":"Blur","floor":11},{"not_picked":["Acrobatics","Catalyst"],"picked":"PiercingWail","floor":13},{"not_picked":["Dagger Throw","Setup","Tactician"],"picked":"SKIP","floor":14},{"not_picked":["Bullet Time","Venomology"],"picked":"Wraith Form v2","floor":16},{"not_picked":["Crippling Poison","Dagger Throw"],"picked":"Backflip","floor":18},{"not_picked":["Sucker Punch","Escape Plan"],"picked":"PiercingWail","floor":19},{"not_picked":["Cloak And Dagger","Accuracy"],"picked":"Dash","floor":20},{"not_picked":["Calculated Gamble+1","Acrobatics"],"picked":"Deflect+1","floor":24},{"not_picked":["Backstab","Crippling Poison"],"picked":"Slice","floor":29},{"not_picked":["Quick Slash","Acrobatics"],"picked":"Poisoned Stab","floor":30},{"not_picked":["Wraith Form v2","Phantasmal Killer"],"picked":"Glass Knife","floor":33},{"not_picked":["Outmaneuver","Tactician","Prepared"],"picked":"SKIP","floor":35},{"not_picked":["Flying Knee","Slice"],"picked":"Blade Dance","floor":37},{"not_picked":["Accuracy","Outmaneuver","Concentrate+1"],"picked":"SKIP","floor":39},{"not_picked":["Acrobatics","Distraction+1"],"picked":"Underhanded Strike+1","floor":41},{"not_picked":["Backflip","Slice"],"picked":"Footwork","floor":45},{"not_picked":["Riddle With Holes","Prepared+1"],"picked":"Slice","floor":46},{"not_picked":["Flying Knee","Dodge and Roll"],"picked":"Envenom","floor":47},{"not_picked":["Dagger Throw","Bane"],"picked":"Flying Knee","floor":48},{"not_picked":["Escape Plan+1","Slice"],"picked":"Dagger Spray+1","floor":49}],"player_experience":760258,"relics_obtained":[{"floor":9,"key":"White Beast Statue"},{"floor":11,"key":"Old Coin"},{"floor":13,"key":"Odd Mushroom"},{"floor":14,"key":"HornCleat"},{"floor":24,"key":"Ornamental Fan"},{"floor":26,"key":"Regal Pillow"},{"floor":43,"key":"Dream Catcher"},{"floor":48,"key":"Bird Faced Urn"}],"event_choices":[{"damage_healed":0,"gold_gain":0,"player_choice":"3 cards matched","damage_taken":0,"max_hp_gain":0,"max_hp_loss":0,"event_name":"Match and Keep!","floor":7,"gold_loss":0,"cards_obtained":["Die Die Die","Flash of Steel","Footwork"]},{"damage_healed":0,"gold_gain":0,"player_choice":"Fought Mushrooms","damage_taken":0,"max_hp_gain":0,"max_hp_loss":0,"event_name":"Mushrooms","floor":13,"gold_loss":0},{"damage_healed":0,"gold_gain":99,"player_choice":"Stole From Cult","damage_taken":0,"max_hp_gain":0,"max_hp_loss":0,"event_name":"Nest","floor":21,"gold_loss":0},{"damage_healed":0,"gold_gain":0,"player_choice":"Gave Potion","damage_taken":0,"relics_obtained":["Letter Opener"],"max_hp_gain":0,"max_hp_loss":0,"event_name":"WeMeetAgain","floor":22,"gold_loss":0},{"damage_healed":0,"gold_gain":0,"player_choice":"Max HP","damage_taken":0,"max_hp_gain":0,"max_hp_loss":4,"event_name":"Winding Halls","floor":36,"gold_loss":0},{"cards_removed":["Slice"],"damage_healed":0,"gold_gain":0,"player_choice":"Removed Attack","damage_taken":0,"max_hp_gain":0,"max_hp_loss":0,"event_name":"Falling","floor":38,"gold_loss":0},{"damage_healed":0,"gold_gain":0,"player_choice":"Fight","damage_taken":0,"max_hp_gain":0,"max_hp_loss":0,"event_name":"MindBloom","floor":48,"gold_loss":0}],"is_beta":false,"boss_relics":[{"not_picked":["Ectoplasm","Busted Crown"],"picked":"Cursed Key"},{"not_picked":["Sozu","Fusion Hammer"],"picked":"WristBlade"}],"items_purged_floors":[31,42],"is_endless":false,"potions_floor_spawned":[1,3,10,11,13,14,16,18,19,20,24,28,29,30,33,35,37,39,41,45,46,48],"killed_by":"Donu and Deca","ascension_level":13}}