{"host":"LaserWall","time":1612600975,"event":{"mods":["BaseMod","Minty Spire (QoL Compilation)","Relic Stats"],"gold_per_floor":[113,129,129,96,111,111,126,126,126,143,143,172,172,207,207,303,303,317,328,328,348,382,382,397,397,397,397,33,59,77,103,103,204,204,214,563,373,373,373,404,404,429,454,454,454,473,483,518,518,518,518,518,28,58,58],"floor_reached":56,"language":"ENG","playtime":4826,"items_purged":[],"score":1561,"play_id":"47a0cbea-661e-4e37-9190-96d49a7207cb","local_time":"20210206034255","is_ascension_mode":true,"campfire_choices":[{"data":"Blur","floor":6,"key":"SMITH"},{"data":"Footwork","floor":8,"key":"SMITH"},{"data":"Neutralize","floor":11,"key":"SMITH"},{"data":"Blade Dance","floor":13,"key":"SMITH"},{"data":"Slice","floor":15,"key":"SMITH"},{"data":"Blade Dance","floor":23,"key":"SMITH"},{"floor":25,"key":"REST"},{"data":"After Image","floor":32,"key":"SMITH"},{"data":"Tools of the Trade","floor":41,"key":"SMITH"},{"floor":45,"key":"RECALL"},{"data":"Blade Dance","floor":49,"key":"SMITH"},{"data":"Burst","floor":52,"key":"SMITH"}],"circlet_count":0,"master_deck":["Strike_G+1","Strike_G+1","Strike_G+1","Strike_G+1","Defend_G+1","Defend_G+1","Defend_G+1","Defend_G+1","Defend_G+1","Survivor+1","Neutralize+1","Backstab","Blur+1","Prepared","Footwork+1","Quick Slash","Blade Dance+1","Expertise","Burst+1","Underhanded Strike+1","Blade Dance+1","Prepared","Predator","Secret Technique+1","After Image+1","Dagger Spray","Accuracy+1","Tools of the Trade+1","Infinite Blades+1","Slice","Blade Dance+1","Calculated Gamble","Infinite Blades","Blur","Panache","Dodge and Roll+1","Cloak And Dagger+1","Blade Dance+1","Dodge and Roll+1","Well Laid Plans"],"relics":["WristBlade","InkBottle","Bottled Tornado","Bag of Marbles","Black Star","Red Mask","Potion Belt","Omamori","Toy Ornithopter","War Paint","Blood Vial","Calling Bell","Akabeko","Matryoshka","Prayer Wheel","Old Coin","Meat on the Bone","Happy Flower","Dream Catcher","StoneCalendar","Anchor","Bottled Lightning","Ninja Scroll","Pear","TheAbacus","Centennial Puzzle","Pantograph","Oddly Smooth Stone"],"acts_visited":["Exordium","TheCity","TheBeyond","TheEnding"],"potions_floor_usage":[14,16,19,22,29,33,33,33,40,47,54,54,54,55,55],"damage_taken":[{"damage":0,"enemies":"2 Louse","floor":1,"turns":3},{"damage":6,"enemies":"Small Slimes","floor":2,"turns":4},{"damage":2,"enemies":"Jaw Worm","floor":5,"turns":2},{"damage":0,"enemies":"Blue Slaver","floor":7,"turns":3},{"damage":0,"enemies":"3 Louse","floor":10,"turns":2},{"damage":5,"enemies":"3 Sentries","floor":12,"turns":13},{"damage":2,"enemies":"Gremlin Nob","floor":14,"turns":4},{"damage":10,"enemies":"The Guardian","floor":16,"turns":7},{"damage":0,"enemies":"Spheric Guardian","floor":18,"turns":4},{"damage":0,"enemies":"Chosen","floor":19,"turns":1},{"damage":18,"enemies":"Snake Plant","floor":21,"turns":4},{"damage":0,"enemies":"Masked Bandits","floor":22,"turns":2},{"damage":6,"enemies":"Sentry and Sphere","floor":24,"turns":4},{"damage":7,"enemies":"Book of Stabbing","floor":29,"turns":4},{"damage":2,"enemies":"Shelled Parasite and Fungi","floor":30,"turns":5},{"damage":5,"enemies":"Slavers","floor":31,"turns":4},{"damage":9,"enemies":"Automaton","floor":33,"turns":9},{"damage":0,"enemies":"Orb Walker","floor":35,"turns":3},{"damage":18,"enemies":"2 Orb Walkers","floor":36,"turns":5},{"damage":5,"enemies":"Reptomancer","floor":40,"turns":5},{"damage":0,"enemies":"Nemesis","floor":42,"turns":5},{"damage":17,"enemies":"3 Darklings","floor":46,"turns":4},{"damage":6,"enemies":"Writhing Mass","floor":47,"turns":6},{"damage":0,"enemies":"Giant Head","floor":48,"turns":7},{"damage":7,"enemies":"Awakened One","floor":50,"turns":11},{"damage":12,"enemies":"Shield and Spear","floor":54,"turns":6},{"damage":54,"enemies":"The Heart","floor":55,"turns":8}],"seed_played":"2989628361378226043","potions_obtained":[{"floor":5,"key":"SkillPotion"},{"floor":10,"key":"Weak Potion"},{"floor":12,"key":"Weak Potion"},{"floor":14,"key":"Poison Potion"},{"floor":21,"key":"Explosive Potion"},{"floor":24,"key":"Poison Potion"},{"floor":33,"key":"DuplicationPotion"},{"floor":42,"key":"FearPotion"},{"floor":47,"key":"SpeedPotion"}],"is_trial":false,"path_per_floor":["M","M","?","?","M","R","M","R","T","M","R","E","R","E","R","B",null,"M","M","?","M","?","R","M","R","T","T","$","E","M","E","R","B",null,"M","?","$","?","?","E","R","E","T","?","R","M","M","E","R","B",null,"R","$","E","B",null],"character_chosen":"THE_SILENT","items_purchased":["CunningPotion","Secret Technique","EntropicBrew","Calculated Gamble","Infinite Blades","Blur","GhostInAJar","TheAbacus","Centennial Puzzle","Well Laid Plans"],"campfire_rested":1,"item_purchase_floors":[28,28,28,37,37,37,53,53,53,53],"current_hp_per_floor":[70,64,64,64,62,62,62,62,62,62,62,57,57,55,55,45,70,70,70,70,52,52,52,46,67,67,67,67,60,58,53,53,61,70,70,52,52,52,52,54,54,56,56,56,56,41,42,54,54,49,76,76,76,69,44],"gold":58,"neow_bonus":"BOSS_RELIC","is_daily":false,"chose_seed":false,"campfire_upgraded":10,"win_rate":0.0,"timestamp":1612600975,"path_taken":["M","M","?","?","M","R","M","R","T","M","R","E","R","E","R","BOSS","M","M","?","M","?","R","M","R","T","?","$","E","M","E","R","BOSS","M","?","$","?","?","E","R","E","T","?","R","?","M","E","R","BOSS","R","$","E","BOSS"],"items_purchased_type":["Potion","Card","Potion","Card","Card","Card","Potion","Relic","Relic","Card"],"build_version":"2020-12-18","purchased_purges":0,"victory":true,"max_hp_per_floor":[70,70,70,70,70,70,70,70,70,70,70,70,70,70,70,70,70,70,70,70,70,70,70,70,70,70,70,70,70,70,70,70,70,70,70,70,70,70,70,70,70,70,70,66,66,66,66,76,76,76,76,76,76,76,76],"relic_stats":{"Happy Flower":[15],"counters":[27,135],"StoneCalendar":[52],"War Paint":["Secret Technique","Survivor"],"Blood Vial":14,"Dream Catcher":0,"Centennial Puzzle":[6],"TheAbacus":[12],"Pantograph":7,"Prayer Wheel":3,"Black Star":6,"obtain_stats":[{"StoneCalendar":42,"Bottled Tornado":12,"Old Coin":36,"Blood Vial":31,"Dream Catcher":42,"Centennial Puzzle":53,"Matryoshka":34,"TheAbacus":53,"WristBlade":0,"Ninja Scroll":48,"Pantograph":54,"Prayer Wheel":34,"Red Mask":22,"InkBottle":9,"Ring of the Snake":0,"Potion Belt":27,"Pear":48,"Happy Flower":40,"Oddly Smooth Stone":54,"Omamori":29,"War Paint":31,"Akabeko":34,"Calling Bell":34,"Anchor":43,"Bag of Marbles":14,"Black Star":17,"Bottled Lightning":43,"Toy Ornithopter":29,"Meat on the Bone":40},{"StoneCalendar":21,"Bottled Tornado":6,"Old Coin":19,"Blood Vial":16,"Dream Catcher":21,"Centennial Puzzle":25,"Matryoshka":17,"TheAbacus":25,"WristBlade":0,"Ninja Scroll":24,"Pantograph":26,"Prayer Wheel":17,"Red Mask":12,"InkBottle":4,"Ring of the Snake":0,"Potion Belt":13,"Pear":24,"Happy Flower":20,"Oddly Smooth Stone":26,"Omamori":14,"War Paint":16,"Akabeko":17,"Calling Bell":17,"Anchor":21,"Bag of Marbles":7,"Black Star":8,"Bottled Lightning":21,"Toy Ornithopter":14,"Meat on the Bone":20},{"StoneCalendar":93,"Bottled Tornado":27,"Old Coin":83,"Blood Vial":66,"Dream Catcher":93,"Centennial Puzzle":121,"Matryoshka":75,"TheAbacus":121,"WristBlade":0,"Ninja Scroll":110,"Pantograph":127,"Prayer Wheel":75,"Red Mask":49,"InkBottle":12,"Ring of the Snake":0,"Potion Belt":53,"Pear":110,"Happy Flower":88,"Oddly Smooth Stone":127,"Omamori":57,"War Paint":66,"Akabeko":75,"Calling Bell":75,"Anchor":93,"Bag of Marbles":31,"Black Star":38,"Bottled Lightning":93,"Toy Ornithopter":57,"Meat on the Bone":88}],"InkBottle":[77],"Toy Ornithopter":40,"Meat on the Bone":12},"card_choices":[{"not_picked":["PiercingWail","Accuracy"],"picked":"Slice","floor":1},{"not_picked":["Dodge and Roll","Catalyst"],"picked":"Backstab","floor":2},{"not_picked":["Deflect","Caltrops"],"picked":"Prepared","floor":5},{"not_picked":["Predator","Deadly Poison"],"picked":"Footwork","floor":7},{"not_picked":["All Out Attack","Bouncing Flask"],"picked":"Quick Slash","floor":10},{"not_picked":["Underhanded Strike","Acrobatics"],"picked":"Blade Dance","floor":12},{"not_picked":["Noxious Fumes","Distraction"],"picked":"Expertise","floor":14},{"not_picked":["Unload","Glass Knife"],"picked":"Burst","floor":16},{"not_picked":["Sucker Punch","Skewer"],"picked":"Underhanded Strike+1","floor":18},{"not_picked":["Outmaneuver","Infinite Blades"],"picked":"Blade Dance","floor":19},{"not_picked":["Reflex","Bane"],"picked":"Prepared","floor":21},{"not_picked":["Sucker Punch","Quick Slash"],"picked":"Predator","floor":24},{"not_picked":["Catalyst","Quick Slash"],"picked":"After Image","floor":29},{"not_picked":["Poisoned Stab","Expertise"],"picked":"Dagger Spray","floor":30},{"not_picked":["Skewer","Dagger Spray"],"picked":"Accuracy+1","floor":31},{"not_picked":["Adrenaline","Burst"],"picked":"Tools of the Trade","floor":33},{"not_picked":["Caltrops+1","Quick Slash"],"picked":"Infinite Blades+1","floor":35},{"not_picked":["Crippling Poison+1","Choke"],"picked":"Slice","floor":35},{"not_picked":["Phantasmal Killer","All Out Attack+1"],"picked":"Blade Dance+1","floor":36},{"not_picked":["Good Instincts","Madness"],"picked":"Panache","floor":39},{"not_picked":["Distraction+1","Grand Finale"],"picked":"Dodge and Roll+1","floor":40},{"not_picked":["Accuracy+1","Dodge and Roll"],"picked":"Cloak And Dagger+1","floor":42},{"not_picked":["Skewer","Dagger Spray+1"],"picked":"Blade Dance","floor":46},{"not_picked":["Unload","Underhanded Strike+1"],"picked":"Dodge and Roll+1","floor":46},{"not_picked":["Reflex+1","Well Laid Plans","Outmaneuver+1"],"picked":"SKIP","floor":47},{"not_picked":["Dash","PiercingWail","Blur"],"picked":"SKIP","floor":47},{"not_picked":["Masterful Stab+1","Unload","Concentrate"],"picked":"SKIP","floor":48},{"not_picked":["Deadly Poison+1","Bane+1","Reflex+1"],"picked":"SKIP","floor":54}],"player_experience":219272,"relics_obtained":[{"floor":9,"key":"InkBottle"},{"floor":12,"key":"Bottled Tornado"},{"floor":14,"key":"Bag of Marbles"},{"floor":22,"key":"Red Mask"},{"floor":27,"key":"Potion Belt"},{"floor":29,"key":"Omamori"},{"floor":29,"key":"Toy Ornithopter"},{"floor":31,"key":"War Paint"},{"floor":31,"key":"Blood Vial"},{"floor":34,"key":"Akabeko"},{"floor":34,"key":"Matryoshka"},{"floor":34,"key":"Prayer Wheel"},{"floor":36,"key":"Old Coin"},{"floor":40,"key":"Meat on the Bone"},{"floor":40,"key":"Happy Flower"},{"floor":42,"key":"Dream Catcher"},{"floor":42,"key":"StoneCalendar"},{"floor":43,"key":"Anchor"},{"floor":43,"key":"Bottled Lightning"},{"floor":48,"key":"Ninja Scroll"},{"floor":48,"key":"Pear"},{"floor":54,"key":"Pantograph"},{"floor":54,"key":"Oddly Smooth Stone"}],"event_choices":[{"damage_healed":0,"gold_gain":0,"cards_transformed":["Strike_G"],"player_choice":"Change","damage_taken":0,"max_hp_gain":0,"max_hp_loss":0,"event_name":"Living Wall","floor":3,"gold_loss":0,"cards_obtained":["Blur"]},{"damage_healed":0,"gold_gain":0,"player_choice":"Left Gold","damage_taken":0,"max_hp_gain":0,"max_hp_loss":0,"event_name":"World of Goop","floor":4,"gold_loss":33},{"damage_healed":0,"gold_gain":0,"player_choice":"Simplicity","damage_taken":0,"max_hp_gain":0,"max_hp_loss":0,"event_name":"Back to Basics","floor":20,"gold_loss":0,"cards_upgraded":["Strike_G","Strike_G","Strike_G","Strike_G","Defend_G","Defend_G","Defend_G","Defend_G","Defend_G"]},{"damage_healed":0,"gold_gain":0,"player_choice":"Fought Bandits","damage_taken":0,"max_hp_gain":0,"max_hp_loss":0,"event_name":"Masked Bandits","floor":22,"gold_loss":0},{"damage_healed":0,"gold_gain":0,"player_choice":"Fight","damage_taken":0,"max_hp_gain":0,"max_hp_loss":0,"event_name":"Mysterious Sphere","floor":36,"gold_loss":0},{"cards_removed":["Slice"],"damage_healed":0,"gold_gain":0,"player_choice":"Removed Attack","damage_taken":0,"max_hp_gain":0,"max_hp_loss":0,"event_name":"Falling","floor":38,"gold_loss":0},{"damage_healed":0,"gold_gain":0,"player_choice":"Memory 1","damage_taken":0,"max_hp_gain":0,"max_hp_loss":0,"event_name":"SensoryStone","floor":39,"gold_loss":0},{"damage_healed":0,"gold_gain":0,"player_choice":"Max HP","damage_taken":0,"max_hp_gain":0,"max_hp_loss":4,"event_name":"Winding Halls","floor":44,"gold_loss":0}],"is_beta":true,"boss_relics":[{"not_picked":["Sozu","Velvet Choker"],"picked":"Black Star"},{"not_picked":["Astrolabe","Snecko Eye"],"picked":"Calling Bell"}],"items_purged_floors":[],"is_endless":false,"potions_floor_spawned":[5,10,12,14,21,24,33,36,42,46,47],"ascension_level":3}}