{"host":"u21q392b5xaj11fl","time":1612637760,"event":{"mods":["2.2 Compatiblity","Bard","BaseMod","Better Note","Colored Map","Colored Powertips","Conspire","Custom Start","Downfall","Faster Ascension Climbing","GifTheSpireLib","Gremlin Skip","Highlight Path","Hubris","Infinite Spire","Mad Scientist","Marisa????????","Mimic Mod","Minty Spire (QoL Compilation)","Monster B Gone","Permanent Neow","Potionbrewer","Quick Restart","READ ME - Guardian Mod","Relic Sorter","Replay The Spire","Shop Mod","Somnambulant","StSLib","Stuff the Spire","SuperFastMode","The Construct","The Disciple","The Servant 0.9.4"],"gold_per_floor":[111,128,143,143,157,157,189,80,107,141,141,141,158,191,191,262,262,282,48,228,248,248,277,277,296,296,296,306,336,296,309,309,383,383,399,199,199,219,229,229,263,313,313,313,313,325,341,341,341,341,341,341,25,60,60,60],"floor_reached":55,"language":"ENG","playtime":5696,"items_purged":["somnambulantmod: SomnambulantStrike","somnambulantmod: SomnambulantStrike","somnambulantmod: Defend_Somnambulant"],"score":1271,"play_id":"91bf8497-399d-4e04-b510-e0cc4a88964a","local_time":"20210206125600","is_ascension_mode":true,"campfire_choices":[{"data":"somnambulantmod: HeadSmack","floor":6.0,"key":"SMITH"},{"floor":12.0,"key":"REST"},{"data":"somnambulantmod: Reinterpret","floor":15.0,"key":"SMITH"},{"floor":24.0,"key":"REST"},{"data":"somnambulantmod: PrimingPunch","floor":27.0,"key":"SMITH"},{"floor":32.0,"key":"REST"},{"floor":40,"key":"REST"},{"floor":44,"key":"RECALL"},{"data":"conspire:Blindness","floor":49,"key":"PURGE"},{"floor":52,"key":"REST"}],"circlet_count":0,"master_deck":["AscendersBane","somnambulantmod: SomnambulantStrike+1","somnambulantmod: SomnambulantStrike+1","somnambulantmod: Defend_Somnambulant+1","somnambulantmod: Defend_Somnambulant","somnambulantmod: Defend_Somnambulant+1","somnambulantmod: Defend_Somnambulant","somnambulantmod: QuickNap","somnambulantmod: PrimingPunch+1","somnambulantmod: RecurringDream","somnambulantmod: MindWave+1","somnambulantmod: HeadSmack+1","somnambulantmod: HeavyLids+1","somnambulantmod: Reinterpret+1","somnambulantmod: SleepParalysis","somnambulantmod: LayeredDefense","somnambulantmod: ImpenetrableMind","somnambulantmod: OpeningUp+1","somnambulantmod: LightSleeper+1","somnambulantmod: MuscleMemory","somnambulantmod: SnuggleUp+1","somnambulantmod: Ignorance","somnambulantmod: Relive","somnambulantmod: LayeredDefense","somnambulantmod: ViralIdea","Dark Shackles","somnambulantmod: LayeredDefense","somnambulantmod: Stumble+1","somnambulantmod: RecurringDream+1","somnambulantmod: ImpenetrableMind","somnambulantmod: Harden+1","somnambulantmod: ImpenetrableMind","somnambulantmod: DarkeningMind+1"],"relics":["somnambulantmod: DreamJournal","ReplayTheSpireMod:Lightbulb","hexamod:BolsterEngine","StuffTheSpire:Mouthbags","hubris:ToyBattleship","Cursed Key","expansioncontent:StudyCardRelic","MerchantsRug","Bag of Marbles","hubris:HollowSoul","StuffTheSpire:Experiment12","InkBottle","Happy Flower","Whetstone","Orichalcum"],"acts_visited":["Exordium","TheCity","TheBeyond","TheEnding"],"potions_floor_usage":[55,55],"damage_taken":[{"damage":0.0,"enemies":"Cultist","floor":1.0,"turns":3.0},{"damage":9.0,"enemies":"Jaw Worm","floor":2.0,"turns":3.0},{"damage":0.0,"enemies":"Small Slimes","floor":3.0,"turns":2.0},{"damage":0.0,"enemies":"3 Louse","floor":5.0,"turns":1.0},{"damage":21.0,"enemies":"Gremlin Nob","floor":7.0,"turns":4.0},{"damage":18.0,"enemies":"Lagavulin","floor":10.0,"turns":5.0},{"damage":0.0,"enemies":"2 Fungi Beasts","floor":13.0,"turns":3.0},{"damage":6.0,"enemies":"Gremlin Nob","floor":14.0,"turns":4.0},{"damage":0.0,"enemies":"Slime Boss","floor":16.0,"turns":4.0},{"damage":24.0,"enemies":"2 Thieves","floor":18.0,"turns":4.0},{"damage":0.0,"enemies":"3 Byrds","floor":21.0,"turns":3.0},{"damage":15.0,"enemies":"Gremlin Leader","floor":23.0,"turns":6.0},{"damage":0.0,"enemies":"3 Cultists","floor":25.0,"turns":3.0},{"damage":0.0,"enemies":"Centurion and Healer","floor":28.0,"turns":4.0},{"damage":6.0,"enemies":"Slavers","floor":29.0,"turns":2.0},{"damage":0.0,"enemies":"Sentry and Sphere","floor":31.0,"turns":3.0},{"damage":10.0,"enemies":"Collector","floor":33.0,"turns":6.0},{"damage":8.0,"enemies":"3 Darklings","floor":35.0,"turns":2.0},{"damage":16,"enemies":"3 Shapes","floor":38,"turns":8},{"damage":0,"enemies":"3 Darklings","floor":39,"turns":5},{"damage":13,"enemies":"Nemesis","floor":41,"turns":7},{"damage":0,"enemies":"conspire:MimicChest","floor":42,"turns":10},{"damage":24,"enemies":"Jaw Worm Horde","floor":46,"turns":6},{"damage":0,"enemies":"Spire Growth","floor":47,"turns":6},{"damage":19,"enemies":"Donu and Deca","floor":50,"turns":11},{"damage":44,"enemies":"Shield and Spear","floor":54,"turns":9},{"damage":0,"enemies":"The Heart","floor":55,"turns":1}],"seed_played":"-5044444428213628683","potions_obtained":[{"floor":1.0,"key":"FearPotion"},{"floor":2.0,"key":"Block Potion"},{"floor":4.0,"key":"AttackPotion"},{"floor":5.0,"key":"Fire Potion"},{"floor":13.0,"key":"EssenceOfSteel"},{"floor":18.0,"key":"potionbrewer:CleansingPotion"},{"floor":28.0,"key":"Doom Potion"},{"floor":29.0,"key":"potionbrewer:ToxicPotion"},{"floor":33.0,"key":"potionbrewer:NoxiousPotion"},{"floor":41,"key":"Strength Potion"}],"is_trial":false,"path_per_floor":["M","M","M","?","M","R","E","$","T","E","?","R","M","E","R","B",null,"M","$","?","M","?","E","R","M","T","R","M","E","?","M","R","B",null,"M","$","?","M","M","R","E","?","T","R","?","M","M","?","R_BF","B",null,"R","$","E","B"],"character_chosen":"THE_SOMNAMBULANT","items_purchased":["somnambulantmod: HeavyLids+1","MerchantsRug","somnambulantmod: ImpenetrableMind","Lee\u0027s Waffle","somnambulantmod: LayeredDefense","Happy Flower","Whetstone","Elixir","somnambulantmod: ImpenetrableMind"],"campfire_rested":5,"item_purchase_floors":[8,19,19,19,36,53,53,53,53],"current_hp_per_floor":[63,54,54,54,54,54,33,33,33,15,38,61,61,55,55,55,68,44,79,60,60,60,45,70,70,70,70,70,64,64,64,83,73,81,73,73,73,57,41,67,54,54,54,54,54,30,30,30,30,11,64,83,83,39,16,16],"gold":60,"neow_bonus":"THREE_CARDS","is_daily":false,"chose_seed":false,"campfire_upgraded":3,"win_rate":0.0,"timestamp":1612637760,"path_taken":["M","M","M","?","?","R","E","$","T","E","?","R","M","E","R","BOSS","M","$","?","M","?","E","R","M","T","R","M","E","?","M","R","BOSS","M","?","?","M","?","R","E","?","T","R","?","M","M","?","R_BF","BOSS","R","$","E","BOSS"],"items_purchased_type":["Card","Relic","Card","Relic","Card","Relic","Relic","Potion","Card"],"build_version":"2020-12-22","purchased_purges":3,"victory":false,"max_hp_per_floor":[70,70,70,70,70,70,70,70,70,70,70,72,72,72,72,72,72,72,79,79,79,79,79,81,81,81,81,81,81,81,81,83,83,83,83,83,83,83,83,85,85,85,85,85,81,81,81,81,81,81,81,83,83,83,16,16],"card_choices":[{"not_picked":["somnambulantmod: Bruise","somnambulantmod: LayeredDefense"],"picked":"somnambulantmod: RecurringDream","floor":0.0},{"not_picked":["somnambulantmod: LeechFears","somnambulantmod: HorrificThought"],"picked":"somnambulantmod: ViralIdea","floor":1.0},{"not_picked":["somnambulantmod: BadIdea","somnambulantmod: Unmake","somnambulantmod: SleepingBody"],"picked":"SKIP","floor":2.0},{"not_picked":["somnambulantmod: HeavyLids","somnambulantmod: HappyThoughts"],"picked":"somnambulantmod: MindWave","floor":3.0},{"not_picked":["somnambulantmod: AllForNothing","somnambulantmod: Pinch"],"picked":"somnambulantmod: HeadSmack","floor":5.0},{"not_picked":["somnambulantmod: Lucidity","somnambulantmod: Stumble","somnambulantmod: BadIdea"],"picked":"SKIP","floor":7.0},{"not_picked":["somnambulantmod: Unmake","somnambulantmod: Sleepyhead","somnambulantmod: TimeCompression"],"picked":"SKIP","floor":10.0},{"not_picked":["somnambulantmod: InLimbo","somnambulantmod: Cower","somnambulantmod: SleepingBody"],"picked":"SKIP","floor":13.0},{"not_picked":["somnambulantmod: Unknow","somnambulantmod: RecurringDream"],"picked":"somnambulantmod: Reinterpret","floor":14.0},{"not_picked":["somnambulantmod: Reinterpret","somnambulantmod: Amnausea"],"picked":"somnambulantmod: SleepParalysis","floor":16.0},{"not_picked":["somnambulantmod: Overshare","somnambulantmod: HeavyLids"],"picked":"somnambulantmod: LayeredDefense","floor":18.0},{"not_picked":["somnambulantmod: Sleepyhead","somnambulantmod: SleepingBody","somnambulantmod: BadIdea"],"picked":"SKIP","floor":21.0},{"not_picked":["somnambulantmod: Harden","somnambulantmod: Trauma","somnambulantmod: HeadSmack"],"picked":"SKIP","floor":23.0},{"not_picked":["somnambulantmod: Pinch","somnambulantmod: DreamBig"],"picked":"somnambulantmod: LightSleeper","floor":25.0},{"not_picked":["somnambulantmod: RacingThoughts","somnambulantmod: Repression"],"picked":"somnambulantmod: MuscleMemory","floor":28.0},{"not_picked":["somnambulantmod: UnthoughtKnown","somnambulantmod: Blink","somnambulantmod: Trauma"],"picked":"SKIP","floor":29.0},{"not_picked":["somnambulantmod: Unknow","somnambulantmod: Reject+1","somnambulantmod: RecurringDream"],"picked":"SKIP","floor":31.0},{"not_picked":["somnambulantmod: HorrificThought","somnambulantmod: HeadSmack"],"picked":"somnambulantmod: SnuggleUp","floor":32.0},{"not_picked":["somnambulantmod: GalaxyBrain","somnambulantmod: Mindlessness"],"picked":"somnambulantmod: Ignorance","floor":33.0},{"not_picked":["somnambulantmod: LightSleeper","somnambulantmod: Repression"],"picked":"somnambulantmod: Relive","floor":35.0},{"not_picked":["somnambulantmod: Sleepyhead+1","somnambulantmod: Repression"],"picked":"somnambulantmod: Stumble","floor":38},{"not_picked":["somnambulantmod: Blink","somnambulantmod: Unknow","somnambulantmod: Nosebleed"],"picked":"SKIP","floor":39},{"not_picked":["somnambulantmod: MindWave","somnambulantmod: Blink","somnambulantmod: SleepingBody+1"],"picked":"SKIP","floor":41},{"not_picked":["somnambulantmod: Trauma+1","somnambulantmod: TimeCompression"],"picked":"somnambulantmod: RecurringDream+1","floor":46},{"not_picked":["somnambulantmod: HorrificThought","somnambulantmod: SleepingBody"],"picked":"somnambulantmod: ImpenetrableMind","floor":47},{"not_picked":["somnambulantmod: SnuggleUp","somnambulantmod: Relive"],"picked":"somnambulantmod: Harden+1","floor":52},{"not_picked":["somnambulantmod: RecurringDream","somnambulantmod: ShowerThought"],"picked":"somnambulantmod: DarkeningMind+1","floor":54}],"player_experience":204105,"relics_obtained":[{"floor":7.0,"key":"ReplayTheSpireMod:Lightbulb"},{"floor":9.0,"key":"hexamod:BolsterEngine"},{"floor":10.0,"key":"StuffTheSpire:Mouthbags"},{"floor":14.0,"key":"hubris:ToyBattleship"},{"floor":23.0,"key":"Bag of Marbles"},{"floor":29.0,"key":"Dream Catcher"},{"floor":41,"key":"StuffTheSpire:Experiment12"},{"floor":42,"key":"InkBottle"},{"floor":54,"key":"Orichalcum"}],"event_choices":[{"damage_healed":0.0,"max_hp_gain":0.0,"max_hp_loss":0.0,"gold_gain":0.0,"event_name":"Lab","player_choice":"Got Potions","floor":4.0,"gold_loss":0.0,"damage_taken":0.0},{"damage_healed":23.0,"max_hp_gain":0.0,"max_hp_loss":0.0,"gold_gain":0.0,"event_name":"Big Fish","player_choice":"Banana","floor":11.0,"gold_loss":0.0,"damage_taken":0.0},{"damage_healed":0.0,"max_hp_gain":0.0,"max_hp_loss":0.0,"gold_gain":180.0,"event_name":"Knowing Skull","player_choice":"GOLD GOLD ","floor":20.0,"potions_obtained":[],"gold_loss":0.0,"damage_taken":19.0,"cards_obtained":[]},{"damage_healed":0.0,"max_hp_gain":0.0,"max_hp_loss":0.0,"gold_gain":0.0,"cards_transformed":["somnambulantmod: SomnambulantStrike"],"event_name":"Transmorgrifier","player_choice":"Transformed","floor":22.0,"gold_loss":0.0,"damage_taken":0.0,"cards_obtained":["somnambulantmod: OpeningUp"]},{"damage_healed":0.0,"max_hp_gain":0.0,"max_hp_loss":0.0,"gold_gain":0.0,"event_name":"Designer","player_choice":"Upgraded Two","floor":30.0,"gold_loss":40.0,"damage_taken":0.0,"cards_upgraded":["somnambulantmod: Defend_Somnambulant","somnambulantmod: SomnambulantStrike"]},{"damage_healed":0,"gold_gain":0,"player_choice":"2 cards matched","damage_taken":0,"max_hp_gain":0,"max_hp_loss":0,"event_name":"Match and Keep!","floor":37,"gold_loss":0,"cards_obtained":["Dark Shackles","somnambulantmod: LayeredDefense"]},{"damage_healed":0,"gold_gain":0,"player_choice":"Max HP","damage_taken":0,"max_hp_gain":0,"max_hp_loss":4,"event_name":"Winding Halls","floor":45,"gold_loss":0},{"damage_healed":0,"gold_gain":0,"player_choice":"Ignored","damage_taken":0,"max_hp_gain":0,"max_hp_loss":0,"event_name":"OrinTheCat","floor":48,"gold_loss":0}],"is_beta":false,"boss_relics":[{"not_picked":["somnambulantmod: GluedMask","hubris:CrackedHourglass"],"picked":"Replay:Grab Bag"},{"not_picked":["hubris:VirtuousBlindfold","hubris:GrandSneckoEye"],"picked":"hubris:RunicObelisk"},{"not_picked":["Coffee Dripper","Busted Crown"],"picked":"Cursed Key"},{"not_picked":["potionbrewer:BhaskarasWheel","Astrolabe"],"picked":"expansioncontent:StudyCardRelic"},{"not_picked":["Replay:Ancient Bell","Tiny House"],"picked":"hubris:HollowSoul"}],"items_purged_floors":[8,19,36],"is_endless":false,"potions_floor_spawned":[1,2,5,13,18,28,29,33,41,46],"killed_by":"The Heart","ascension_level":13}}