{"host":"f3zi5bw4of71qj4o","time":1612621401,"event":{"mods":["BaseMod","DeckTracker","Highlight Path","Minty Spire (QoL Compilation)","Relic Stats","StSLib","SuperFastMode"],"gold_per_floor":[109,123,136,153,153,186,348,360,360],"floor_reached":8,"language":"ENG","playtime":462,"items_purged":[],"score":116,"play_id":"72cb7494-1522-4908-b62f-0296fb10a62a","local_time":"20210206152321","is_ascension_mode":true,"campfire_choices":[],"circlet_count":0,"master_deck":["AscendersBane","Strike_B","Strike_B","Strike_B","Strike_B","Defend_B","Defend_B","Defend_B","Defend_B","Zap","Dualcast","Glacier","Gash","Self Repair","Rebound","Doubt"],"relics":["Black Star","Golden Idol","MawBank","Orichalcum"],"acts_visited":["Exordium"],"potions_floor_usage":[6,8],"damage_taken":[{"damage":1,"enemies":"2 Louse","floor":1,"turns":2},{"damage":7,"enemies":"Jaw Worm","floor":2,"turns":5},{"damage":5,"enemies":"Small Slimes","floor":3,"turns":6},{"damage":5,"enemies":"2 Fungi Beasts","floor":4,"turns":6},{"damage":14,"enemies":"Lagavulin","floor":6,"turns":10},{"damage":56,"enemies":"Gremlin Nob","floor":8,"turns":7}],"seed_played":"-5225737579594964148","potions_obtained":[{"floor":1,"key":"PowerPotion"},{"floor":3,"key":"Swift Potion"},{"floor":4,"key":"Explosive Potion"}],"is_trial":false,"path_per_floor":["M","M","M","M","?","E","?","E"],"character_chosen":"DEFECT","items_purchased":[],"campfire_rested":0,"item_purchase_floors":[],"current_hp_per_floor":[63,56,51,53,53,46,46,0,0],"gold":360,"neow_bonus":"BOSS_RELIC","is_daily":false,"chose_seed":false,"campfire_upgraded":0,"win_rate":0.0,"timestamp":1612621401,"path_taken":["M","M","M","M","?","E","?","E"],"items_purchased_type":[],"build_version":"2020-12-22","purchased_purges":0,"victory":false,"max_hp_per_floor":[71,71,71,71,64,64,64,64,64],"relic_stats":{"counters":[6,36],"Golden Idol":7,"Black Star":1,"Orichalcum":[30],"MawBank":24,"obtain_stats":[{"Golden Idol":5,"Black Star":0,"Orichalcum":6,"Cracked Core":0,"MawBank":6},{"Golden Idol":4,"Black Star":0,"Orichalcum":5,"Cracked Core":0,"MawBank":5},{"Golden Idol":19,"Black Star":0,"Orichalcum":29,"Cracked Core":0,"MawBank":29}]},"card_choices":[{"not_picked":["Capacitor","Leap"],"picked":"Glacier","floor":1},{"not_picked":["Tempest","Glacier"],"picked":"Gash","floor":2},{"not_picked":["Blizzard","Rebound"],"picked":"Self Repair","floor":3},{"not_picked":["Steam Power","Redo","Skim"],"picked":"SKIP","floor":4},{"not_picked":["Auto Shields","Ball Lightning"],"picked":"Rebound","floor":6}],"player_experience":2593905,"relics_obtained":[{"floor":6,"key":"MawBank"},{"floor":6,"key":"Orichalcum"}],"event_choices":[{"damage_healed":0,"gold_gain":0,"player_choice":"Lose Max HP","damage_taken":0,"relics_obtained":["Golden Idol"],"max_hp_gain":0,"max_hp_loss":7,"event_name":"Golden Idol","floor":5,"gold_loss":0},{"damage_healed":0,"gold_gain":150,"player_choice":"AGREE","damage_taken":0,"max_hp_gain":0,"max_hp_loss":0,"event_name":"Liars Game","floor":7,"gold_loss":0,"cards_obtained":["Doubt"]}],"is_beta":false,"boss_relics":[],"items_purged_floors":[],"is_endless":false,"potions_floor_spawned":[1,3,4],"killed_by":"Gremlin Nob","ascension_level":20}}