{"host":"t4bl6qmmsws2mq4o","time":1612603471,"event":{"mods":["AchievementEnabler","Act Like it!","BaseMod","Better Note","Downfall","Duelist Mod","Gensokyo","GifTheSpireLib","Hermit","Hubris","Koishi","Marisa????????","Minty Spire (QoL Compilation)","StSLib","The Alterego","The Death Knight","The Marked","The Poker Player","The Runesmith","The Servant 0.9.4"],"gold_per_floor":[109,127,127,137,155,155,120,131,131,131,142,142,159,174,174,270,270,290,290,340,353,366,366,401,401,401,418,418,429,13,29,29,125,125,142,142,152,77,77,105,105,105],"floor_reached":41,"language":"ENG","playtime":3186,"items_purged":["Wraith"],"score":487,"play_id":"4b19c2f3-dece-4f8b-be0e-cb7297e02612","local_time":"20210206012431","is_ascension_mode":false,"campfire_choices":[{"data":"Runesmith:GrandSlam","floor":6.0,"key":"SMITH"},{"data":"Runesmith:CraftFirestone","floor":10.0,"key":"SMITH"},{"data":"Runesmith:CraftVitae","floor":12.0,"key":"SMITH"},{"data":"Runesmith:LithiumIon","floor":15.0,"key":"SMITH"},{"data":"Runesmith:BackupBattery","floor":23,"key":"SMITH"},{"data":"Runesmith:BackupBattery+1","floor":28,"key":"SMITH"},{"data":"Runesmith:EnergizedChisel","floor":32,"key":"SMITH"}],"circlet_count":0,"master_deck":["Runesmith:Strike_RS+1","Runesmith:Strike_RS+1","Runesmith:Strike_RS+1","Runesmith:Defend_RS+1","Runesmith:Defend_RS+1","Runesmith:Defend_RS+1","Runesmith:Defend_RS+1","Runesmith:CraftFirestone+1","Runesmith:Fortify","Runesmith:BackupBattery+2","Runesmith:CraftMagma","Runesmith:LithiumIon+1","Runesmith:GrandSlam+1","Runesmith:HeatedChisel","Runesmith:CraftVitae+1","Runesmith:CraftReservo","Runesmith:CraftMedicinae","Runesmith:EarthShield","Runesmith:EarthShield+1","Runesmith:ArcReactor","Runesmith:StaticCage+1","Panache","Runesmith:EnergizedChisel+1","Runesmith:Duplicate","Runesmith:CraftIncendium","Chrysalis","Apotheosis"],"relics":["Runesmith:BrokenRuby","hubris:PeanutButter","Sozu","Sundial","Bottled Flame","Gremlin Horn","Kunai"],"acts_visited":["Exordium","TheCity","TheBeyond"],"potions_floor_usage":[],"damage_taken":[{"damage":3.0,"enemies":"2 Louse","floor":1.0,"turns":3.0},{"damage":2.0,"enemies":"Cultist","floor":2.0,"turns":4.0},{"damage":2.0,"enemies":"Jaw Worm","floor":4.0,"turns":3.0},{"damage":14.0,"enemies":"3 Louse","floor":5.0,"turns":4.0},{"damage":14.0,"enemies":"Lots of Slimes","floor":8.0,"turns":5.0},{"damage":0.0,"enemies":"Looter","floor":11.0,"turns":4.0},{"damage":0.0,"enemies":"2 Fungi Beasts","floor":13.0,"turns":4.0},{"damage":0.0,"enemies":"Blue Slaver","floor":14.0,"turns":4.0},{"damage":14.0,"enemies":"The Guardian","floor":16.0,"turns":9.0},{"damage":7.0,"enemies":"Shell Parasite","floor":18.0,"turns":5.0},{"damage":0,"enemies":"Chosen","floor":21,"turns":4},{"damage":11,"enemies":"Snake Plant","floor":22,"turns":5},{"damage":9,"enemies":"theDuelist:KaibaA2","floor":24,"turns":7},{"damage":0,"enemies":"Centurion and Healer","floor":27,"turns":10},{"damage":5,"enemies":"Snecko","floor":29,"turns":5},{"damage":1,"enemies":"3 Cultists","floor":31,"turns":6},{"damage":0,"enemies":"Champ","floor":33,"turns":14},{"damage":0,"enemies":"3 Shapes","floor":35,"turns":4},{"damage":5,"enemies":"3 Darklings","floor":37,"turns":7},{"damage":41,"enemies":"Giant Head","floor":40,"turns":9},{"damage":38,"enemies":"4 Shapes","floor":41,"turns":3}],"seed_played":"463164424965869743","potions_obtained":[{"floor":2.0,"key":"hexamod:SoulburnPotion"},{"floor":8.0,"key":"Dexterity Potion"},{"floor":11.0,"key":"champ:CounterPotion"}],"is_trial":false,"path_per_floor":["M","M","?","M","M","R","?","M","T","R","M","R","M","M","R","B",null,"M","?","?","M","M","R","E","?","T","M","R","M","$","M","R","B",null,"M","?","M","$","?","E","M"],"character_chosen":"RUNESMITH_CLASS","items_purchased":["Gremlin Horn","Panache"],"campfire_rested":0,"item_purchase_floors":[30,30],"current_hp_per_floor":[74,72,72,70,56,56,75,61,61,61,61,61,61,61,61,47,77,70,70,70,70,59,59,51,51,51,58,58,56,56,62,62,65,77,77,77,72,72,67,36,0,0],"gold":105,"neow_bonus":"TEN_PERCENT_HP_BONUS","is_daily":false,"chose_seed":false,"campfire_upgraded":7,"win_rate":0.0,"timestamp":1612603471,"path_taken":["M","M","?","?","M","R","?","M","T","R","M","R","M","M","R","BOSS","M","?","?","?","M","R","E","?","T","M","R","M","$","M","R","BOSS","M","?","M","$","?","E","M"],"items_purchased_type":["Relic","Card"],"build_version":"2020-12-22","purchased_purges":1,"victory":false,"max_hp_per_floor":[77,77,77,77,77,77,77,77,77,77,77,77,77,77,77,77,77,77,77,77,77,77,77,77,77,77,77,77,77,77,77,77,77,77,77,77,77,77,77,77,77,77],"card_choices":[{"not_picked":["Runesmith:CraftProtectio","Runesmith:WhiteBalance"],"picked":"Runesmith:BackupBattery","floor":1.0},{"not_picked":["Runesmith:FrozenChisel","Runesmith:Terraform"],"picked":"Runesmith:CraftMagma","floor":2.0},{"not_picked":["Runesmith:HeatExchange","Runesmith:Firestorm"],"picked":"Runesmith:GrandSlam","floor":4.0},{"not_picked":["Runesmith:Repurpose","Runesmith:BackupBattery","Runesmith:StaticCage"],"picked":"SKIP","floor":5.0},{"not_picked":["Runesmith:HammerThrow","Runesmith:EarthShield"],"picked":"Runesmith:HeatedChisel","floor":8.0},{"not_picked":["Runesmith:Prism","Runesmith:WhiteBalance"],"picked":"Runesmith:CraftVitae","floor":11.0},{"not_picked":["Runesmith:Discharge","Runesmith:StaticCage","Runesmith:UnstableHammer"],"picked":"SKIP","floor":13.0},{"not_picked":["Runesmith:ChiselStab","Runesmith:Superposition"],"picked":"Runesmith:CraftReservo","floor":14.0},{"not_picked":["Runesmith:LastStand","Runesmith:GenerateForcefield"],"picked":"Runesmith:CraftMedicinae","floor":16.0},{"not_picked":["Runesmith:CraftSpiculum","Runesmith:Attraction"],"picked":"Runesmith:EarthShield","floor":18.0},{"not_picked":["Runesmith:BackupBattery","Runesmith:CraftProtectio","Runesmith:RuneHurl"],"picked":"SKIP","floor":21},{"not_picked":["Runesmith:ChiselStab+1","Runesmith:Reinforce"],"picked":"Runesmith:EarthShield+1","floor":22},{"not_picked":["Runesmith:Refine","Runesmith:HeatExchange","Runesmith:WhiteBalance"],"picked":"SKIP","floor":24},{"not_picked":["Runesmith:Overpower","Runesmith:Superposition"],"picked":"Runesmith:ArcReactor","floor":27},{"not_picked":["Runesmith:HeatedChisel","Runesmith:ShiftingStrike"],"picked":"Runesmith:StaticCage+1","floor":29},{"not_picked":["Runesmith:Accelerate","Runesmith:EarthShield"],"picked":"Runesmith:EnergizedChisel","floor":31},{"not_picked":["Runesmith:ReplicatingBarrier","Runesmith:CraftMedicinae"],"picked":"Runesmith:Duplicate","floor":33},{"not_picked":["Runesmith:EarthShield+1","Runesmith:RunicBlueprint"],"picked":"Runesmith:CraftIncendium","floor":35},{"not_picked":["Runesmith:EnergizedChisel+1","Runesmith:HammerThrow","Runesmith:UnstableHammer+1"],"picked":"SKIP","floor":37},{"not_picked":["Mind Blast","hubris:Insight"],"picked":"Chrysalis","floor":39},{"not_picked":["Chrysalis","hubris:Insight"],"picked":"Apotheosis","floor":39},{"not_picked":["Runesmith:EarthShield","Runesmith:LastStand","Runesmith:BackupBattery+1"],"picked":"SKIP","floor":40}],"player_experience":508343,"relics_obtained":[{"floor":9.0,"key":"hubris:PeanutButter"},{"floor":24,"key":"Sundial"},{"floor":26,"key":"Bottled Flame"},{"floor":40,"key":"Kunai"}],"event_choices":[{"damage_healed":0.0,"max_hp_gain":0.0,"max_hp_loss":0.0,"gold_gain":0.0,"cards_transformed":["Runesmith:Strike_RS"],"event_name":"Transmorgrifier","player_choice":"Transformed","floor":3.0,"gold_loss":0.0,"damage_taken":0.0,"cards_obtained":["Runesmith:LithiumIon"]},{"damage_healed":19.0,"max_hp_gain":0.0,"max_hp_loss":0.0,"gold_gain":0.0,"event_name":"The Cleric","player_choice":"Healed","floor":7.0,"gold_loss":35.0,"damage_taken":0.0},{"cards_removed":["Runesmith:Fortify"],"damage_healed":0.0,"max_hp_gain":0.0,"max_hp_loss":0.0,"gold_gain":0.0,"event_name":"betterNote:BetterNote","player_choice":"Give","floor":19.0,"gold_loss":0.0,"damage_taken":0.0,"cards_obtained":["champ:ShieldSlam"]},{"damage_healed":0,"gold_gain":100,"player_choice":"Bet on Murderer","damage_taken":0,"max_hp_gain":0,"max_hp_loss":0,"event_name":"The Joust","floor":20,"gold_loss":50},{"damage_healed":0,"gold_gain":0,"player_choice":"Simplicity","damage_taken":0,"max_hp_gain":0,"max_hp_loss":0,"event_name":"Back to Basics","floor":25,"gold_loss":0,"cards_upgraded":["Runesmith:Strike_RS","Runesmith:Strike_RS","Runesmith:Strike_RS","Runesmith:Defend_RS","Runesmith:Defend_RS","Runesmith:Defend_RS","Runesmith:Defend_RS"]},{"damage_healed":0,"gold_gain":0,"player_choice":"Ignored","damage_taken":0,"max_hp_gain":0,"max_hp_loss":0,"event_name":"OrinTheCat","floor":36,"gold_loss":0},{"damage_healed":0,"gold_gain":0,"player_choice":"Memory 2","damage_taken":5,"max_hp_gain":0,"max_hp_loss":0,"event_name":"SensoryStone","floor":39,"gold_loss":0}],"is_beta":false,"boss_relics":[{"not_picked":["Runic Pyramid","Runic Dome"],"picked":"Sozu"},{"not_picked":["hubris:BlackHole","hubris:GrandSneckoEye","hubris:RunicObelisk"]}],"items_purged_floors":[38],"is_endless":false,"potions_floor_spawned":[2,8,11,24,27,29,40],"killed_by":"4 Shapes","ascension_level":0}}