{"host":"rmsq46plbpwfbxcc","time":1612586940,"event":{"mods":["AchievementEnabler","BaseMod","Colored Map","Colored Powertips","DeckTracker","KOR Keyword Fix","Minty Spire (QoL Compilation)","Permanent Neow","Quick Restart","SuperFastMode"],"gold_per_floor":[116,116,191,203,214,225,400,400,451,451,469,495,506,532,532,532,532],"floor_reached":16,"language":"KOR","playtime":538,"items_purged":[],"score":174,"play_id":"69d4a114-4cc9-4141-938f-4bb1e7604e96","local_time":"20210206134900","is_ascension_mode":true,"campfire_choices":[{"data":"Blade Dance","floor":8,"key":"SMITH"},{"data":"Cloak And Dagger","floor":10,"key":"SMITH"},{"floor":15,"key":"REST"}],"circlet_count":0,"master_deck":["AscendersBane","Strike_G","Strike_G","Strike_G","Strike_G","Strike_G","Defend_G","Defend_G","Defend_G","Defend_G","Defend_G","Survivor","Neutralize","CurseOfTheBell","Cloak And Dagger+1","Accuracy","Quick Slash+1","Blade Dance+1","Doubt","Well Laid Plans","Bullet Time"],"relics":["Calling Bell","Bronze Scales","Molten Egg 2","The Specimen","Toy Ornithopter","Oddly Smooth Stone","Sundial"],"acts_visited":["Exordium"],"potions_floor_usage":[6,14,16],"damage_taken":[{"damage":8,"enemies":"Jaw Worm","floor":1,"turns":5},{"damage":1,"enemies":"2 Louse","floor":4,"turns":3},{"damage":4,"enemies":"Small Slimes","floor":5,"turns":4},{"damage":1,"enemies":"Exordium Wildlife","floor":6,"turns":6},{"damage":0,"enemies":"2 Fungi Beasts","floor":11,"turns":2},{"damage":18,"enemies":"Gremlin Nob","floor":12,"turns":4},{"damage":0,"enemies":"3 Louse","floor":13,"turns":4},{"damage":18,"enemies":"3 Sentries","floor":14,"turns":8},{"damage":47,"enemies":"Slime Boss","floor":16,"turns":7}],"seed_played":"7151903223713598527","potions_obtained":[{"floor":1,"key":"GhostInAJar"},{"floor":12,"key":"EssenceOfSteel"},{"floor":13,"key":"PowerPotion"},{"floor":14,"key":"ColorlessPotion"}],"is_trial":false,"path_per_floor":["M","?","?","M","M","M","?","R","T","R","M","E","M","E","R","B"],"character_chosen":"THE_SILENT","items_purchased":[],"campfire_rested":1,"item_purchase_floors":[],"current_hp_per_floor":[55,60,49,48,44,43,43,43,43,43,43,25,25,12,34,0,0],"gold":532,"neow_bonus":"BOSS_RELIC","is_daily":false,"chose_seed":false,"campfire_upgraded":2,"win_rate":0.0,"timestamp":1612586940,"path_taken":["M","?","?","M","M","M","?","R","T","R","M","E","M","E","R","BOSS"],"items_purchased_type":[],"build_version":"2020-12-22","purchased_purges":0,"victory":false,"max_hp_per_floor":[70,75,75,75,75,75,75,75,75,75,75,75,75,75,75,75,75],"card_choices":[{"not_picked":["Bane+1","Dagger Spray+1"],"picked":"Cloak And Dagger","floor":1},{"not_picked":["Dagger Spray+1","Eviscerate+1"],"picked":"Accuracy","floor":4},{"not_picked":["Concentrate","Acrobatics"],"picked":"Quick Slash+1","floor":5},{"not_picked":["Masterful Stab+1","Riddle With Holes+1"],"picked":"Blade Dance","floor":6},{"not_picked":["Dagger Throw+1","Cloak And Dagger"],"picked":"Well Laid Plans","floor":11},{"not_picked":["Deadly Poison","Blade Dance"],"picked":"Bullet Time","floor":12},{"not_picked":["Caltrops","Flechettes+1","Underhanded Strike+1"],"picked":"SKIP","floor":13},{"not_picked":["Dagger Throw+1","Blade Dance","Sucker Punch+1"],"picked":"SKIP","floor":14}],"player_experience":659395,"relics_obtained":[{"floor":0,"key":"Bronze Scales"},{"floor":0,"key":"Molten Egg 2"},{"floor":0,"key":"The Specimen"},{"floor":9,"key":"Toy Ornithopter"},{"floor":12,"key":"Oddly Smooth Stone"},{"floor":14,"key":"Sundial"}],"event_choices":[{"damage_healed":0,"gold_gain":0,"player_choice":"Donut","damage_taken":0,"max_hp_gain":5,"max_hp_loss":0,"event_name":"Big Fish","floor":2,"gold_loss":0},{"damage_healed":0,"gold_gain":75,"player_choice":"Gather Gold","damage_taken":11,"max_hp_gain":0,"max_hp_loss":0,"event_name":"World of Goop","floor":3,"gold_loss":0},{"damage_healed":0,"gold_gain":175,"player_choice":"AGREE","damage_taken":0,"max_hp_gain":0,"max_hp_loss":0,"event_name":"Liars Game","floor":7,"gold_loss":0,"cards_obtained":["Doubt"]}],"is_beta":false,"boss_relics":[],"items_purged_floors":[],"is_endless":false,"potions_floor_spawned":[1,12,13,14],"killed_by":"Slime Boss","ascension_level":11}}