{"host":"6p0attdrtjqaih7v","time":1612631091,"event":{"mods":["2.2 Compatiblity","AchievementEnabler","Bard","BaseMod","Better Skull","Better Third Choice","Colored Powertips","Hermit","Highlight Path","Key Reminder","Minty Spire (QoL Compilation)","Permanent Neow","Quick Restart","Random Character Button","Relic Stats","Reliquary","Replay The Spire","Robot Space Explorer","StSLib","The Hayseed","The Witch"],"gold_per_floor":[118,118,134,153,153,153,163,163,163,163,44,76,91,111,111,188,188,206,222,222,239,239,239,239],"floor_reached":23,"language":"ENG","playtime":1132,"items_purged":[],"score":486,"play_id":"b9cca010-1ead-49f8-9a86-23ebcf943b2c","local_time":"20210206120451","is_ascension_mode":true,"campfire_choices":[{"data":"RobotSpaceExplorer:StarLightning","floor":6,"key":"SMITH"},{"data":"RobotSpaceExplorer:MiniLasers","floor":6,"key":"SMITH"},{"data":"RobotSpaceExplorer:PlasmaMissile","floor":10,"key":"SMITH"},{"data":"RobotSpaceExplorer:Smokescreen","floor":10,"key":"SMITH"},{"data":"RobotSpaceExplorer:ShovelStrike","floor":15,"key":"SMITH"},{"data":"RobotSpaceExplorer:ChargingLaser","floor":15,"key":"SMITH"}],"circlet_count":0,"master_deck":["AscendersBane","RobotSpaceExplorer:Strike","RobotSpaceExplorer:Strike+1","RobotSpaceExplorer:Strike","RobotSpaceExplorer:Strike","RobotSpaceExplorer:Defend","RobotSpaceExplorer:Defend","RobotSpaceExplorer:Defend","RobotSpaceExplorer:Defend+1","RobotSpaceExplorer:Scan","RobotSpaceExplorer:MiniLasers+1","CurseOfTheBell","RobotSpaceExplorer:Smokescreen+1","RobotSpaceExplorer:StarLightning+1","RobotSpaceExplorer:PlasmaMissile+1","RobotSpaceExplorer:ScrapToss","RobotSpaceExplorer:ScrapShield","RobotSpaceExplorer:ChargingLaser+1","RobotSpaceExplorer:ShovelStrike+1","RobotSpaceExplorer:Arsenal+1","RobotSpaceExplorer:GearShield"],"relics":["Calling Bell","reliquary:SharkskinSheath","Matryoshka","Replay:Arrowhead","Incense Burner","reliquary:Buckler","reliquary:TridentHead","Darkstone Periapt","Fusion Hammer"],"acts_visited":["Exordium","TheCity"],"potions_floor_usage":[4,16,16,19,23],"damage_taken":[{"damage":11,"enemies":"Jaw Worm","floor":1,"turns":6},{"damage":0,"enemies":"Small Slimes","floor":3,"turns":7},{"damage":7,"enemies":"Cultist","floor":4,"turns":6},{"damage":0,"enemies":"2 Fungi Beasts","floor":7,"turns":4},{"damage":13,"enemies":"3 Sentries","floor":12,"turns":8},{"damage":3,"enemies":"Blue Slaver","floor":13,"turns":3},{"damage":0,"enemies":"Exordium Thugs","floor":14,"turns":4},{"damage":0,"enemies":"Slime Boss","floor":16,"turns":7},{"damage":2,"enemies":"Shell Parasite","floor":18,"turns":4},{"damage":0,"enemies":"3 Byrds","floor":19,"turns":5},{"damage":0,"enemies":"Centurion and Healer","floor":21,"turns":4},{"damage":64,"enemies":"Slavers","floor":23,"turns":5}],"seed_played":"475433947248618974","potions_obtained":[{"floor":1,"key":"Adrenaline Potion"},{"floor":12,"key":"Fire Potion"},{"floor":16,"key":"SkillPotion"},{"floor":21,"key":"FearPotion"}],"is_trial":false,"path_per_floor":["M","?","M","M","?","R","M","?","T","R","$","E","M","M","R","B",null,"M","M","?","M","?","E"],"character_chosen":"RobotSpaceExplorer","items_purchased":["RobotSpaceExplorer:ScrapToss","RobotSpaceExplorer:ScrapShield"],"campfire_rested":0,"item_purchase_floors":[11,11],"current_hp_per_floor":[53,53,53,46,46,46,46,46,46,46,46,33,30,30,30,30,61,59,59,59,59,59,0,0],"gold":239,"neow_bonus":"BOSS_RELIC","is_daily":false,"chose_seed":false,"campfire_upgraded":6,"win_rate":0.0,"timestamp":1612631091,"path_taken":["M","?","M","M","?","R","M","?","T","R","$","E","M","?","R","BOSS","M","M","?","M","?","E"],"items_purchased_type":["Card","Card"],"build_version":"2020-12-22","purchased_purges":0,"victory":false,"max_hp_per_floor":[71,71,71,71,71,71,71,71,71,71,71,71,71,71,71,71,71,71,71,71,71,71,71,71],"relic_stats":{"Darkstone Periapt":0,"counters":[12,63],"obtain_stats":[{"Calling Bell":0,"Darkstone Periapt":12,"reliquary:TridentHead":9,"Matryoshka":0,"RobotSpaceExplorer:RoboCore":0,"reliquary:Buckler":9,"Fusion Hammer":17,"Incense Burner":8,"Replay:Arrowhead":0,"reliquary:SharkskinSheath":0},{"Calling Bell":0,"Darkstone Periapt":5,"reliquary:TridentHead":4,"Matryoshka":0,"RobotSpaceExplorer:RoboCore":0,"reliquary:Buckler":4,"Fusion Hammer":8,"Incense Burner":4,"Replay:Arrowhead":0,"reliquary:SharkskinSheath":0},{"Calling Bell":0,"Darkstone Periapt":31,"reliquary:TridentHead":23,"Matryoshka":0,"RobotSpaceExplorer:RoboCore":0,"reliquary:Buckler":23,"Fusion Hammer":45,"Incense Burner":23,"Replay:Arrowhead":0,"reliquary:SharkskinSheath":0}]},"card_choices":[{"not_picked":["RobotSpaceExplorer:PowerCollector","RobotSpaceExplorer:ExhaustFan"],"picked":"RobotSpaceExplorer:Smokescreen","floor":1},{"not_picked":["RobotSpaceExplorer:Counterblock","RobotSpaceExplorer:Ammunition"],"picked":"RobotSpaceExplorer:Jetpack","floor":3},{"not_picked":["RobotSpaceExplorer:DualCore","RobotSpaceExplorer:GlueShot"],"picked":"RobotSpaceExplorer:StarLightning","floor":4},{"not_picked":["RobotSpaceExplorer:Electropulse","RobotSpaceExplorer:FrostMissile"],"picked":"RobotSpaceExplorer:PlasmaMissile","floor":7},{"not_picked":["RobotSpaceExplorer:Pulsar","RobotSpaceExplorer:PowerGlove"],"picked":"RobotSpaceExplorer:ChargingLaser","floor":12},{"not_picked":["RobotSpaceExplorer:SlimeMissile","RobotSpaceExplorer:ShockKick","RobotSpaceExplorer:ImprovisedAttack"],"picked":"SKIP","floor":13},{"not_picked":["RobotSpaceExplorer:SurgingShield","RobotSpaceExplorer:Counterblock"],"picked":"RobotSpaceExplorer:ShovelStrike","floor":14},{"not_picked":["RobotSpaceExplorer:Wormhole","RobotSpaceExplorer:Comet"],"picked":"RobotSpaceExplorer:Arsenal","floor":16},{"not_picked":["RobotSpaceExplorer:FranticSearch","RobotSpaceExplorer:StunGrenade","RobotSpaceExplorer:BigMissile"],"picked":"SKIP","floor":18},{"not_picked":["RobotSpaceExplorer:ShovelStrike","RobotSpaceExplorer:SwiftStep"],"picked":"RobotSpaceExplorer:GearShield","floor":19},{"not_picked":["RobotSpaceExplorer:FrostMissile","RobotSpaceExplorer:Ammunition","RobotSpaceExplorer:FranticSearch"],"picked":"SKIP","floor":21}],"player_experience":1042190,"relics_obtained":[{"floor":0,"key":"reliquary:SharkskinSheath"},{"floor":0,"key":"Matryoshka"},{"floor":0,"key":"Replay:Arrowhead"},{"floor":9,"key":"reliquary:Buckler"},{"floor":9,"key":"reliquary:TridentHead"},{"floor":12,"key":"Darkstone Periapt"}],"event_choices":[{"cards_removed":["RobotSpaceExplorer:Jetpack"],"damage_healed":0,"gold_gain":0,"player_choice":"Gave Card","damage_taken":0,"relics_obtained":["Incense Burner"],"max_hp_gain":0,"max_hp_loss":0,"event_name":"WeMeetAgain","floor":8,"gold_loss":0},{"damage_healed":0,"gold_gain":0,"player_choice":"Ignored","damage_taken":0,"max_hp_gain":0,"max_hp_loss":0,"event_name":"Ghosts","floor":20,"gold_loss":0},{"damage_healed":0,"gold_gain":0,"player_choice":"Forge","damage_taken":0,"max_hp_gain":0,"max_hp_loss":0,"event_name":"Accursed Blacksmith","floor":22,"gold_loss":0,"cards_upgraded":["RobotSpaceExplorer:Arsenal"]}],"is_beta":false,"boss_relics":[{"not_picked":["Tiny House","RobotSpaceExplorer:Reprocessor"],"picked":"Fusion Hammer"}],"items_purged_floors":[],"is_endless":false,"potions_floor_spawned":[1,12,14,16,21],"killed_by":"Slavers","ascension_level":20}}