{"host":"fzjk61lpi4bwj033","time":1612642871,"event":{"mods":["BaseMod","Hermit","Jorbs\u0027s Wanderer Trilogy","Minty Spire (QoL Compilation)","Rare Cards Sparkle","Relic Stats","StSLib"],"gold_per_floor":[111,261,261,261,273,308,308,335,388,26,26,38,52,68,68,140,140,160,160,160,178,193,193,224,241,241,241,251,265,299,319,319,319,319],"floor_reached":33,"language":"ENG","playtime":1111,"items_purged":[],"score":598,"play_id":"91ad6a0e-4b99-4d2f-bf67-2dead629a643","local_time":"20210206142111","is_ascension_mode":true,"campfire_choices":[{"floor":7,"key":"REST"},{"data":"True Grit","floor":15,"key":"SMITH"},{"data":"Whirlwind","floor":23,"key":"SMITH"},{"floor":27,"key":"REST"},{"floor":32,"key":"REST"}],"circlet_count":0,"master_deck":["AscendersBane","Strike_R","Strike_R","Defend_R","Defend_R","Defend_R","Defend_R","Bash","True Grit+1","Whirlwind+1","Pommel Strike","Wild Strike","Inflame","Metallicize","Immolate","Double Tap","RitualDagger","Anger","Ghostly Armor","Shrug It Off","Disarm+1","Flex"],"relics":["Burning Blood","Unceasing Top","MealTicket","FossilizedHelix","Ancient Tea Set","Mummified Hand","Philosopher\u0027s Stone","Bag of Marbles","Lantern","Oddly Smooth Stone"],"acts_visited":["Exordium","TheCity"],"potions_floor_usage":[6,8,16,18,21,30,31],"damage_taken":[{"damage":6,"enemies":"2 Louse","floor":1,"turns":4},{"damage":7,"enemies":"Jaw Worm","floor":5,"turns":3},{"damage":26,"enemies":"3 Sentries","floor":6,"turns":10},{"damage":38,"enemies":"Gremlin Nob","floor":8,"turns":6},{"damage":0,"enemies":"Cultist","floor":12,"turns":5},{"damage":0,"enemies":"3 Louse","floor":13,"turns":3},{"damage":5,"enemies":"Blue Slaver","floor":14,"turns":4},{"damage":42,"enemies":"The Guardian","floor":16,"turns":13},{"damage":30,"enemies":"3 Byrds","floor":18,"turns":3},{"damage":17,"enemies":"Shell Parasite","floor":21,"turns":5},{"damage":0,"enemies":"Centurion and Healer","floor":22,"turns":5},{"damage":8,"enemies":"Slavers","floor":24,"turns":2},{"damage":18,"enemies":"Snake Plant","floor":25,"turns":5},{"damage":27,"enemies":"Sentry and Sphere","floor":28,"turns":5},{"damage":0,"enemies":"3 Cultists","floor":29,"turns":1},{"damage":25,"enemies":"Book of Stabbing","floor":30,"turns":2},{"damage":0,"enemies":"Centurion and Healer","floor":31,"turns":6},{"damage":45,"enemies":"Collector","floor":33,"turns":5}],"seed_played":"-7563785128700214886","potions_obtained":[{"floor":1,"key":"SkillPotion"},{"floor":6,"key":"HeartOfIron"},{"floor":8,"key":"Strength Potion"},{"floor":14,"key":"Regen Potion"},{"floor":16,"key":"SkillPotion"},{"floor":21,"key":"BlessingOfTheForge"},{"floor":22,"key":"LiquidMemories"},{"floor":28,"key":"SkillPotion"}],"is_trial":false,"path_per_floor":["M","?","?","?","M","E","R","E","T","$","?","M","M","M","R","B",null,"M","?","?","M","M","R","E","M","T","R","M","M","E","M","R","B"],"character_chosen":"IRONCLAD","items_purchased":["Inflame","Mummified Hand"],"campfire_rested":3,"item_purchase_floors":[10,10],"current_hp_per_floor":[50,50,50,50,49,29,51,19,19,34,34,40,46,47,47,11,59,35,29,29,27,33,33,31,19,19,41,20,26,7,13,35,0,0],"gold":319,"neow_bonus":"ONE_RARE_RELIC","is_daily":false,"chose_seed":false,"campfire_upgraded":2,"win_rate":0.0,"timestamp":1612642871,"path_taken":["M","?","?","?","M","E","R","E","T","$","?","M","M","?","R","BOSS","M","?","?","M","M","R","E","M","T","R","M","M","E","M","R","BOSS"],"items_purchased_type":["Card","Relic"],"build_version":"2020-12-22","purchased_purges":0,"victory":false,"max_hp_per_floor":[75,75,75,75,75,75,75,75,75,75,75,75,75,75,75,75,75,75,75,75,75,75,75,75,75,75,75,75,75,75,75,75,75,75],"relic_stats":{"counters":[18,87],"Mummified Hand":[20],"MealTicket":15,"obtain_stats":[{"Lantern":26,"Mummified Hand":10,"Oddly Smooth Stone":30,"MealTicket":6,"Philosopher\u0027s Stone":17,"Bag of Marbles":24,"Ancient Tea Set":9,"Burning Blood":0,"Unceasing Top":0,"FossilizedHelix":8},{"Lantern":13,"Mummified Hand":4,"Oddly Smooth Stone":16,"MealTicket":3,"Philosopher\u0027s Stone":8,"Bag of Marbles":12,"Ancient Tea Set":4,"Burning Blood":0,"Unceasing Top":0,"FossilizedHelix":4},{"Lantern":68,"Mummified Hand":23,"Oddly Smooth Stone":76,"MealTicket":17,"Philosopher\u0027s Stone":48,"Bag of Marbles":63,"Ancient Tea Set":23,"Burning Blood":0,"Unceasing Top":0,"FossilizedHelix":23}],"Burning Blood":102,"Unceasing Top":[10]},"card_choices":[{"not_picked":["Metallicize","Anger"],"picked":"True Grit","floor":1},{"not_picked":["Pommel Strike","Heavy Blade"],"picked":"Whirlwind","floor":5},{"not_picked":["Entrench","Dual Wield"],"picked":"Pommel Strike","floor":6},{"not_picked":["Reaper","Entrench"],"picked":"Wild Strike","floor":8},{"not_picked":["Cleave","Anger","Pommel Strike"],"picked":"SKIP","floor":12},{"not_picked":["Intimidate","Heavy Blade"],"picked":"Metallicize","floor":13},{"not_picked":["Shrug It Off","Thunderclap"],"picked":"Immolate","floor":14},{"not_picked":["Juggernaut","Fiend Fire"],"picked":"Double Tap","floor":16},{"not_picked":["Twin Strike","Reckless Charge","Wild Strike"],"picked":"SKIP","floor":18},{"not_picked":["Flex","Anger"],"picked":"Shrug It Off","floor":21},{"not_picked":["Dark Embrace+1","Heavy Blade"],"picked":"Disarm+1","floor":22},{"not_picked":["Inflame+1","Corruption"],"picked":"Flex","floor":24},{"not_picked":["Cleave","True Grit","Havoc"],"picked":"SKIP","floor":25},{"not_picked":["Perfected Strike","Thunderclap","Sever Soul"],"picked":"SKIP","floor":28},{"not_picked":["Shrug It Off","Clash","Havoc"],"picked":"SKIP","floor":29},{"not_picked":["Power Through","Reckless Charge+1","Headbutt"],"picked":"SKIP","floor":30},{"not_picked":["Metallicize","Perfected Strike","Dropkick"],"picked":"SKIP","floor":31}],"player_experience":788755,"relics_obtained":[{"floor":6,"key":"MealTicket"},{"floor":8,"key":"FossilizedHelix"},{"floor":9,"key":"Ancient Tea Set"},{"floor":24,"key":"Bag of Marbles"},{"floor":26,"key":"Lantern"},{"floor":30,"key":"Oddly Smooth Stone"}],"event_choices":[{"damage_healed":0,"gold_gain":150,"player_choice":"AGREE","damage_taken":0,"max_hp_gain":0,"max_hp_loss":0,"event_name":"Liars Game","floor":2,"gold_loss":0,"cards_obtained":["Doubt"]},{"cards_removed":["Doubt"],"damage_healed":0,"gold_gain":0,"player_choice":"Forget","damage_taken":0,"max_hp_gain":0,"max_hp_loss":0,"event_name":"Living Wall","floor":3,"gold_loss":0},{"damage_healed":0,"gold_gain":0,"player_choice":"Leave","damage_taken":0,"max_hp_gain":0,"max_hp_loss":0,"event_name":"The Cleric","floor":4,"gold_loss":0},{"cards_removed":["Strike_R"],"damage_healed":0,"gold_gain":0,"player_choice":"Purged","damage_taken":0,"max_hp_gain":0,"max_hp_loss":0,"event_name":"Purifier","floor":11,"gold_loss":0},{"damage_healed":0,"gold_gain":0,"player_choice":"Joined the Cult","damage_taken":6,"max_hp_gain":0,"max_hp_loss":0,"event_name":"Nest","floor":19,"gold_loss":0,"cards_obtained":["RitualDagger"]},{"damage_healed":0,"gold_gain":0,"cards_transformed":["Strike_R","Strike_R"],"player_choice":"Became Test Subject","damage_taken":0,"max_hp_gain":0,"max_hp_loss":0,"event_name":"Drug Dealer","floor":20,"gold_loss":0,"cards_obtained":["Anger","Ghostly Armor"]}],"is_beta":false,"boss_relics":[{"not_picked":["Ectoplasm","Fusion Hammer"],"picked":"Philosopher\u0027s Stone"}],"items_purged_floors":[],"is_endless":false,"potions_floor_spawned":[1,6,8,14,16,21,22,24,28],"killed_by":"Collector","ascension_level":20}}