{"host":"rng0zyo66qdcpyr0","time":1612617258,"event":{"mods":["ATMod(∞¢Ë™Mod)","Arknights","Ascension Reborn","BaseMod","Better Vampires","Colored Powertips","Downfall","Lobotomy","LobotomyExtend","Marisa£®ÏF”Í°°ƒß¿Ì…≥£©","Minty Spire (QoL Compilation)","Reimu£®≤©¿ˆ¡È√Œ£©","Relic Filter Mod","Remilia£®¿Ÿ√◊¿Ú—«£©","RumiaBox-¬∂√◊Ê´µƒ…Ò√ÿ∫–◊”","StSLib","TestMod","Waifu the Spire","WarShipGirlsR/’ΩΩ¢…Ÿ≈ÆR mod","Yakumo Yukari mod","Youmu£®ªÍ∆«—˝√Œ£©","[GremlinLeader]The Maniac","noobMod","°æπ¶ƒ‹Mod°øªÏ„Á÷Æª∑–ﬁ∏¥≤π∂°","°æ“≈ŒÔø®≈∆°øREMEMod"],"gold_per_floor":[99,119,136,136,149,204,229,243,0,11,40,57,67,82,100,195,195,95,107,119,138,138,238,238,138,9,9,35,68,94,133,150,265,265,165,154,176,176,176,176,176,218,235,258,4,73,104,115,129,143,143,143,187,34,34,60,73],"floor_reached":58,"language":"ZHS","playtime":4375,"items_purged":[],"score":1438,"play_id":"db757949-b06b-4098-b1fd-b359a95d139a","local_time":"20210206211418","is_ascension_mode":true,"campfire_choices":[{"floor":1,"key":"RECALL"},{"data":"expansioncontent:QuickStudy","floor":18,"key":"SMITH"},{"data":"Slimebound:SelfFormingGoo","floor":25,"key":"SMITH"},{"data":"AT_EmpoweredMortalDraw","floor":35,"key":"SMITH"},{"data":"Slimebound:CheckThePlaybook","floor":40,"key":"SMITH"},{"data":"Slimebound:MassRepurpose","floor":55,"key":"SMITH"}],"circlet_count":0,"master_deck":["Slimebound:Strike_Slimebound","Slimebound:Strike_Slimebound","Slimebound:Strike_Slimebound","Slimebound:Tackle","Slimebound:Defend_Slimebound","Slimebound:Defend_Slimebound","Slimebound:Defend_Slimebound","Slimebound:Defend_Slimebound","Slimebound:Split","Slimebound:CorrosiveSpit","AT_SoftenMuscles","REME_EmptyShield","Slimebound:LeechEnergy","Slimebound:RejuvenatingLick","Slimebound:Gluttony","Slimebound:HauntingLick","Slimebound:RallyTheTroops","Slimebound:SplitLeeching","Slimebound:HauntingLick","expansioncontent:QuickStudy+1","Slimebound:PressTheAttack","Slimebound:Equalize","Slimebound:Grow","Slimebound:SelfFormingGoo+1","Slimebound:SplitAcid","Slimebound:LevelUp","Slimebound:Overexert","Slimebound:LevelUp","Slimebound:Repurpose","Slimebound:SpikyOuterGoop+1","downfall:Haunted","downfall:Haunted","maniac:Remorse","downfall:Bewildered","Shame","Slimebound:OneTwoCombo","Slimebound:SlimeTap","Slimebound:Nibble","Slimebound:ProtectTheBoss","Slimebound:CheckThePlaybook+1","Slimebound:OozeBath","Slimebound:Schlurp","Slimebound:Repurpose","Slimebound:ItLooksTasty","Slimebound:LeechLife","AT_EmpoweredMortalDraw+1","Slimebound:GrowthPunch+1","Slimebound:Gluttony+1","Slimebound:SplitLeeching+1","Slimebound:MassRepurpose+1","Slimebound:Dissolve+1","Slimebound:SplitBruiser","Slimebound:MegaLick+1"],"relics":["Slimebound:AbsorbEndCombat","REME_ComplimentaryCards","testmod-TestBox","AT_ATBox","ice","testmod-EqualTreatment","LetterFromLob","Orichalcum","ZombieArmy","testmod-SaigiyounoYou","downfall:HeartBlessingRed","downfall:RedIOU","Du-Vu Doll","downfall:HeartBlessingBlue","testmod-Acrobat","Mercury Hourglass","AT_RabadonDeathcap","AT_MortalBlade","downfall:HeartBlessingGreen","downfall:TeleportStone","Tea:ReiMu","Lantern","HandDrill","testmod-Alchemist","CatCart","Bottled Tornado","AT_RedTearstoneRing","AT_BladeRuinedKing"],"acts_visited":["Exordium","TheCity","TheBeyond","TheEnding"],"potions_floor_usage":[6,8,15,16,16,19,33,44,46,50,50,50,53,56],"damage_taken":[{"damage":6,"enemies":"Jaw Worm","floor":2,"turns":5},{"damage":0,"enemies":"Small Slimes","floor":3,"turns":3},{"damage":0,"enemies":"2 Louse","floor":5,"turns":2},{"damage":26,"enemies":"Lagavulin Event","floor":6,"turns":5},{"damage":10,"enemies":"Exordium Thugs","floor":8,"turns":2},{"damage":8,"enemies":"downfall:FleeingMerchant","floor":9,"turns":4},{"damage":5,"enemies":"3 Louse","floor":10,"turns":3},{"damage":4,"enemies":"3 Sentries","floor":11,"turns":4},{"damage":9,"enemies":"Lots of Slimes","floor":12,"turns":2},{"damage":1,"enemies":"Exordium Wildlife","floor":13,"turns":3},{"damage":6,"enemies":"2 Fungi Beasts","floor":14,"turns":3},{"damage":23,"enemies":"3 Louse","floor":15,"turns":2},{"damage":35,"enemies":"DF_ARCHETYPE_STREAMLINE","floor":16,"turns":8},{"damage":16,"enemies":"Chosen","floor":19,"turns":5},{"damage":47,"enemies":"Shelled Parasite and Fungi","floor":20,"turns":5},{"damage":31,"enemies":"Chosen and Byrds","floor":21,"turns":6},{"damage":9,"enemies":"downfall:FleeingMerchant","floor":26,"turns":4},{"damage":20,"enemies":"Gremlin Leader","floor":29,"turns":6},{"damage":26,"enemies":"Sentry and Sphere","floor":30,"turns":4},{"damage":47,"enemies":"Book of Stabbing","floor":31,"turns":5},{"damage":46,"enemies":"Shelled Parasite and Fungi","floor":32,"turns":4},{"damage":48,"enemies":"SI_MIRROR_ARCHETYPE","floor":33,"turns":8},{"damage":13,"enemies":"downfall:FleeingMerchant","floor":36,"turns":4},{"damage":19,"enemies":"3 Darklings","floor":37,"turns":2},{"damage":53,"enemies":"Nemesis","floor":42,"turns":5},{"damage":10,"enemies":"3 Shapes","floor":43,"turns":2},{"damage":27,"enemies":"Sphere and 2 Shapes","floor":44,"turns":3},{"damage":19,"enemies":"downfall:FleeingMerchant","floor":45,"turns":3},{"damage":8,"enemies":"Orin","floor":46,"turns":8},{"damage":27,"enemies":"Reptomancer","floor":47,"turns":3},{"damage":16,"enemies":"4 Shapes","floor":48,"turns":2},{"damage":27,"enemies":"3 Darklings","floor":49,"turns":3},{"damage":49,"enemies":"WA_ARCHETYPE_DIVINITY","floor":50,"turns":7},{"damage":83,"enemies":"downfall:CharBossMerchant","floor":53,"turns":7},{"damage":29,"enemies":"downfall:NeowBoss","floor":56,"turns":12},{"damage":45,"enemies":"downfall:NeowBossFinal","floor":57,"turns":7}],"seed_played":"1676583543304133440","potions_obtained":[{"floor":5,"key":"Fire Potion"},{"floor":6,"key":"Energy Potion"},{"floor":10,"key":"ColorlessPotion"},{"floor":13,"key":"Swift Potion"},{"floor":14,"key":"EssenceOfSteel"},{"floor":15,"key":"REME_GoldPotion"},{"floor":19,"key":"REME_GoldPotion"},{"floor":32,"key":"Dexterity Potion"},{"floor":33,"key":"DuplicationPotion"},{"floor":42,"key":"Fire Potion"},{"floor":46,"key":"Explosive Potion"},{"floor":53,"key":"Fire Potion"}],"is_trial":false,"path_per_floor":["R","M","M","?","M","?","T","M","$","M","E","M","M","M","M","B",null,"R","M","M","M","?","?","T","R","$","?","T","E","M","E","M","B",null,"R","?","M","?","?","R","T","E","M","M","$","?","E","M","M","B",null,null,"E","$","R","B","B",null],"character_chosen":"SLIMEBOUND","items_purchased":["Slimebound:HauntingLick","expansioncontent:QuickStudy","Slimebound:Nibble","Slimebound:ProtectTheBoss","HandDrill","testmod-Alchemist","AttackPotion","FearPotion","Explosive Potion","AT_BladeRuinedKing"],"campfire_rested":0,"item_purchase_floors":[9,9,26,26,45,45,45,45,45,54],"current_hp_per_floor":[71,69,71,71,71,53,53,47,47,48,52,62,67,65,42,15,71,71,64,45,40,40,45,45,55,61,61,61,76,63,38,7,23,78,78,78,61,61,61,61,61,59,63,51,37,78,64,59,72,65,65,78,78,78,78,83,91],"gold":73,"neow_bonus":"TEN_PERCENT_HP_BONUS","is_daily":false,"chose_seed":false,"campfire_upgraded":5,"win_rate":0.0,"timestamp":1612617258,"path_taken":["R","M","M","?","M","?","T","M","$","M","E","M","M","M","M","BOSS","R","M","M","M","?","?","T","R","$","?","?","E","M","E","M","BOSS","R","?","M","?","?","R","T","E","M","?","$","?","E","M","M","BOSS","E","$","R","BOSS","BOSS"],"items_purchased_type":["Card","Card","Card","Card","Relic","Relic","Potion","Potion","Potion","Relic"],"build_version":"2020-12-22","purchased_purges":0,"victory":true,"max_hp_per_floor":[71,71,71,71,71,71,71,71,71,71,71,71,71,71,71,71,71,71,71,71,71,71,76,76,86,86,78,78,78,78,78,78,78,78,78,78,78,78,78,78,78,78,78,78,78,78,78,78,78,78,78,78,78,78,78,83,91],"card_choices":[{"not_picked":["Slimebound:FinishingTackle","Slimebound:LeechingTouch"],"picked":"Slimebound:LeechEnergy","floor":2},{"not_picked":["Slimebound:LivingWall","Slimebound:TongueLash"],"picked":"Slimebound:RejuvenatingLick","floor":3},{"not_picked":["Slimebound:ComboTackle","Slimebound:HauntingLick"],"picked":"Slimebound:Gluttony","floor":5},{"not_picked":["Slimebound:PressTheAttack","Slimebound:Prepare"],"picked":"Slimebound:HauntingLick","floor":6},{"not_picked":["Slimebound:SlimeBrawl","Slimebound:ComboTackle"],"picked":"Slimebound:RallyTheTroops","floor":8},{"not_picked":["Slimebound:SlimeSpikes","Slimebound:LeechingTouch"],"picked":"Slimebound:SplitLeeching","floor":9},{"not_picked":["Slimebound:LeechingTouch","Slimebound:ComboTackle"],"picked":"Slimebound:PressTheAttack","floor":10},{"not_picked":["Slimebound:ForwardTackle","Slimebound:BestDefense"],"picked":"Slimebound:Equalize","floor":11},{"not_picked":["Slimebound:LeechEnergy","Slimebound:GoopSpray"],"picked":"Slimebound:Grow","floor":12},{"not_picked":["Slimebound:Grow","Slimebound:ItLooksTasty"],"picked":"Slimebound:SelfFormingGoo","floor":13},{"not_picked":["Slimebound:FormOfPuddle","Slimebound:LeechingTouch"],"picked":"Slimebound:SplitAcid","floor":14},{"not_picked":["Slimebound:ItLooksTasty","Slimebound:PressTheAttack"],"picked":"Slimebound:LevelUp","floor":15},{"not_picked":["Slimebound:Teamwork","Slimebound:SlimeSlap"],"picked":"Slimebound:Overexert","floor":16},{"not_picked":["Slimebound:RollThrough","Slimebound:PressTheAttack"],"picked":"Slimebound:LevelUp","floor":19},{"not_picked":["Slimebound:RollThrough","Slimebound:Nibble"],"picked":"Slimebound:Repurpose","floor":20},{"not_picked":["Slimebound:RollThrough+1","Slimebound:ComboTackle+1"],"picked":"Slimebound:SpikyOuterGoop+1","floor":21},{"not_picked":["Slimebound:LeadByExample+1","Slimebound:LeechEnergy+1"],"picked":"Slimebound:SlimeTap","floor":26},{"not_picked":["Slimebound:LeadByExample","Slimebound:Dissolve"],"picked":"Slimebound:OozeBath","floor":29},{"not_picked":["Slimebound:GoopSpray","Slimebound:ComboTackle"],"picked":"Slimebound:Schlurp","floor":30},{"not_picked":["Slimebound:GoopSpray","Slimebound:Nibble"],"picked":"Slimebound:Repurpose","floor":31},{"not_picked":["Slimebound:Replication","Slimebound:LeechingTouch"],"picked":"Slimebound:ItLooksTasty","floor":32},{"not_picked":["Slimebound:MassRepurpose","Slimebound:MinionMaster"],"picked":"Slimebound:LeechLife","floor":33},{"not_picked":["Slimebound:Repurpose","Slimebound:PressTheAttack+1"],"picked":"Slimebound:GrowthPunch+1","floor":36},{"not_picked":["Slimebound:FormOfPuddle+1","Slimebound:MegaLick+1"],"picked":"Slimebound:Gluttony+1","floor":37},{"not_picked":["Slimebound:SlimeSpikes","Slimebound:PressTheAttack"],"picked":"Slimebound:SplitLeeching+1","floor":42},{"not_picked":["Slimebound:Prepare+1","Slimebound:ItLooksTasty+1","Slimebound:FinishingTackle"],"picked":"SKIP","floor":43},{"not_picked":["Slimebound:ForwardTackle+1","Slimebound:HauntingLick+1","Slimebound:LivingWall"],"picked":"SKIP","floor":44},{"not_picked":["Slimebound:RejuvenatingLick+1","Slimebound:HauntingLick"],"picked":"Slimebound:MassRepurpose","floor":45},{"not_picked":["Slimebound:Chomp+1","Slimebound:SplitAcid"],"picked":"Slimebound:Dissolve+1","floor":46},{"not_picked":["Slimebound:SlimeBarrage","Slimebound:Prepare+1"],"picked":"Slimebound:SplitBruiser","floor":47},{"not_picked":["Slimebound:LeechingTouch","Slimebound:FormOfPuddle+1"],"picked":"Slimebound:MegaLick+1","floor":48},{"not_picked":["Slimebound:FlameTackle+1","Slimebound:SlimeBarrage","Slimebound:Repurpose+1"],"picked":"SKIP","floor":49},{"not_picked":["Slimebound:Dissolve+1","Slimebound:MegaLick","Slimebound:LeechingTouch"],"picked":"SKIP","floor":53}],"player_experience":134268,"relics_obtained":[{"floor":2,"key":"LetterFromLob"},{"floor":6,"key":"Orichalcum"},{"floor":7,"key":"ZombieArmy"},{"floor":11,"key":"Tiny Chest"},{"floor":28,"key":"testmod-Acrobat"},{"floor":29,"key":"Mercury Hourglass"},{"floor":31,"key":"AT_RabadonDeathcap"},{"floor":41,"key":"Tea:ReiMu"},{"floor":42,"key":"Lantern"},{"floor":46,"key":"CatCart"},{"floor":47,"key":"Bottled Tornado"},{"floor":53,"key":"AT_RedTearstoneRing"}],"event_choices":[{"damage_healed":0,"gold_gain":0,"player_choice":"Fight","damage_taken":0,"max_hp_gain":0,"max_hp_loss":0,"event_name":"OrinTheCat","floor":46,"gold_loss":0}],"is_beta":false,"boss_relics":[{"not_picked":["Cursed Key","Coffee Dripper"],"picked":"testmod-SaigiyounoYou"},{"not_picked":["SoulBox","EasyGame_NEW"],"picked":"AT_MortalBlade"}],"items_purged_floors":[],"is_endless":false,"potions_floor_spawned":[5,6,10,13,14,15,19,32,33,42,46,47,48,49,53],"ascension_level":0}}