{"host":"Bilverbakes","time":1612574693,"event":{"mods":["2.2 Compatiblity","AchievementEnabler","BaseMod","Bestiary","Colored Map","Minty Spire (QoL Compilation)","Relic Stats","StSLib","ojb\u0027s Info Mod"],"gold_per_floor":[116,130,40,57,67,67,92,92,92,92,102,135,195,214,214,288,288,302,318,318,328,328,355,372,372,372,406,406,406],"floor_reached":28,"language":"ENG","playtime":1175,"items_purged":[],"score":690,"play_id":"4c7536fc-62a8-42b8-8b32-e479fabeed98","local_time":"20210205192453","is_ascension_mode":true,"campfire_choices":[{"data":"SandsOfTime","floor":6.0,"key":"SMITH"},{"data":"Wallop","floor":8.0,"key":"SMITH"},{"data":"SashWhip","floor":15.0,"key":"SMITH"},{"data":"LessonLearned","floor":25.0,"key":"SMITH"}],"circlet_count":0,"master_deck":["AscendersBane","Strike_P","Strike_P","Defend_P","Defend_P","Defend_P","Eruption+1","Vigilance+1","Tantrum","Protect","Wallop+1","BowlingBash","DeusExMachina","SandsOfTime+1","CutThroughFate","Nirvana+1","Establishment+1","SashWhip+1","LessonLearned+1","Sanctity+1","RitualDagger","JustLucky","FearNoEvil+1","Devotion+1","Study+1","Pain","Adaptation+1"],"relics":["PureWater","Frozen Egg 2","HornCleat","Darkstone Periapt","Smiling Mask","Cursed Key","Strawberry","Bottled Flame","White Beast Statue"],"acts_visited":["Exordium","TheCity"],"potions_floor_usage":[27,28],"damage_taken":[{"damage":2.0,"enemies":"Cultist","floor":1.0,"turns":4.0},{"damage":7.0,"enemies":"Jaw Worm","floor":2.0,"turns":4.0},{"damage":0.0,"enemies":"2 Louse","floor":4.0,"turns":2.0},{"damage":10.0,"enemies":"Gremlin Gang","floor":5.0,"turns":5.0},{"damage":0.0,"enemies":"3 Sentries","floor":7.0,"turns":3.0},{"damage":0.0,"enemies":"Lots of Slimes","floor":11.0,"turns":3.0},{"damage":0.0,"enemies":"Gremlin Nob","floor":12.0,"turns":2.0},{"damage":4.0,"enemies":"Lagavulin Event","floor":13.0,"turns":5.0},{"damage":1.0,"enemies":"Red Slaver","floor":14.0,"turns":4.0},{"damage":20.0,"enemies":"The Guardian","floor":16.0,"turns":7.0},{"damage":5.0,"enemies":"2 Thieves","floor":18.0,"turns":2.0},{"damage":0.0,"enemies":"Spheric Guardian","floor":19.0,"turns":3.0},{"damage":15.0,"enemies":"Shelled Parasite and Fungi","floor":21.0,"turns":3.0},{"damage":0.0,"enemies":"Gremlin Leader","floor":23.0,"turns":6.0},{"damage":0.0,"enemies":"3 Cultists","floor":24.0,"turns":5.0},{"damage":32,"enemies":"Slavers","floor":27,"turns":4},{"damage":12,"enemies":"Snake Plant","floor":28,"turns":1}],"seed_played":"965967527591159260","potions_obtained":[{"floor":2.0,"key":"BottledMiracle"},{"floor":5.0,"key":"StancePotion"},{"floor":7.0,"key":"Dexterity Potion"},{"floor":13.0,"key":"ColorlessPotion"},{"floor":19.0,"key":"BlessingOfTheForge"},{"floor":21.0,"key":"Dexterity Potion"},{"floor":24.0,"key":"Swift Potion"}],"is_trial":false,"path_per_floor":["M","M","$","M","M","R","E","R","T","?","M","E","?","M","R","B",null,"M","M","?","M","?","E","M","R","T","E","M"],"character_chosen":"WATCHER","items_purchased":["Wallop","BowlingBash"],"campfire_rested":0,"item_purchase_floors":[3,3],"current_hp_per_floor":[41,34,34,34,24,24,24,24,24,29,29,29,25,24,24,4,56,51,51,45,30,30,37,37,37,43,11,0,0],"gold":406,"neow_bonus":"REMOVE_TWO","is_daily":false,"chose_seed":false,"campfire_upgraded":4,"win_rate":0.0,"timestamp":1612574693,"path_taken":["M","M","$","?","M","R","E","R","T","?","M","E","?","M","R","BOSS","M","M","?","M","?","E","M","R","T","E","?"],"items_purchased_type":["Card","Card"],"build_version":"2020-12-18","purchased_purges":0,"victory":false,"max_hp_per_floor":[68,68,68,68,68,68,68,68,68,73,73,73,73,73,73,73,73,73,73,73,73,73,80,80,80,86,86,86,86],"relic_stats":{"Darkstone Periapt":6,"counters":[17,63],"Smiling Mask":0,"Cursed Key":1,"obtain_stats":[{"Darkstone Periapt":12,"Bottled Flame":26,"HornCleat":9,"Strawberry":23,"PureWater":0,"Frozen Egg 2":7,"Smiling Mask":13,"Cursed Key":17,"White Beast Statue":27},{"Darkstone Periapt":7,"Bottled Flame":15,"HornCleat":5,"Strawberry":14,"PureWater":0,"Frozen Egg 2":5,"Smiling Mask":8,"Cursed Key":10,"White Beast Statue":16},{"Darkstone Periapt":23,"Bottled Flame":58,"HornCleat":18,"Strawberry":53,"PureWater":0,"Frozen Egg 2":18,"Smiling Mask":28,"Cursed Key":39,"White Beast Statue":62}]},"card_choices":[{"not_picked":["PathToVictory","WaveOfTheHand"],"picked":"Tantrum","floor":1.0},{"not_picked":["Crescendo","ForeignInfluence"],"picked":"Protect","floor":2.0},{"not_picked":["TalkToTheHand","ThirdEye"],"picked":"DeusExMachina","floor":4.0},{"not_picked":["FollowUp","JustLucky"],"picked":"SandsOfTime","floor":5.0},{"not_picked":["EmptyFist","SignatureMove"],"picked":"CutThroughFate","floor":7.0},{"not_picked":["Consecrate","PathToVictory"],"picked":"Nirvana+1","floor":11.0},{"not_picked":["Alpha","Halt"],"picked":"Establishment+1","floor":12.0},{"not_picked":["CrushJoints","WindmillStrike"],"picked":"SashWhip","floor":13.0},{"not_picked":["SashWhip","FlyingSleeves","Protect"],"picked":"SKIP","floor":14.0},{"not_picked":["DevaForm+1","Alpha"],"picked":"LessonLearned","floor":16.0},{"not_picked":["Crescendo","WreathOfFlame"],"picked":"Sanctity","floor":18.0},{"not_picked":["FlurryOfBlows","CrushJoints","Sanctity"],"picked":"SKIP","floor":19.0},{"not_picked":["Evaluate","Prostrate+1"],"picked":"JustLucky","floor":21.0},{"not_picked":["Protect","BowlingBash"],"picked":"Devotion+1","floor":23.0},{"not_picked":["SignatureMove","LikeWater+1"],"picked":"Study+1","floor":24.0},{"not_picked":["SpiritShield","DevaForm+1"],"picked":"Adaptation+1","floor":27}],"player_experience":912760,"relics_obtained":[{"floor":7.0,"key":"Frozen Egg 2"},{"floor":9.0,"key":"HornCleat"},{"floor":12.0,"key":"Darkstone Periapt"},{"floor":13.0,"key":"Smiling Mask"},{"floor":23.0,"key":"Strawberry"},{"floor":26.0,"key":"Bottled Flame"},{"floor":27,"key":"White Beast Statue"}],"event_choices":[{"damage_healed":0.0,"max_hp_gain":5.0,"max_hp_loss":0.0,"gold_gain":0.0,"event_name":"Big Fish","player_choice":"Donut","floor":10.0,"gold_loss":0.0,"damage_taken":0.0},{"damage_healed":0.0,"max_hp_gain":0.0,"max_hp_loss":0.0,"gold_gain":0.0,"event_name":"Dead Adventurer","player_choice":"Searched \u00271\u0027 times","floor":13.0,"gold_loss":0.0,"damage_taken":0.0},{"damage_healed":0.0,"max_hp_gain":0.0,"max_hp_loss":0.0,"gold_gain":0.0,"event_name":"Nest","player_choice":"Joined the Cult","floor":20.0,"gold_loss":0.0,"damage_taken":6.0,"cards_obtained":["RitualDagger"]},{"damage_healed":0.0,"max_hp_gain":0.0,"max_hp_loss":0.0,"gold_gain":0.0,"cards_transformed":["Strike_P"],"event_name":"Transmorgrifier","player_choice":"Transformed","floor":22.0,"gold_loss":0.0,"damage_taken":0.0,"cards_obtained":["FearNoEvil"]}],"is_beta":true,"boss_relics":[{"not_picked":["Black Star","SacredBark"],"picked":"Cursed Key"}],"items_purged_floors":[],"is_endless":false,"potions_floor_spawned":[2,5,7,13,19,21,24],"killed_by":"Snake Plant","ascension_level":20}}