{"host":"0kwl2uefibxd2nsv","time":1612610993,"event":{"mods":["Act Like it!","Aspiration","BaseMod","Better Note","BetterRewards","DeckTracker","Googly Eyes","Minty Spire (QoL Compilation)","Reliquary","StS++","StSLib"],"gold_per_floor":[112,112,12,32,43,43,63,63,63,80,96,96,129,79,79,181,181,181,181],"floor_reached":18,"language":"ENG","playtime":548,"items_purged":["StSpp:LatentStrike"],"score":281,"play_id":"65ac860c-6d1b-49b0-bc6a-82468514ce8a","local_time":"20210206122953","is_ascension_mode":true,"campfire_choices":[{"data":"Vigilance","floor":6,"key":"SMITH"},{"floor":8,"key":"REST"},{"floor":12,"key":"REST"},{"data":"Sanctity","floor":15,"key":"SMITH"}],"circlet_count":0,"master_deck":["AscendersBane","Strike_P","Strike_P","Strike_P","Strike_P","Defend_P","Defend_P","Defend_P","Defend_P","Eruption+1","Vigilance+1","Consecrate","Sanctity+1","SashWhip","PathToVictory","ThirdEye","ThirdEye","StSpp:LatentStrike","Blasphemy"],"relics":["PureWater","Incense Burner","StSpp:XCola","GoldenEye","reliquary:RedPaperclip"],"acts_visited":["Exordium","TheCity"],"potions_floor_usage":[13,13,16],"damage_taken":[{"damage":4,"enemies":"Jaw Worm","floor":1,"turns":4},{"damage":1,"enemies":"Cultist","floor":4,"turns":5},{"damage":0,"enemies":"2 Louse","floor":5,"turns":3},{"damage":22,"enemies":"Blue Slaver","floor":7,"turns":4},{"damage":0,"enemies":"Looter","floor":10,"turns":4},{"damage":0,"enemies":"2 Fungi Beasts","floor":11,"turns":3},{"damage":0,"enemies":"Gremlin Nob","floor":13,"turns":3},{"damage":13,"enemies":"The Guardian","floor":16,"turns":14},{"damage":0,"enemies":"Spheric Guardian","floor":18,"turns":3}],"seed_played":"-1226840066398352758","potions_obtained":[{"floor":4,"key":"BlessingOfTheForge"},{"floor":7,"key":"SkillPotion"},{"floor":11,"key":"EntropicBrew"}],"is_trial":false,"path_per_floor":["M","?","$","M","M","R","M","R","T","M","M","R","E","$","R","B",null,"M"],"character_chosen":"WATCHER","items_purchased":["Incense Burner","StSpp:XCola","Omamori","Consecrate","StSpp:LatentStrike","SashWhip","StSpp:LatentStrike"],"campfire_rested":2,"item_purchase_floors":[0,0,0,0,0,3,14],"current_hp_per_floor":[29,29,29,28,28,28,6,27,27,27,27,48,48,48,48,35,63,63,63],"gold":181,"neow_bonus":"","is_daily":false,"chose_seed":false,"campfire_upgraded":2,"win_rate":0.0,"timestamp":1612610993,"path_taken":["M","?","?","M","M","R","?","R","T","M","M","R","E","$","R","BOSS","M"],"items_purchased_type":["Relic","Relic","Relic","Card","Card","Card","Card"],"build_version":"2020-12-22","purchased_purges":1,"victory":false,"max_hp_per_floor":[72,72,72,72,72,72,72,72,72,72,72,72,72,72,72,72,72,72,72],"card_choices":[{"not_picked":["EmptyBody","Nirvana"],"picked":"Sanctity","floor":1},{"not_picked":["StSpp:LatentStrike","EmptyBody","Collect"],"picked":"SKIP","floor":4},{"not_picked":["Worship","Consecrate","StSpp:Renounce"],"picked":"SKIP","floor":5},{"not_picked":["FlyingSleeves","ThirdEye"],"picked":"PathToVictory","floor":7},{"not_picked":["Crescendo","InnerPeace"],"picked":"ThirdEye","floor":10},{"not_picked":["FlurryOfBlows","StSpp:Faith"],"picked":"ThirdEye","floor":11},{"not_picked":["Weave","Vengeance","Protect"],"picked":"SKIP","floor":13},{"not_picked":["Establishment","Wish"],"picked":"Blasphemy","floor":16}],"player_experience":2005267,"relics_obtained":[{"floor":9,"key":"reliquary:HotPoker"},{"floor":13,"key":"GoldenEye"}],"event_choices":[{"damage_healed":0,"gold_gain":0,"player_choice":"Upgraded","damage_taken":0,"max_hp_gain":0,"max_hp_loss":0,"event_name":"Upgrade Shrine","floor":2,"gold_loss":0,"cards_upgraded":["Eruption"]}],"is_beta":false,"boss_relics":[{"not_picked":["aspiration:DefectSkillbook","Coffee Dripper"],"picked":"reliquary:RedPaperclip"}],"items_purged_floors":[3],"is_endless":false,"potions_floor_spawned":[4,7,11,16],"killed_by":"Spheric Guardian","ascension_level":10}}