{"host":"3qkmyeoym75lj4wn","time":1612638112,"event":{"mods":["2.2 Compatiblity","BaseMod","Block Reminder","Colored Powertips","Highlight Path","Minty Spire (QoL Compilation)","Permanent Neow","Potion Indicator Mod","Rare Cards Sparkle","Relic Stats","StSLib","Unceasing Turn Reminder"],"gold_per_floor":[109,109,109,130,205,258,258,291,368,368,381,381,381],"floor_reached":12,"language":"ENG","playtime":275,"items_purged":[],"score":222,"play_id":"ee4be8b6-65d4-490c-8617-8ddfc2262477","local_time":"20210206190152","is_ascension_mode":true,"campfire_choices":[{"data":"Zap","floor":7,"key":"SMITH"},{"data":"Hologram","floor":10,"key":"SMITH"}],"circlet_count":0,"master_deck":["AscendersBane","Strike_B","Strike_B","Strike_B","Strike_B","Defend_B","Defend_B","Defend_B","Defend_B","Zap+1","Dualcast","Cold Snap","Conserve Battery","Hologram+1"],"relics":["Cracked Core","NeowsBlessing","Golden Idol","CeramicFish","Singing Bowl","Letter Opener"],"acts_visited":["Exordium"],"potions_floor_usage":[8,12],"damage_taken":[{"damage":0,"enemies":"Small Slimes","floor":1,"turns":1},{"damage":0,"enemies":"2 Louse","floor":4,"turns":1},{"damage":0,"enemies":"Lagavulin","floor":6,"turns":1},{"damage":15,"enemies":"3 Sentries","floor":8,"turns":8},{"damage":0,"enemies":"Cultist","floor":11,"turns":3},{"damage":72,"enemies":"Gremlin Nob","floor":12,"turns":4}],"seed_played":"-3600332933050429236","potions_obtained":[{"floor":1,"key":"Swift Potion"},{"floor":4,"key":"FocusPotion"},{"floor":6,"key":"CultistPotion"}],"is_trial":false,"path_per_floor":["M","?","?","M","?","E","R","E","T","R","M","E"],"character_chosen":"DEFECT","items_purchased":[],"campfire_rested":0,"item_purchase_floors":[],"current_hp_per_floor":[64,64,64,64,53,53,53,40,40,40,42,0,0],"gold":381,"neow_bonus":"THREE_ENEMY_KILL","is_daily":false,"chose_seed":false,"campfire_upgraded":2,"win_rate":0.0,"timestamp":1612638112,"path_taken":["M","?","?","M","?","E","R","E","T","R","M","E"],"items_purchased_type":[],"build_version":"2020-12-22","purchased_purges":0,"victory":false,"max_hp_per_floor":[71,64,64,64,64,64,64,66,66,66,68,68,68],"relic_stats":{"Singing Bowl":4,"counters":[6,18],"Golden Idol":23,"CeramicFish":9,"Letter Opener":[10],"obtain_stats":[{"NeowsBlessing":0,"Singing Bowl":8,"Golden Idol":2,"CeramicFish":6,"Letter Opener":9,"Cracked Core":0},{"NeowsBlessing":0,"Singing Bowl":4,"Golden Idol":1,"CeramicFish":3,"Letter Opener":4,"Cracked Core":0},{"NeowsBlessing":0,"Singing Bowl":11,"Golden Idol":1,"CeramicFish":3,"Letter Opener":11,"Cracked Core":0}]},"card_choices":[{"not_picked":["Capacitor","Compile Driver"],"picked":"Cold Snap","floor":1},{"not_picked":["Gash","Multi-Cast"],"picked":"Conserve Battery","floor":4},{"not_picked":["Streamline","Stack"],"picked":"Hologram","floor":6},{"not_picked":["Leap","Streamline","BootSequence"],"picked":"Singing Bowl","floor":8},{"not_picked":["Rip and Tear","Steam Power","Reinforced Body"],"picked":"Singing Bowl","floor":11}],"player_experience":1732393,"relics_obtained":[{"floor":6,"key":"CeramicFish"},{"floor":8,"key":"Singing Bowl"},{"floor":9,"key":"Letter Opener"}],"event_choices":[{"damage_healed":0,"gold_gain":0,"player_choice":"Lose Max HP","damage_taken":0,"relics_obtained":["Golden Idol"],"max_hp_gain":0,"max_hp_loss":7,"event_name":"Golden Idol","floor":2,"gold_loss":0},{"damage_healed":0,"gold_gain":0,"player_choice":"Ignored","damage_taken":0,"max_hp_gain":0,"max_hp_loss":0,"event_name":"Golden Wing","floor":3,"gold_loss":0},{"damage_healed":0,"gold_gain":75,"player_choice":"Gather Gold","damage_taken":11,"max_hp_gain":0,"max_hp_loss":0,"event_name":"World of Goop","floor":5,"gold_loss":0}],"is_beta":false,"boss_relics":[],"items_purged_floors":[],"is_endless":false,"potions_floor_spawned":[1,4,6],"killed_by":"Gremlin Nob","ascension_level":20}}