{"host":"KYO","time":1612615374,"event":{"mods":["ATMod(°¢èªMod)","BaseMod","Better Vampires","Minty Spire (QoL Compilation)","Permanent Neow","Replay The Spire","Shop Mod","StSLib","SuperFastMode","TestMod","[IsaacMod]ÒÔÈö¼âËþ","¡¾ÒÅÎï¿¨ÅÆ¡¿REMEMod"],"gold_per_floor":[121,121,143,143,159,159,67,67,67],"floor_reached":8,"language":"ZHS","playtime":158,"items_purged":["Pain"],"score":92,"play_id":"61438e0e-90f9-436c-9e14-194ec80df637","local_time":"20210206204254","is_ascension_mode":true,"campfire_choices":[{"data":"Eruption","floor":6.0,"key":"SMITH"}],"circlet_count":0,"master_deck":["AscendersBane","Strike_P","Strike_P","Strike_P","Strike_P","Defend_P","Defend_P","Defend_P","Defend_P+1","Eruption+1","Vigilance","AbeCurse","Adaptation","FlurryOfBlows"],"relics":["HushsDoor","AT_ATBox","REME_ComplimentaryCards","testmod-TestBox","D6","testmod-TheFather","WarpedTongs","MerchantsRug"],"acts_visited":["Exordium"],"potions_floor_usage":[],"damage_taken":[{"damage":8.0,"enemies":"2 Louse","floor":1.0,"turns":4.0},{"damage":0.0,"enemies":"Jaw Worm","floor":3.0,"turns":2.0},{"damage":2.0,"enemies":"Cultist","floor":5.0,"turns":2.0},{"damage":0,"enemies":"Lagavulin","floor":8,"turns":1}],"seed_played":"-3492932724131535614","potions_obtained":[{"floor":1.0,"key":"Energy Potion"},{"floor":3.0,"key":"SpeedPotion"}],"is_trial":false,"path_per_floor":["M","?","M","?","M","R","$","E"],"character_chosen":"WATCHER","items_purchased":["MerchantsRug"],"campfire_rested":0,"item_purchase_floors":[7],"current_hp_per_floor":[53,53,53,53,51,51,51,51,51],"gold":67,"neow_bonus":"BOSS_RELIC","is_daily":false,"chose_seed":false,"campfire_upgraded":1,"win_rate":0.0,"timestamp":1612615374,"path_taken":["M","?","?","?","M","R","?","E"],"items_purchased_type":["Relic"],"build_version":"2020-12-18","purchased_purges":1,"victory":false,"max_hp_per_floor":[68,68,68,68,68,68,68,68,68],"card_choices":[{"not_picked":["AT_ChampionStep","Nirvana"],"picked":"Adaptation","floor":1.0},{"not_picked":["PathToVictory","CutThroughFate"],"picked":"FlurryOfBlows","floor":3.0},{"not_picked":["PathToVictory","Meditate","Nirvana"],"picked":"SKIP","floor":5.0}],"player_experience":749620,"relics_obtained":[],"event_choices":[{"damage_healed":0.0,"max_hp_gain":0.0,"max_hp_loss":0.0,"gold_gain":0.0,"event_name":"Accursed Blacksmith","player_choice":"Rummage","floor":4.0,"gold_loss":0.0,"damage_taken":0.0,"relics_obtained":["WarpedTongs"],"cards_obtained":["Pain"]}],"is_beta":true,"boss_relics":[],"items_purged_floors":[7],"is_endless":false,"potions_floor_spawned":[1,3],"killed_by":"Lagavulin","ascension_level":20}}