{"host":"n605f8gctjc87d7h","time":1612653200,"event":{"mods":["Aspiration","Bard","BaseMod","Better Match","Better Note","Better Skull","Better Third Choice","Conspire","Downfall","Halation","Hermit","Infinite Spire","Minty Spire (QoL Compilation)","Replay The Spire","Retaliation","Shade Mod","Spicy Shops","StSLib","The IronCluck","The Jungle"],"gold_per_floor":[115,115,55,69,69,69,87,100,100,130,149,149,169,169,169,243,243,229,229,246,246,257,257,257,257],"floor_reached":24,"language":"ENG","playtime":1206,"items_purged":["Strike_R"],"score":337,"play_id":"726d0c2a-6f1a-4945-b5ce-c1a53bdfbfa4","local_time":"20210206151320","is_ascension_mode":true,"campfire_choices":[{"data":"Fire Breathing","floor":6,"key":"SMITH"},{"floor":12,"key":"REST"},{"floor":15,"key":"REST"},{"floor":23,"key":"REST"}],"circlet_count":0,"master_deck":["AscendersBane","Strike_R","Strike_R","Strike_R","Strike_R","Defend_R","Defend_R","Defend_R","Defend_R","Replay:Dark Deal+1","Fire Breathing+1","Doubt","conspire:Charge","Wild Strike","Shrug It Off","Inflame+1","Juggernaut","infinitespire:Collect","Shrug It Off","Spot Weakness+1"],"relics":["Burning Blood","Potion Belt","aspiration:TomeofQuesting","Strawberry","Replay:Lucky Slots"],"acts_visited":["Exordium","TheCity"],"potions_floor_usage":[10,11,18,24],"damage_taken":[{"damage":3,"enemies":"2 Louse","floor":1,"turns":4},{"damage":0,"enemies":"Small Slimes","floor":4,"turns":1},{"damage":0,"enemies":"Cultist","floor":7,"turns":2},{"damage":16,"enemies":"3 Louse","floor":8,"turns":6},{"damage":40,"enemies":"Lagavulin","floor":10,"turns":6},{"damage":10,"enemies":"Lots of Slimes","floor":11,"turns":4},{"damage":2,"enemies":"2 Fungi Beasts","floor":13,"turns":4},{"damage":33,"enemies":"Fading Forest","floor":16,"turns":11},{"damage":24,"enemies":"2 Thieves","floor":18,"turns":4},{"damage":19,"enemies":"Chosen","floor":20,"turns":5},{"damage":24,"enemies":"Snake Plant","floor":22,"turns":3},{"damage":63,"enemies":"Snecko","floor":24,"turns":7}],"seed_played":"1429644697513886567","potions_obtained":[{"floor":1,"key":"FearPotion"},{"floor":10,"key":"DuplicationPotion"},{"floor":11,"key":"SteroidPotion"},{"floor":20,"key":"champ:CounterPotion"},{"floor":22,"key":"ColorlessPotion"}],"is_trial":false,"path_per_floor":["M","?","$","M","?","R","M","M","T","E","M","R","M","?","R","B",null,"M","AVR","M","?","M","R","M"],"character_chosen":"IRONCLAD","items_purchased":["Potion Belt"],"campfire_rested":3,"item_purchase_floors":[3],"current_hp_per_floor":[53,53,53,59,59,59,65,55,55,28,24,48,52,52,76,67,78,60,60,47,51,33,57,0,0],"gold":257,"neow_bonus":"RANDOM_COLORLESS_2","is_daily":false,"chose_seed":false,"campfire_upgraded":1,"win_rate":0.0,"timestamp":1612653200,"path_taken":["M","?","$","M","?","R","M","M","T","E","M","R","?","?","R","BOSS","M","AVR","M","?","?","R","M"],"items_purchased_type":["Relic"],"build_version":"2020-12-22","purchased_purges":1,"victory":false,"max_hp_per_floor":[75,75,75,75,75,75,75,75,75,82,82,82,82,82,82,82,82,82,82,82,82,82,82,82,82],"card_choices":[{"not_picked":["ReplayUltimateDefense","Poisoned Strike"],"picked":"Replay:Dark Deal","floor":0},{"not_picked":["Dual Wield","ReplayTheSpireMod:Strike From Hell"],"picked":"Fire Breathing","floor":1},{"not_picked":["Warcry","Life Link","Armaments"],"picked":"SKIP","floor":4},{"not_picked":["Body Slam","DDmod:CallousedSkill"],"picked":"conspire:Charge","floor":7},{"not_picked":["Abandon","Havoc","DDmod:CallousedSkill"],"picked":"SKIP","floor":8},{"not_picked":["Intimidate","True Grit"],"picked":"Wild Strike","floor":10},{"not_picked":["DDmod:SpikedSkill","conspire:Charge"],"picked":"Shrug It Off","floor":11},{"not_picked":["DDmod:PokeAttack","Rupture"],"picked":"Inflame","floor":13},{"not_picked":["DDmod:PlatedThornsSkill","Double Tap"],"picked":"Juggernaut","floor":16},{"not_picked":["Uppercut","Disarm","Armaments"],"picked":"SKIP","floor":18},{"not_picked":["Headbutt+1","Defy Death"],"picked":"Shrug It Off","floor":20},{"not_picked":["DDmod:CallousedSkill","Perfected Strike"],"picked":"Spot Weakness+1","floor":22}],"player_experience":833186,"relics_obtained":[{"floor":9,"key":"aspiration:TomeofQuesting"},{"floor":10,"key":"Strawberry"}],"event_choices":[{"cards_removed":["Bash"],"damage_healed":0,"gold_gain":0,"player_choice":"Forget","damage_taken":0,"max_hp_gain":0,"max_hp_loss":0,"event_name":"Living Wall","floor":2,"gold_loss":0},{"damage_healed":0,"gold_gain":0,"player_choice":"Forge","damage_taken":0,"max_hp_gain":0,"max_hp_loss":0,"event_name":"Accursed Blacksmith","floor":5,"gold_loss":0,"cards_upgraded":["Replay:Dark Deal"]},{"damage_healed":4,"gold_gain":0,"player_choice":"LEAVE ","damage_taken":0,"relics_obtained":[],"max_hp_gain":0,"max_hp_loss":0,"event_name":"betterSkull:BetterSkull","floor":21,"gold_loss":0,"cards_upgraded":[]}],"is_beta":false,"boss_relics":[{"not_picked":["halation:Yufonium","Replay:Grab Bag","aspiration:FutureDiary"]}],"items_purged_floors":[19],"is_endless":false,"potions_floor_spawned":[1,10,11,20,22],"killed_by":"Snecko","ascension_level":14}}