{"host":"y89x8uui45kcjy42","time":1612585868,"event":{"mods":["2.2 Compatiblity","BaseMod","CapriCore","Colored Map","Colored Powertips","Custom Start","Friendly Minions","Keyboard Shortcuts","Minty Spire (QoL Compilation)","Relic Stats","Slay the Relics Exporter","StSLib","SuperFastMode","Uncapped"],"gold_per_floor":[110,110,54,66,78,104,104,120,120,148,164,55,55,83,83,157,157,176,101,116,116,116,148,158,188,188,215,230,230,15,33,33,110,110,120,84,102,102,102,102,102,102,102,102,102,46,77,77],"floor_reached":49,"language":"KOR","playtime":1249,"items_purged":["Demon Form"],"score":3368,"play_id":"ba2977a4-8b14-4054-a610-e9554cb23926","local_time":"20210206133108","is_ascension_mode":true,"campfire_choices":[{"floor":13,"key":"RECALL"},{"data":"Purity","floor":40,"key":"SMITH"}],"circlet_count":0,"master_deck":["Beam Cell+1","Finesse+1","Flash of Steel+1","Flash of Steel+1","Purity+1"],"relics":["Coffee Dripper","TheAbacus","Sundial","Potion Belt","Ancient Tea Set","Darkstone Periapt","Dream Catcher","Mummified Hand","WristBlade","Paper Frog","Vajra","InkBottle","TungstenRod","Letter Opener","Smiling Mask","ClockworkSouvenir","Kunai","Shuriken","TheAbacus","Mercury Hourglass","Sundial","Calipers","Anchor"],"acts_visited":["Exordium","TheCity","TheBeyond","TheEnding"],"potions_floor_usage":[4,46,48,48,48,48],"damage_taken":[{"damage":0,"enemies":"Cultist","floor":1,"turns":1},{"damage":0,"enemies":"Jaw Worm","floor":4,"turns":1},{"damage":0,"enemies":"2 Louse","floor":5,"turns":1},{"damage":0,"enemies":"Gremlin Nob","floor":6,"turns":1},{"damage":0,"enemies":"Looter","floor":8,"turns":1},{"damage":0,"enemies":"3 Sentries","floor":10,"turns":3},{"damage":0,"enemies":"2 Fungi Beasts","floor":11,"turns":1},{"damage":0,"enemies":"Gremlin Nob","floor":14,"turns":1},{"damage":0,"enemies":"The Guardian","floor":16,"turns":1},{"damage":0,"enemies":"Chosen","floor":18,"turns":1},{"damage":0,"enemies":"3 Byrds","floor":20,"turns":1},{"damage":0,"enemies":"Gremlin Leader","floor":23,"turns":1},{"damage":0,"enemies":"Centurion and Healer","floor":24,"turns":1},{"damage":0,"enemies":"Slavers","floor":25,"turns":1},{"damage":0,"enemies":"Gremlin Leader","floor":27,"turns":1},{"damage":0,"enemies":"Snake Plant","floor":28,"turns":1},{"damage":0,"enemies":"Cultist and Chosen","floor":31,"turns":1},{"damage":0,"enemies":"Champ","floor":33,"turns":1},{"damage":0,"enemies":"Orb Walker","floor":35,"turns":1},{"damage":1,"enemies":"3 Shapes","floor":37,"turns":1},{"damage":0,"enemies":"Awakened One","floor":42,"turns":2},{"damage":0,"enemies":"Donu and Deca","floor":43,"turns":1},{"damage":0,"enemies":"Shield and Spear","floor":47,"turns":1},{"damage":0,"enemies":"The Heart","floor":48,"turns":5}],"seed_played":"-1492668618979848252","potions_obtained":[{"floor":0,"key":"Fire Potion"},{"floor":0,"key":"AttackPotion"},{"floor":0,"key":"Fruit Juice"},{"floor":4,"key":"Energy Potion"},{"floor":8,"key":"SteroidPotion"},{"floor":16,"key":"Dexterity Potion"},{"floor":23,"key":"DistilledChaos"},{"floor":27,"key":"BloodPotion"}],"is_trial":false,"path_per_floor":["M","T","$","M","M","E","?","M","T","E","M","$","R","E","R","B",null,"M","?","M","$","?","E","M","E","T","E","M","?","$","M","R","B",null,"M","$","M","?","T","R","?","B","B",null,"R","$","E","B",null],"character_chosen":"IRONCLAD","items_purchased":["Dexterity Potion","HeartOfIron","ClockworkSouvenir","TheAbacus","Mercury Hourglass","Strength Potion"],"campfire_rested":0,"item_purchase_floors":[3,12,30,36,36,46],"current_hp_per_floor":[68,68,68,73,73,73,73,73,73,73,73,73,73,73,73,73,78,78,78,78,78,55,55,55,55,55,55,55,50,50,50,50,50,76,76,76,75,75,75,75,75,75,75,83,83,85,85,85],"gold":77,"neow_bonus":"THREE_SMALL_POTIONS","is_daily":false,"chose_seed":false,"campfire_upgraded":1,"win_rate":0.0,"timestamp":1612585868,"path_taken":["M","?","$","M","M","E","?","M","T","E","?","?","R","E","R","BOSS","M","?","M","$","?","E","M","E","T","E","M","?","$","?","R","BOSS","M","$","M","?","?","R","?","BOSS","BOSS","R","$","E","BOSS"],"items_purchased_type":["Potion","Potion","Relic","Relic","Relic","Potion"],"build_version":"2020-12-22","purchased_purges":1,"victory":true,"max_hp_per_floor":[75,75,75,80,80,80,80,80,80,80,80,80,80,80,80,80,80,80,80,80,80,85,85,85,85,85,85,85,85,85,85,85,85,85,85,85,85,85,85,85,85,85,85,85,85,85,85,85],"relic_stats":{"Darkstone Periapt":0,"counters":[24,31],"Letter Opener":[0],"Smiling Mask":25,"Mercury Hourglass":[48],"Dream Catcher":0,"TheAbacus":[2718],"Sundial":[294],"Mummified Hand":[1],"Shuriken":[53],"Kunai":[53],"obtain_stats":[{"Potion Belt":0,"Darkstone Periapt":9,"Calipers":42,"Vajra":18,"Letter Opener":26,"Ancient Tea Set":6,"Smiling Mask":27,"Burning Blood":0,"ClockworkSouvenir":30,"Mercury Hourglass":36,"Dream Catcher":10,"Anchor":42,"TheAbacus":0,"WristBlade":17,"Sundial":0,"Mummified Hand":14,"Shuriken":31,"Coffee Dripper":0,"Kunai":31,"InkBottle":23,"TungstenRod":25,"Paper Frog":18},{"Potion Belt":0,"Darkstone Periapt":5,"Calipers":21,"Vajra":10,"Letter Opener":14,"Ancient Tea Set":4,"Smiling Mask":15,"Burning Blood":0,"ClockworkSouvenir":16,"Mercury Hourglass":19,"Dream Catcher":6,"Anchor":21,"TheAbacus":0,"WristBlade":9,"Sundial":0,"Mummified Hand":8,"Shuriken":17,"Coffee Dripper":0,"Kunai":17,"InkBottle":12,"TungstenRod":14,"Paper Frog":10},{"Potion Belt":0,"Darkstone Periapt":5,"Calipers":23,"Vajra":12,"Letter Opener":16,"Ancient Tea Set":4,"Smiling Mask":17,"Burning Blood":0,"ClockworkSouvenir":18,"Mercury Hourglass":21,"Dream Catcher":8,"Anchor":23,"TheAbacus":0,"WristBlade":11,"Sundial":0,"Mummified Hand":10,"Shuriken":19,"Coffee Dripper":0,"Kunai":19,"InkBottle":14,"TungstenRod":16,"Paper Frog":12}],"InkBottle":[2],"TungstenRod":2},"card_choices":[{"not_picked":["Armaments","Immolate","Perfected Strike"],"picked":"SKIP","floor":1},{"not_picked":["Infernal Blade","Anger","Iron Wave"],"picked":"SKIP","floor":4},{"not_picked":["Rage","Pummel","Cleave"],"picked":"SKIP","floor":5},{"not_picked":["Twin Strike","Pommel Strike","Sever Soul"],"picked":"SKIP","floor":6},{"not_picked":["Pommel Strike","Power Through","Twin Strike"],"picked":"SKIP","floor":8},{"not_picked":["Heavy Blade","Searing Blow","Fire Breathing"],"picked":"SKIP","floor":10},{"not_picked":["Pommel Strike","Perfected Strike","Metallicize"],"picked":"SKIP","floor":11},{"not_picked":["Searing Blow","Spot Weakness","Blood for Blood"],"picked":"SKIP","floor":14},{"not_picked":["Immolate","Fiend Fire"],"picked":"Demon Form","floor":16},{"not_picked":["True Grit","Cleave","Feel No Pain"],"picked":"SKIP","floor":18},{"not_picked":["Carnage","Heavy Blade","Bloodletting"],"picked":"SKIP","floor":20},{"not_picked":["Havoc","Combust+1","Ghostly Armor"],"picked":"SKIP","floor":23},{"not_picked":["Sever Soul","True Grit+1","Pommel Strike"],"picked":"SKIP","floor":24},{"not_picked":["Perfected Strike","Double Tap","Clothesline"],"picked":"SKIP","floor":25},{"not_picked":["Rampage","Dark Embrace","Thunderclap+1"],"picked":"SKIP","floor":27},{"not_picked":["Flame Barrier","Sever Soul","Blood for Blood"],"picked":"SKIP","floor":28},{"not_picked":["Sever Soul","Combust","Wild Strike+1"],"picked":"SKIP","floor":31},{"not_picked":["Sword Boomerang+1","Hemokinesis","Shrug It Off"],"picked":"SKIP","floor":35},{"not_picked":["Combust","Clash","Iron Wave"],"picked":"SKIP","floor":37},{"not_picked":["Discovery","Deep Breath"],"picked":"Purity","floor":38},{"not_picked":["Twin Strike","Carnage","Rupture"],"picked":"SKIP","floor":47}],"player_experience":682450,"relics_obtained":[{"floor":6,"key":"Ancient Tea Set"},{"floor":9,"key":"Darkstone Periapt"},{"floor":10,"key":"Dream Catcher"},{"floor":14,"key":"Mummified Hand"},{"floor":23,"key":"InkBottle"},{"floor":25,"key":"TungstenRod"},{"floor":26,"key":"Letter Opener"},{"floor":27,"key":"Smiling Mask"},{"floor":39,"key":"Sundial"}],"event_choices":[{"damage_healed":0,"gold_gain":0,"player_choice":"Ignored","damage_taken":0,"max_hp_gain":0,"max_hp_loss":0,"event_name":"Accursed Blacksmith","floor":7,"gold_loss":0},{"cards_removed":["Dropkick"],"damage_healed":0,"gold_gain":0,"player_choice":"Gave Gold","damage_taken":0,"max_hp_gain":0,"max_hp_loss":0,"event_name":"Beggar","floor":19,"gold_loss":75},{"damage_healed":0,"gold_gain":0,"player_choice":"Shed Blood","damage_taken":28,"max_hp_gain":5,"max_hp_loss":0,"event_name":"Forgotten Altar","floor":22,"gold_loss":0},{"damage_healed":0,"gold_gain":0,"player_choice":"","damage_taken":6,"max_hp_gain":0,"max_hp_loss":0,"event_name":"Knowing Skull","floor":29,"potions_obtained":[],"gold_loss":0,"cards_obtained":[]},{"damage_healed":0,"gold_gain":0,"player_choice":"Memory 1","damage_taken":0,"max_hp_gain":0,"max_hp_loss":0,"event_name":"SensoryStone","floor":38,"gold_loss":0},{"damage_healed":0,"gold_gain":0,"player_choice":"Took Portal","damage_taken":0,"max_hp_gain":0,"max_hp_loss":0,"event_name":"SecretPortal","floor":41,"gold_loss":0}],"is_beta":false,"boss_relics":[{"not_picked":["Busted Crown","Runic Pyramid","Fusion Hammer"]},{"not_picked":["Empty Cage","Runic Dome","Coffee Dripper"]}],"items_purged_floors":[30],"is_endless":false,"potions_floor_spawned":[4,8,11,16,23,24,27,28,37],"ascension_level":20}}