{"host":"dth8fvkfiulu86fi","time":1612615989,"event":{"mods":["2.2 Compatiblity","AchievementEnabler","BaseMod","Better Third Choice","Colored Map","Colored Powertips","Minty Spire (QoL Compilation)","Rare Cards Sparkle","StSLib","SuperFastMode","Synergy Search"],"gold_per_floor":[114,129,54,129,144,174,189,219,269,284,299,329,344,344,344,444,444,459,474,198,108,138,138,29,29,29,44,74,89,104,21,21,121,121,136,151,80,95,95,95],"floor_reached":39,"language":"ENG","playtime":1786,"items_purged":["Escape Plan","Skewer+1"],"score":445,"play_id":"5439aeb9-3c77-47be-ae27-426d2a537a7c","local_time":"20210206135309","daily_mods":["Draft","Diverse","DeadlyEvents"],"is_ascension_mode":false,"campfire_choices":[{"data":"Skewer","floor":15,"key":"SMITH"},{"data":"Flex","floor":23,"key":"SMITH"},{"data":"Mind Blast","floor":25,"key":"SMITH"},{"floor":32,"key":"REST"}],"circlet_count":0,"master_deck":["Iron Wave","Cloak And Dagger","Clothesline+1","Gash","Cloak And Dagger","Beam Cell","Pommel Strike","Deadly Poison","Intimidate","Deadly Poison","Stack","Flex+1","Bane","Go for the Eyes","Shrug It Off","Conserve Battery","Go for the Eyes","Conserve Battery","Poisoned Stab","After Image+1","Consecrate","Mind Blast+1","Ball Lightning","Finesse+1","Distraction+1","Night Terror+1","Clothesline","Prostrate+1","Slice"],"relics":["Ring of the Snake","Frozen Egg 2","Ancient Tea Set","Dream Catcher","Mercury Hourglass","Busted Crown","Snake Skull","Centennial Puzzle","Vajra","Toxic Egg 2","WristBlade"],"acts_visited":["Exordium","TheCity","TheBeyond"],"potions_floor_usage":[8],"damage_taken":[{"damage":2,"enemies":"Small Slimes","floor":1,"turns":3},{"damage":0,"enemies":"2 Louse","floor":2,"turns":2},{"damage":0,"enemies":"Cultist","floor":5,"turns":2},{"damage":1,"enemies":"Gremlin Nob","floor":6,"turns":3},{"damage":4,"enemies":"Red Slaver","floor":7,"turns":2},{"damage":13,"enemies":"Lagavulin","floor":8,"turns":4},{"damage":0,"enemies":"Looter","floor":10,"turns":3},{"damage":7,"enemies":"3 Louse","floor":11,"turns":3},{"damage":1,"enemies":"Gremlin Nob","floor":12,"turns":4},{"damage":0,"enemies":"Exordium Wildlife","floor":13,"turns":2},{"damage":37,"enemies":"The Guardian","floor":16,"turns":8},{"damage":4,"enemies":"Spheric Guardian","floor":18,"turns":4},{"damage":0,"enemies":"Chosen","floor":19,"turns":3},{"damage":4,"enemies":"Book of Stabbing","floor":22,"turns":5},{"damage":7,"enemies":"Shelled Parasite and Fungi","floor":27,"turns":3},{"damage":14,"enemies":"Slavers","floor":28,"turns":4},{"damage":1,"enemies":"Chosen and Byrds","floor":29,"turns":3},{"damage":1,"enemies":"Cultist and Chosen","floor":30,"turns":4},{"damage":38,"enemies":"Automaton","floor":33,"turns":9},{"damage":20,"enemies":"3 Darklings","floor":35,"turns":5},{"damage":9,"enemies":"Orb Walker","floor":36,"turns":3},{"damage":27,"enemies":"3 Darklings","floor":38,"turns":4},{"damage":19,"enemies":"Spire Growth","floor":39,"turns":3}],"seed_played":"5285009320175426936","potions_obtained":[{"floor":2,"key":"Explosive Potion"},{"floor":5,"key":"CunningPotion"},{"floor":7,"key":"ColorlessPotion"},{"floor":11,"key":"LiquidBronze"},{"floor":30,"key":"EntropicBrew"}],"is_trial":false,"path_per_floor":["M","M","$","?","M","E","M","E","T","M","M","E","M","?","R","B",null,"M","M","$","?","E","R","$","R","T","M","E","M","M","$","R","B",null,"M","M","$","M","M"],"character_chosen":"THE_SILENT","items_purchased":["Snake Skull","Consecrate","Mind Blast","Ball Lightning","Finesse+1","Prostrate+1","Slice"],"campfire_rested":1,"item_purchase_floors":[20,20,24,24,31,37,37],"current_hp_per_floor":[68,68,68,57,57,56,52,39,39,39,32,31,31,54,54,17,70,66,66,66,66,62,62,62,62,62,55,41,40,39,39,60,22,70,50,41,41,14,0,0],"gold":95,"neow_bonus":"","is_daily":true,"chose_seed":false,"campfire_upgraded":3,"win_rate":0.0,"timestamp":1612615989,"path_taken":["M","M","$","?","M","E","M","E","T","M","M","E","M","?","R","BOSS","M","M","$","?","?","R","$","R","T","M","?","?","M","$","R","BOSS","M","M","$","M","M"],"items_purchased_type":["Relic","Card","Card","Card","Card","Card","Card"],"build_version":"2020-12-22","purchased_purges":2,"victory":false,"max_hp_per_floor":[70,70,70,70,70,70,70,70,70,70,70,70,70,70,70,70,70,70,70,70,70,70,70,70,70,70,70,70,70,70,70,70,70,70,70,70,70,70,70,70],"card_choices":[{"not_picked":["Rupture","Lockon"],"picked":"Havoc","floor":0},{"not_picked":["Armaments","Clothesline"],"picked":"Iron Wave","floor":0},{"not_picked":["PathToVictory","Hello World"],"picked":"Escape Plan","floor":0},{"not_picked":["Body Slam","Perseverance"],"picked":"Cloak And Dagger","floor":0},{"not_picked":["Force Field","Prepared"],"picked":"Clothesline","floor":0},{"not_picked":["Auto Shields","Headbutt"],"picked":"Gash","floor":0},{"not_picked":["Blizzard","Clash"],"picked":"Skewer","floor":0},{"not_picked":["Warcry","FollowUp"],"picked":"Cloak And Dagger","floor":0},{"not_picked":["TalkToTheHand","Cold Snap"],"picked":"Beam Cell","floor":0},{"not_picked":["Compile Driver","Entrench"],"picked":"Pommel Strike","floor":0},{"not_picked":["Sweeping Beam","Clash"],"picked":"Deadly Poison","floor":0},{"not_picked":["Quick Slash","Rip and Tear"],"picked":"Intimidate","floor":0},{"not_picked":["Rupture","EmptyBody"],"picked":"Deadly Poison","floor":0},{"not_picked":["EmptyFist","WreathOfFlame"],"picked":"Stack","floor":0},{"not_picked":["Wild Strike","Underhanded Strike"],"picked":"Flex","floor":0},{"not_picked":["Perfected Strike","SashWhip"],"picked":"Bane","floor":1},{"not_picked":["Headbutt","Havoc"],"picked":"Go for the Eyes","floor":2},{"not_picked":["Adaptation","Clash"],"picked":"Shrug It Off","floor":5},{"not_picked":["Ball Lightning","Crescendo","Infernal Blade"],"picked":"SKIP","floor":6},{"not_picked":["Omniscience","Evaluate"],"picked":"Conserve Battery","floor":7},{"not_picked":["ThirdEye","Acrobatics"],"picked":"Go for the Eyes","floor":8},{"not_picked":["Heavy Blade","Carnage"],"picked":"Conserve Battery","floor":10},{"not_picked":["Underhanded Strike","Escape Plan","Crescendo"],"picked":"SKIP","floor":11},{"not_picked":["MasterReality+1","Go for the Eyes"],"picked":"Poisoned Stab","floor":12},{"not_picked":["Hologram","Hemokinesis","Expertise"],"picked":"SKIP","floor":13},{"not_picked":["Buffer+1","Berserk+1"],"picked":"After Image+1","floor":16},{"not_picked":["ClearTheMind+1"],"picked":"SKIP","floor":18},{"not_picked":["Cloak And Dagger"],"picked":"SKIP","floor":19},{"not_picked":["InnerPeace"],"picked":"SKIP","floor":22},{"not_picked":["Sucker Punch"],"picked":"SKIP","floor":27},{"not_picked":["CutThroughFate+1"],"picked":"SKIP","floor":28},{"not_picked":["Sunder"],"picked":"SKIP","floor":29},{"not_picked":["WreathOfFlame+1"],"picked":"SKIP","floor":30},{"not_picked":[],"picked":"Distraction+1","floor":32},{"not_picked":[],"picked":"Night Terror+1","floor":33},{"not_picked":["Dagger Throw"],"picked":"SKIP","floor":35},{"not_picked":[],"picked":"Clothesline","floor":36},{"not_picked":["WreathOfFlame+1"],"picked":"SKIP","floor":38}],"player_experience":1169987,"relics_obtained":[{"floor":6,"key":"Frozen Egg 2"},{"floor":8,"key":"Ancient Tea Set"},{"floor":9,"key":"Dream Catcher"},{"floor":12,"key":"Mercury Hourglass"},{"floor":22,"key":"Centennial Puzzle"},{"floor":26,"key":"Vajra"},{"floor":28,"key":"Toxic Egg 2"}],"event_choices":[{"damage_healed":0,"gold_gain":75,"player_choice":"Gold","damage_taken":11,"max_hp_gain":0,"max_hp_loss":0,"event_name":"betterThird:BetterGoop","floor":4,"gold_loss":0},{"damage_healed":23,"gold_gain":0,"player_choice":"Banana","damage_taken":0,"max_hp_gain":0,"max_hp_loss":0,"event_name":"Big Fish","floor":14,"gold_loss":0},{"cards_removed":["Havoc"],"damage_healed":0,"gold_gain":0,"player_choice":"Upgrade and Remove","damage_taken":0,"max_hp_gain":0,"max_hp_loss":0,"event_name":"Designer","floor":21,"gold_loss":90,"cards_upgraded":["Clothesline"]}],"is_beta":false,"boss_relics":[{"not_picked":["Astrolabe","Sozu"],"picked":"Busted Crown"},{"not_picked":["Fusion Hammer","Empty Cage"],"picked":"WristBlade"}],"items_purged_floors":[3,20],"is_endless":false,"potions_floor_spawned":[2,5,7,11,19,30,33,36],"killed_by":"Spire Growth","ascension_level":0}}