{"host":"684z1xpuwaoqmmh1","time":1612616970,"event":{"mods":["A Magickal Journey","Astrologer","BaseMod","Downfall","Hermit","Jorbs\u0027s Wanderer Trilogy","Marisa????????","Minty Spire (QoL Compilation)","Robot Space Explorer","Shade Mod","StSLib","The Bug Knight","The Dragon Tamer","The Elementalist","The Hayseed","The Hierophant","The Marked","The Mystic","The Runesmith","The Saiyan","The Senshi","The Spell Scribe","The Vixen","TheBandit","TheFirefly"],"gold_per_floor":[110,110,125,142,157,157,177,205,205,205,234,234,234,234],"floor_reached":13,"language":"ENG","playtime":665,"items_purged":[],"score":152,"play_id":"17b8c828-f189-4bd1-b6c5-57d0b073c0ac","local_time":"20210206150930","is_ascension_mode":true,"campfire_choices":[{"data":"theSenshi:SailorMercuryAssists","floor":6,"key":"SMITH"},{"floor":10,"key":"REST"},{"data":"theSenshi:SailorNeptuneAssists","floor":12,"key":"SMITH"}],"circlet_count":0,"master_deck":["AscendersBane","theSenshi:SailorKick","theSenshi:SailorKick","theSenshi:SailorKick","theSenshi:SailorBlock","theSenshi:SailorBlock","theSenshi:SailorBlock","theSenshi:SailorBlock","theSenshi:RoseThrow","theSenshi:MoonPrismPowerMakeUp","theSenshi:MoonTiaraMagic","theSenshi:MoonlightKnight","theSenshi:VenusGlamour","theSenshi:SailorMercuryAssists+1","theSenshi:SailorJupiterAssists","theSenshi:GatheringStrength","theSenshi:SailorNeptuneAssists+1","theSenshi:GlimpseOfThePast"],"relics":["theSenshi:TransformationBroochRelic","Omamori","theSenshi:RoseRelic"],"acts_visited":["Exordium"],"potions_floor_usage":[7,8,13],"damage_taken":[{"damage":1.0,"enemies":"2 Louse","floor":1.0,"turns":3.0},{"damage":0,"enemies":"Cultist","floor":3,"turns":4},{"damage":0,"enemies":"Small Slimes","floor":4,"turns":3},{"damage":0,"enemies":"Looter","floor":5,"turns":4},{"damage":13,"enemies":"Exordium Thugs","floor":7,"turns":4},{"damage":43,"enemies":"Gremlin Nob","floor":8,"turns":6},{"damage":6,"enemies":"HollowMod:MossKnight","floor":11,"turns":15},{"damage":55,"enemies":"Gremlin Nob","floor":13,"turns":5}],"seed_played":"559159421552390246","potions_obtained":[{"floor":3,"key":"ColorlessPotion"},{"floor":5,"key":"sneckomod:MuddlingPotion"},{"floor":7,"key":"PowerPotion"},{"floor":8,"key":"DuplicationPotion"}],"is_trial":false,"path_per_floor":["M","?","M","M","M","R","M","E","T","R","E","R","E"],"character_chosen":"THE_SENSHI","items_purchased":[],"campfire_rested":1,"item_purchase_floors":[],"current_hp_per_floor":[74,74,74,74,74,74,61,18,18,42,36,36,0,0],"gold":234,"neow_bonus":"TEN_PERCENT_HP_BONUS","is_daily":false,"chose_seed":false,"campfire_upgraded":2,"win_rate":0.0,"timestamp":1612616970,"path_taken":["M","?","M","M","M","R","M","E","T","R","E","R","E"],"items_purchased_type":[],"build_version":"2020-12-22","purchased_purges":0,"victory":false,"max_hp_per_floor":[82,82,82,82,82,82,82,82,82,82,82,82,82,82],"card_choices":[{"not_picked":["theSenshi:MoonCosmicPowerMakeUp","theSenshi:MarsPride"],"picked":"theSenshi:MoonTiaraMagic","floor":1.0},{"not_picked":["theSenshi:MoonTiaraMagic","theSenshi:SailorStarMakerAssists"],"picked":"theSenshi:VenusGlamour","floor":3},{"not_picked":["theSenshi:InTheNickOfTime","theSenshi:MoonKick"],"picked":"theSenshi:SailorMercuryAssists","floor":4},{"not_picked":["theSenshi:Sidestep","theSenshi:MoonKick"],"picked":"theSenshi:SailorJupiterAssists","floor":5},{"not_picked":["theSenshi:TallSilhouette","theSenshi:TuxedoSmokingBomber"],"picked":"theSenshi:GatheringStrength","floor":7},{"not_picked":["theSenshi:SailorPlutoAssists","theSenshi:SailorMercuryAssists"],"picked":"theSenshi:SailorNeptuneAssists","floor":8},{"not_picked":["theSenshi:DramaticEntrance","theSenshi:LunaWiseMentor"],"picked":"theSenshi:GlimpseOfThePast","floor":11}],"player_experience":3203785,"relics_obtained":[{"floor":8,"key":"Omamori"},{"floor":11,"key":"theSenshi:RoseRelic"}],"event_choices":[{"damage_healed":0,"gold_gain":0,"cards_transformed":["theSenshi:SailorKick"],"player_choice":"Transformed","damage_taken":0,"max_hp_gain":0,"max_hp_loss":0,"event_name":"Transmorgrifier","floor":2,"gold_loss":0,"cards_obtained":["theSenshi:MoonlightKnight"]}],"is_beta":false,"boss_relics":[],"items_purged_floors":[],"is_endless":false,"potions_floor_spawned":[3,5,7,8],"killed_by":"Gremlin Nob","ascension_level":12}}