{"host":"yajbwjoofeeg2olc","time":1612634629,"event":{"mods":["AchievementEnabler","Arknights","Aspiration","Bard","BaseMod","Beaked The Cultist","Better Altar","Better Match","Better Note","Better Sensory Stone","Better Skull","Better Third Choice","BetterRewards","CCEM2","Clockwork Mod","Colored Map","Colored Powertips","Conspire","GifTheSpireLib","Gremlin Mod","Halation","Hermit","Highlight Path","Hubris","Hunter ??","Jedi Mod","Jorbs\u0027s Wanderer Trilogy","Mad Scientist","Marisa????????","Mimic Mod","Minty Spire (QoL Compilation)","Permanent Neow","Replay The Spire","Robot Space Explorer","Shade Mod","Shop Mod","Spicy Shops","StSLib","Stuff the Spire","The Administrix","The Animator","The Blackbeard","The Bug Knight","The Construct","The Cursed","The Death Knight","The Disciple","The Exalted","The Forsaken","The Marked","The Mystic","The Necromancer","The Problem Sleuth","The Runesmith","The Servant 0.9.4","The Spell Scribe","The Witch","TheHero"],"gold_per_floor":[117,117,117,137,154,181,181,212,249,249,265,265,276,71,71,172,172,186,186,204,204,204,239,258,258,258],"floor_reached":25,"language":"ENG","playtime":1639,"items_purged":[],"score":231,"play_id":"6713b03a-acf9-4c74-8bcd-e587d80978dd","local_time":"20210206180349","is_ascension_mode":false,"campfire_choices":[{"data":"theMarked:ComboAttacks","floor":7,"key":"SMITH"},{"floor":10,"key":"REST"},{"data":"theMarked:SoldierOfQuellstein","floor":12,"key":"SMITH"},{"floor":15,"key":"REST"}],"circlet_count":0,"master_deck":["theMarked:Strike","theMarked:Strike","theMarked:Strike","theMarked:Strike","theMarked:Defend","theMarked:Defend","theMarked:Defend","theMarked:Defend","theMarked:SoldierOfQuellstein+1","theMarked:KeepCalmAndFight","theMarked:RogueSparks","Injury","theMarked:Aftermath","theMarked:Improvise","theMarked:ComboAttacks+1","theMarked:ParalyzingBlade","theMarked:WardOff","theMarked:BanishingStrike+1","theMarked:OneWithTheBlade","theMarked:Opportunist","Regret","theMarked:EternalStudent","theMarked:Determination","theMarked:SwordAndMagic+1","theMarked:WardOff","theMarked:ParalyzingBlade"],"relics":["theMarked:ArtifactOfAir","hubris:Icosahedron","Molten Egg 2","hubris:DeckOfHolding","Ancient Tea Set","Blood Vial","theMarked:SpiritSword","halation:StarCompass","hubris:Towel","Quantum Egg"],"acts_visited":["Exordium","TheCity"],"potions_floor_usage":[16,16,24,25],"damage_taken":[{"damage":7,"enemies":"Small Slimes","floor":1,"turns":4},{"damage":3,"enemies":"Jaw Worm","floor":4,"turns":4},{"damage":0,"enemies":"2 Louse","floor":5,"turns":2},{"damage":21,"enemies":"Lagavulin","floor":6,"turns":5},{"damage":22,"enemies":"Gremlin Nob","floor":8,"turns":4},{"damage":1,"enemies":"Exordium Thugs","floor":9,"turns":5},{"damage":7,"enemies":"Exordium Thugs","floor":11,"turns":4},{"damage":0,"enemies":"2 Fungi Beasts","floor":13,"turns":2},{"damage":40,"enemies":"The Guardian","floor":16,"turns":8},{"damage":27,"enemies":"2 Thieves","floor":18,"turns":4},{"damage":20,"enemies":"Shell Parasite","floor":20,"turns":5},{"damage":2,"enemies":"conspire:Head Lice","floor":23,"turns":5},{"damage":5,"enemies":"3 Cultists","floor":24,"turns":4},{"damage":25,"enemies":"Book of Stabbing","floor":25,"turns":2}],"seed_played":"-5702908807295982359","potions_obtained":[{"floor":5,"key":"BlessingOfTheForge"},{"floor":6,"key":"Regen Potion"},{"floor":11,"key":"PowerPotion"},{"floor":16,"key":"SpeedPotion"},{"floor":20,"key":"Energy Potion"},{"floor":24,"key":"FearPotion"}],"is_trial":false,"path_per_floor":["M","?","?","M","M","E","R","E","MIM","R","M","R","M","$","R","B",null,"M","?","M","?","?","E","M","E"],"character_chosen":"THE_DEFAULT","items_purchased":["theMarked:OneWithTheBlade","theMarked:Opportunist","Blood Vial"],"campfire_rested":2,"item_purchase_floors":[14,14,14],"current_hp_per_floor":[63,63,63,60,60,39,39,17,16,37,30,30,30,30,51,28,70,43,43,25,25,25,25,22,0,0],"gold":258,"neow_bonus":"TRANSFORM_CARD","is_daily":false,"chose_seed":false,"campfire_upgraded":2,"win_rate":0.0,"timestamp":1612634629,"path_taken":["M","?","?","M","M","E","R","E","MIM","R","M","R","M","$","R","BOSS","M","?","M","?","?","E","?","E"],"items_purchased_type":["Card","Card","Relic"],"build_version":"2020-12-22","purchased_purges":0,"victory":false,"max_hp_per_floor":[70,70,70,70,70,70,70,70,70,70,70,70,70,70,70,70,70,70,70,70,70,70,70,70,70,70],"card_choices":[{"not_picked":["theMarked:Memento","theMarked:TakeCover"],"picked":"theMarked:RogueSparks","floor":1},{"not_picked":["theMarked:RepellingDischarge","theMarked:Determination"],"picked":"theMarked:Aftermath","floor":4},{"not_picked":["theMarked:Panic","theMarked:ChainLightning+1"],"picked":"theMarked:Improvise","floor":5},{"not_picked":["theMarked:Improvise","theMarked:HeightenedSenses"],"picked":"theMarked:ComboAttacks","floor":6},{"not_picked":["theMarked:HeightenedSenses","theMarked:Snap+1"],"picked":"theMarked:ParalyzingBlade","floor":8},{"not_picked":["theMarked:WastefulAttack+1","theMarked:RepellingDischarge"],"picked":"theMarked:WardOff","floor":11},{"not_picked":["theMarked:Friction","theMarked:Parkour+1"],"picked":"theMarked:BanishingStrike+1","floor":13},{"not_picked":["theMarked:ThrowWeapon+1","theMarked:DispelDoubt+1"],"picked":"theMarked:EternalStudent","floor":16},{"not_picked":["theMarked:Aftermath","theMarked:WastefulAttack+1"],"picked":"theMarked:Determination","floor":18},{"not_picked":["theMarked:Overthink+1","theMarked:KeepCalmAndFight+1"],"picked":"theMarked:SwordAndMagic+1","floor":20},{"not_picked":["theMarked:ContemptForTheProud+1","theMarked:SwordAndMagic+1","theMarked:WardOff"],"picked":"SKIP","floor":23},{"not_picked":["theMarked:ContemptForTheProud+1","theMarked:SwordAndMagic+1"],"picked":"theMarked:WardOff","floor":23},{"not_picked":["theMarked:Parkour+1","theMarked:ChainLightning+1"],"picked":"theMarked:ParalyzingBlade","floor":24}],"player_experience":276436,"relics_obtained":[{"floor":6,"key":"hubris:DeckOfHolding"},{"floor":8,"key":"Ancient Tea Set"},{"floor":23,"key":"Quantum Egg"}],"event_choices":[{"cards_removed":["theMarked:Strike"],"damage_healed":0,"gold_gain":0,"player_choice":"Give","damage_taken":0,"max_hp_gain":0,"max_hp_loss":0,"event_name":"betterNote:BetterNote","floor":19,"gold_loss":0,"cards_obtained":["Runesmith:Strike_RS"]}],"is_beta":false,"boss_relics":[{"not_picked":["conspire:RoyalGoblet","theForsaken:PaleLantern"],"picked":"theMarked:SpiritSword"}],"items_purged_floors":[],"is_endless":false,"potions_floor_spawned":[5,6,11,16,20,24],"killed_by":"Book of Stabbing","ascension_level":0}}