{"host":"2ty4h143nj8vwezc","time":1612589059,"event":{"mods":["BaseMod","Colored Map","Googly Eyes","Highlight Path","Minty Spire (QoL Compilation)","Quick Restart","StSLib"],"gold_per_floor":[118,71,89,89,105,140,140,140,140],"floor_reached":8,"language":"ENG","playtime":532,"items_purged":[],"score":112,"play_id":"cf2c0058-4efa-4e9e-ab78-3124dfa99b59","local_time":"20210206002419","is_ascension_mode":true,"campfire_choices":[{"floor":7,"key":"REST"}],"circlet_count":0,"master_deck":["AscendersBane","Strike_G","Strike_G","Strike_G","Strike_G","Defend_G","Defend_G","Defend_G","Defend_G","Defend_G","Survivor","Neutralize","CurseOfTheBell","Terror","Phantasmal Killer","Skewer","Escape Plan"],"relics":["Calling Bell","Strawberry","Gremlin Horn","Tingsha","Question Card"],"acts_visited":["Exordium"],"potions_floor_usage":[6],"damage_taken":[{"damage":9,"enemies":"Small Slimes","floor":1,"turns":4},{"damage":9,"enemies":"2 Louse","floor":3,"turns":4},{"damage":2,"enemies":"Jaw Worm","floor":5,"turns":6},{"damage":29,"enemies":"3 Sentries","floor":6,"turns":12},{"damage":20,"enemies":"Lagavulin","floor":8,"turns":5}],"seed_played":"-4617418937692980470","potions_obtained":[{"floor":5,"key":"CunningPotion"}],"is_trial":false,"path_per_floor":["M","?","M","?","M","E","R","E"],"character_chosen":"THE_SILENT","items_purchased":[],"campfire_rested":1,"item_purchase_floors":[],"current_hp_per_floor":[57,57,48,48,46,17,38,18,18],"gold":140,"neow_bonus":"BOSS_RELIC","is_daily":false,"chose_seed":false,"campfire_upgraded":0,"win_rate":0.0,"timestamp":1612589059,"path_taken":["M","?","M","?","M","E","R","E"],"items_purchased_type":[],"build_version":"2020-12-22","purchased_purges":0,"victory":false,"max_hp_per_floor":[73,73,73,73,73,73,73,73,73],"card_choices":[{"not_picked":["Dagger Throw","Cloak And Dagger"],"picked":"Terror","floor":1},{"not_picked":["Deflect","Sucker Punch","Calculated Gamble"],"picked":"SKIP","floor":3},{"not_picked":["Deadly Poison","Blur"],"picked":"Skewer","floor":5},{"not_picked":["Acrobatics","Deadly Poison"],"picked":"Escape Plan","floor":6}],"player_experience":346433,"relics_obtained":[{"floor":0,"key":"Strawberry"},{"floor":0,"key":"Gremlin Horn"},{"floor":0,"key":"Tingsha"},{"floor":6,"key":"Question Card"}],"event_choices":[{"damage_healed":0,"gold_gain":0,"player_choice":"Left Gold","damage_taken":0,"max_hp_gain":0,"max_hp_loss":0,"event_name":"World of Goop","floor":2,"gold_loss":47},{"damage_healed":0,"gold_gain":0,"cards_transformed":["Strike_G"],"player_choice":"Change","damage_taken":0,"max_hp_gain":0,"max_hp_loss":0,"event_name":"Living Wall","floor":4,"gold_loss":0,"cards_obtained":["Phantasmal Killer"]}],"is_beta":false,"boss_relics":[],"items_purged_floors":[],"is_endless":false,"potions_floor_spawned":[5],"killed_by":"Lagavulin","ascension_level":20}}