{"host":"owox7x4ngjt9htcc","time":1612617708,"event":{"mods":["BaseMod","Colored Map","DeckTracker","Keyboard Shortcuts","Minty Spire (QoL Compilation)","SuperFastMode"],"gold_per_floor":[114,129,204,8,8,38,53,83,133,133,148,148,163,193,193,293,293,308,323,25,50,50,80,80,6,6,36,66,81,111,126,126,226,226,241,256,271,271,21,21,21,36,36,66,96,111,111,141,141,141],"floor_reached":51,"language":"KOR","playtime":1776,"items_purged":["Havoc"],"score":1108,"play_id":"aedff5d1-c4b1-4c95-add7-1c72f55c74ba","local_time":"20210206222148","daily_mods":["Draft","Diverse","DeadlyEvents"],"is_ascension_mode":false,"campfire_choices":[{"floor":10,"key":"REST"},{"data":"Armaments","floor":12,"key":"SMITH"},{"data":"PathToVictory","floor":15,"key":"SMITH"},{"data":"Body Slam","floor":24,"key":"SMITH"},{"floor":32,"key":"REST"},{"floor":40,"key":"REST"},{"floor":49,"key":"REST"}],"circlet_count":0,"master_deck":["Armaments+1","PathToVictory+1","Body Slam+1","Force Field","Auto Shields","Cloak And Dagger","TalkToTheHand","Pommel Strike","Sweeping Beam","Intimidate","EmptyBody","Stack","Flex","Coolheaded","Shrug It Off","Conserve Battery","Conserve Battery","Escape Plan","Die Die Die","Metallicize+1","Footwork+1","True Grit+1","Footwork+1","Heatsinks+1","White Noise+1","Shrug It Off+1","Prepared+1","Buffer+1","Rampage","Gash+1","Gash","Shockwave+1","Echo Form+1","Acrobatics+1"],"relics":["Ring of the Snake","Lantern","Frozen Egg 2","Ancient Tea Set","Dream Catcher","Mercury Hourglass","Sozu","Bag of Preparation","Red Mask","Centennial Puzzle","Vajra","Pen Nib","Toxic Egg 2","Tough Bandages","PreservedInsect","Fusion Hammer","Sundial","MealTicket","White Beast Statue","Toy Ornithopter","Orichalcum","TungstenRod"],"acts_visited":["Exordium","TheCity","TheBeyond"],"potions_floor_usage":[44,50],"damage_taken":[{"damage":0,"enemies":"Small Slimes","floor":1,"turns":3},{"damage":0,"enemies":"2 Louse","floor":2,"turns":4},{"damage":36,"enemies":"Gremlin Nob","floor":6,"turns":5},{"damage":0,"enemies":"Cultist","floor":7,"turns":3},{"damage":14,"enemies":"Lagavulin","floor":8,"turns":9},{"damage":0,"enemies":"Red Slaver","floor":11,"turns":2},{"damage":0,"enemies":"Looter","floor":13,"turns":1},{"damage":0,"enemies":"Gremlin Nob","floor":14,"turns":3},{"damage":1,"enemies":"The Guardian","floor":16,"turns":10},{"damage":12,"enemies":"Spheric Guardian","floor":18,"turns":4},{"damage":0,"enemies":"Chosen","floor":19,"turns":5},{"damage":0,"enemies":"Masked Bandits","floor":21,"turns":2},{"damage":0,"enemies":"Book of Stabbing","floor":23,"turns":6},{"damage":0,"enemies":"Slavers","floor":27,"turns":3},{"damage":25,"enemies":"Gremlin Leader","floor":28,"turns":4},{"damage":10,"enemies":"Shelled Parasite and Fungi","floor":29,"turns":6},{"damage":0,"enemies":"Slavers","floor":30,"turns":5},{"damage":0,"enemies":"Chosen and Byrds","floor":31,"turns":3},{"damage":0,"enemies":"Automaton","floor":33,"turns":10},{"damage":2,"enemies":"3 Darklings","floor":35,"turns":4},{"damage":0,"enemies":"Orb Walker","floor":36,"turns":4},{"damage":0,"enemies":"3 Darklings","floor":37,"turns":3},{"damage":0,"enemies":"Spire Growth","floor":42,"turns":6},{"damage":0,"enemies":"Reptomancer","floor":44,"turns":5},{"damage":0,"enemies":"Giant Head","floor":45,"turns":6},{"damage":0,"enemies":"Maw","floor":46,"turns":7},{"damage":1,"enemies":"Nemesis","floor":48,"turns":4},{"damage":0,"enemies":"Awakened One","floor":50,"turns":11}],"seed_played":"5285009320175426936","potions_obtained":[{"floor":2,"key":"Explosive Potion"},{"floor":6,"key":"CunningPotion"},{"floor":8,"key":"ColorlessPotion"},{"floor":14,"key":"LiquidBronze"}],"is_trial":false,"path_per_floor":["M","M","?","$","?","E","M","E","T","R","M","R","M","E","R","B",null,"M","M","$","?","T","E","R","$","T","E","E","M","E","M","R","B",null,"M","M","M","?","$","R","?","M","T","E","E","M","T","E","R","B",null],"character_chosen":"THE_SILENT","items_purchased":["Lantern","Coolheaded","Footwork+1","Bag of Preparation","Heatsinks+1","Sundial"],"campfire_rested":4,"item_purchase_floors":[4,4,20,20,25,39],"current_hp_per_floor":[70,70,59,59,64,28,28,14,14,36,36,36,36,36,36,35,75,63,63,63,63,63,63,63,63,63,63,38,28,28,28,50,50,75,73,73,73,73,73,75,75,75,75,75,75,75,75,74,75,75],"gold":141,"neow_bonus":"","is_daily":true,"chose_seed":false,"campfire_upgraded":3,"win_rate":0.0,"timestamp":1612617708,"path_taken":["M","M","?","$","?","E","M","E","T","R","?","R","M","?","R","BOSS","M","M","$","?","?","E","R","?","T","E","?","M","E","?","R","BOSS","M","M","M","?","$","R","?","M","T","E","?","M","?","E","R","BOSS"],"items_purchased_type":["Relic","Card","Card","Relic","Card","Relic"],"build_version":"2020-12-22","purchased_purges":1,"victory":true,"max_hp_per_floor":[70,70,70,70,75,75,75,75,75,75,75,75,75,75,75,75,75,75,75,75,75,75,75,75,75,75,75,75,75,75,75,75,75,75,75,75,75,75,75,75,75,75,75,75,75,75,75,75,75,75],"card_choices":[{"not_picked":["Rupture","Lockon"],"picked":"Havoc","floor":0},{"not_picked":["Clothesline","Iron Wave"],"picked":"Armaments","floor":0},{"not_picked":["Escape Plan","Hello World"],"picked":"PathToVictory","floor":0},{"not_picked":["Cloak And Dagger","Perseverance"],"picked":"Body Slam","floor":0},{"not_picked":["Clothesline","Prepared"],"picked":"Force Field","floor":0},{"not_picked":["Gash","Headbutt"],"picked":"Auto Shields","floor":0},{"not_picked":["Skewer","Blizzard"],"picked":"Clash","floor":0},{"not_picked":["Warcry","FollowUp"],"picked":"Cloak And Dagger","floor":0},{"not_picked":["Beam Cell","Cold Snap"],"picked":"TalkToTheHand","floor":0},{"not_picked":["Compile Driver","Entrench"],"picked":"Pommel Strike","floor":0},{"not_picked":["Deadly Poison","Clash"],"picked":"Sweeping Beam","floor":0},{"not_picked":["Quick Slash","Rip and Tear"],"picked":"Intimidate","floor":0},{"not_picked":["Deadly Poison","Rupture"],"picked":"EmptyBody","floor":0},{"not_picked":["EmptyFist","WreathOfFlame"],"picked":"Stack","floor":0},{"not_picked":["Wild Strike","Underhanded Strike"],"picked":"Flex","floor":0},{"not_picked":["Perfected Strike","SashWhip","Bane"],"picked":"SKIP","floor":1},{"not_picked":["Go for the Eyes","Headbutt","Havoc"],"picked":"SKIP","floor":2},{"not_picked":["Adaptation+1","Clash"],"picked":"Shrug It Off","floor":6},{"not_picked":["Ball Lightning","Crescendo","SashWhip"],"picked":"SKIP","floor":7},{"not_picked":["Omniscience","Evaluate"],"picked":"Conserve Battery","floor":8},{"not_picked":["Heavy Blade","Carnage"],"picked":"Conserve Battery","floor":11},{"not_picked":["Underhanded Strike","Crescendo"],"picked":"Escape Plan","floor":13},{"not_picked":["Poisoned Stab","MasterReality+1","Go for the Eyes"],"picked":"SKIP","floor":14},{"not_picked":["Limit Break","Blasphemy"],"picked":"Die Die Die","floor":16},{"not_picked":["ClearTheMind","Halt","Power Through"],"picked":"SKIP","floor":18},{"not_picked":["Underhanded Strike","Pommel Strike"],"picked":"Metallicize+1","floor":19},{"not_picked":["Adaptation+1","Flying Knee+1"],"picked":"True Grit+1","floor":21},{"not_picked":["Sunder","True Grit"],"picked":"Footwork+1","floor":23},{"not_picked":["Blizzard+1","Fission+1"],"picked":"White Noise+1","floor":27},{"not_picked":["SignatureMove","Fire Breathing+1"],"picked":"Shrug It Off+1","floor":28},{"not_picked":["FTL","Shrug It Off+1"],"picked":"Prepared+1","floor":29},{"not_picked":["Prostrate+1","Infernal Blade+1","Streamline"],"picked":"SKIP","floor":30},{"not_picked":["Crescendo+1","Compile Driver","WaveOfTheHand+1"],"picked":"SKIP","floor":31},{"not_picked":["Rainbow+1","Multi-Cast+1"],"picked":"Buffer+1","floor":33},{"not_picked":["Dagger Throw","Dual Wield+1","Whirlwind+1"],"picked":"SKIP","floor":35},{"not_picked":["Warcry+1","Force Field+1"],"picked":"Rampage","floor":36},{"not_picked":["WreathOfFlame+1","Dagger Spray+1"],"picked":"Gash+1","floor":37},{"not_picked":["ForeignInfluence+1","Steam+1"],"picked":"Gash","floor":40},{"not_picked":["Leg Sweep+1","Sanctity+1","Streamline+1"],"picked":"SKIP","floor":42},{"not_picked":["Headbutt+1","Body Slam"],"picked":"Shockwave+1","floor":44},{"not_picked":["Beam Cell","Cloak And Dagger+1"],"picked":"Echo Form+1","floor":45},{"not_picked":["ClearTheMind+1","Deflect+1"],"picked":"Acrobatics+1","floor":46},{"not_picked":["Streamline+1","Outmaneuver+1","Brutality+1"],"picked":"SKIP","floor":48}],"player_experience":912783,"relics_obtained":[{"floor":6,"key":"Frozen Egg 2"},{"floor":8,"key":"Ancient Tea Set"},{"floor":9,"key":"Dream Catcher"},{"floor":14,"key":"Mercury Hourglass"},{"floor":21,"key":"Red Mask"},{"floor":22,"key":"Centennial Puzzle"},{"floor":23,"key":"Vajra"},{"floor":26,"key":"Pen Nib"},{"floor":27,"key":"Toxic Egg 2"},{"floor":28,"key":"Tough Bandages"},{"floor":30,"key":"PreservedInsect"},{"floor":43,"key":"MealTicket"},{"floor":44,"key":"White Beast Statue"},{"floor":45,"key":"Toy Ornithopter"},{"floor":47,"key":"Orichalcum"},{"floor":48,"key":"TungstenRod"}],"event_choices":[{"damage_healed":0,"gold_gain":75,"player_choice":"Gather Gold","damage_taken":11,"max_hp_gain":0,"max_hp_loss":0,"event_name":"World of Goop","floor":3,"gold_loss":0},{"damage_healed":0,"gold_gain":0,"player_choice":"Donut","damage_taken":0,"max_hp_gain":5,"max_hp_loss":0,"event_name":"Big Fish","floor":5,"gold_loss":0},{"damage_healed":0,"gold_gain":0,"player_choice":"Fought Bandits","damage_taken":0,"max_hp_gain":0,"max_hp_loss":0,"event_name":"Masked Bandits","floor":21,"gold_loss":0},{"damage_healed":0,"gold_gain":0,"player_choice":"Memory 1","damage_taken":0,"max_hp_gain":0,"max_hp_loss":0,"event_name":"SensoryStone","floor":38,"gold_loss":0},{"cards_removed":["Clash"],"damage_healed":5,"gold_gain":0,"player_choice":"Offered Common","damage_taken":0,"max_hp_gain":0,"max_hp_loss":0,"event_name":"Bonfire Elementals","floor":41,"gold_loss":0},{"cards_removed":["Clash"],"damage_healed":5,"gold_gain":0,"player_choice":"Offered Special","damage_taken":0,"max_hp_gain":0,"max_hp_loss":0,"event_name":"Bonfire Elementals","floor":41,"gold_loss":0}],"is_beta":false,"boss_relics":[{"not_picked":["Astrolabe","Busted Crown"],"picked":"Sozu"},{"not_picked":["WristBlade","Empty Cage"],"picked":"Fusion Hammer"}],"items_purged_floors":[20],"is_endless":false,"potions_floor_spawned":[2,6,8,14,21,28,30,37,42,45,46,48],"ascension_level":0}}