{"host":"4c7oxphrh4ok8x7u","time":1612628929,"event":{"mods":["100% Spire Juice","2.2 Compatiblity","Act Like it!","Arknights","Aspiration","BaseMod","Beaked The Cultist","Better Skull","Better Vampires","BetterRewards","Challenge The Spire","Conjunction","Conspire","Custom Start","Dota2Spire","Ekko","Evolution","Fiend Mod","Friendly Minions","FruityMod","GifTheSpireLib","Good Game Mod","Halation","Hermit","HololiveMod","Hubris","Hyrulean Relics","Jedi Mod","Jess\u0027s Bottle","Kratos Character Expansion","Minty Spire (QoL Compilation)","MostiFishMod","Permanent Neow","Poor People Problems","Prisma Mod","Quarter Circle Forward PUNCH!","RatMod","Reliquary","Replay The Spire","Robot Space Explorer","SCP261 Mod","Shade Mod","Slay the Relics Exporter","Small Relic Pack","Spicy Shops","Spikes Relics","Spires And Sneckos","StS++","StSLib","Stuff the Spire","The Animator","The Blue Laboratory","The Death Knight","The Edgeheg","The Exalted","The Fake Hero","The Servant 0.9.4","The Trickster","The Wild Card","TheVacant","TheWitcher","Wandering Minibosses","WarShipGirlsR/????R mod"],"gold_per_floor":[109,119,133,144,144,175,175,175,175,175,188,54,67,93,93,198,198,216,235,255,255,265,265,285,285,285,285,304,304,335,237,237,336,336,348,359,101,101,117,144,157,191,215,234,234,252,264,277,277,277,277,277,277,311,311],"floor_reached":56,"language":"RUS","playtime":3155,"items_purged":["Regret"],"score":1510,"play_id":"7a1251c6-a559-41c1-9019-205119d6b482","local_time":"20210206192849","is_ascension_mode":false,"campfire_choices":[{"data":"Noxious Fumes","floor":7,"key":"SMITH"},{"data":"theWildCard:Odin","floor":10,"key":"SMITH"},{"data":"theEdgeheg:BlankCard","floor":15,"key":"SMITH"},{"data":"A Thousand Cuts","floor":23,"key":"SMITH"},{"data":"MostiFishMod:NightSea","floor":25,"key":"SMITH"},{"floor":27,"key":"RECALL"},{"data":"Specialist","floor":49,"key":"SMITH"},{"data":"Noxious Fumes","floor":52,"key":"SMITH"}],"circlet_count":0,"master_deck":["rat:FanOfKnives","rat:FanOfKnives","rat:FanOfKnives","rat:FanOfKnives","Backflip","Backflip","Backflip","Backflip","Backflip","Survivor","Neutralize","theEdgeheg:BlankCard+1","StuffTheSpire:Shiver","StuffTheSpire:Python","StSpp:StrikeFirst","Noxious Fumes+1","Bane","Riddle With Holes","A Thousand Cuts+1","MostiFishMod:Neptune","MostiFishMod:TheEndOfMoonlight","MostiFishMod:SparklingWater","MostiFishMod:FantasySummer","MostiFishMod:NightSea+1","rat:RuptureArtery","Poisoned Stab+1","rat:SilverDagger","rat:Garrote","Catalyst","Deadly Poison","Specialist+1","Backflip","Replay:Bag of Tricks","StSpp:PoisonousPunch+1","Decay","StSpp:Anticipation+1","theWildCard:Odin+1","rat:Garrote+1","Noxious Fumes+1","jedi:collectorvenom+1","Footwork+1"],"relics":["Ring of the Snake","EVO:Axolotl","DaveBox","REME:ComplimentaryCards","CombinedTypeHook","aspiration:Nostalgia","rmod:firstchargereward","SynthV:TestCard","relicPack:OneForAll","reliquary:SilkGlove","SnailShell","Dota2Spire:ArmletOfMordiggian","MoonlightInvasionPlan","wanderingMiniBosses:AbyssPearl","jedi:kaleidoscope","MealTicket","halation:Yufonium","reliquary:HotPoker","StuffTheSpire:Mouthbags","Bromod:ArcaneGuardian","reliquary:Boomerang","jedi:scrapmetal"],"acts_visited":["Exordium","TheCity","TheBeyond","TheEnding"],"potions_floor_usage":[55,55],"damage_taken":[{"damage":0,"enemies":"conspire:RoseBush","floor":1,"turns":4},{"damage":7,"enemies":"Small Slimes","floor":2,"turns":2},{"damage":4,"enemies":"2 Louse","floor":3,"turns":2},{"damage":0,"enemies":"2 Fungi Beasts","floor":4,"turns":2},{"damage":0,"enemies":"Replay:BlueRogue","floor":6,"turns":5},{"damage":0,"enemies":"Looter","floor":11,"turns":3},{"damage":0,"enemies":"Blue Slaver","floor":13,"turns":6},{"damage":0,"enemies":"Fading Forest","floor":16,"turns":11},{"damage":0,"enemies":"3 Byrds","floor":18,"turns":3},{"damage":0,"enemies":"conspire:FuzzyDice","floor":19,"turns":3},{"damage":0,"enemies":"Chosen and Byrds","floor":20,"turns":4},{"damage":0,"enemies":"Snecko","floor":22,"turns":3},{"damage":0,"enemies":"conspire:HollyBat","floor":24,"turns":7},{"damage":4,"enemies":"Snake Plant","floor":28,"turns":3},{"damage":0,"enemies":"Book of Stabbing","floor":30,"turns":4},{"damage":25,"enemies":"Automaton","floor":33,"turns":7},{"damage":0,"enemies":"3 Shapes","floor":35,"turns":2},{"damage":0,"enemies":"3 Darklings","floor":36,"turns":3},{"damage":0,"enemies":"Jaw Worm Horde","floor":39,"turns":1},{"damage":0,"enemies":"Giant Head","floor":40,"turns":5},{"damage":0,"enemies":"4 Shapes","floor":41,"turns":2},{"damage":0,"enemies":"R_Hoarder","floor":42,"turns":4},{"damage":0,"enemies":"Maw","floor":44,"turns":4},{"damage":0,"enemies":"Writhing Mass","floor":46,"turns":3},{"damage":0,"enemies":"Jaw Worm Horde","floor":47,"turns":1},{"damage":0,"enemies":"Transient","floor":48,"turns":5},{"damage":0,"enemies":"hubris:GrandSnecko","floor":50,"turns":7},{"damage":0,"enemies":"Shield and Spear","floor":54,"turns":5},{"damage":3,"enemies":"The Heart","floor":55,"turns":5}],"seed_played":"6980934814402478903","potions_obtained":[{"floor":2,"key":"blueLaboratory:FrostheartPotion"},{"floor":6,"key":"blueLaboratory:NullPotion"},{"floor":11,"key":"Ancient Potion"},{"floor":28,"key":"PowerPotion"},{"floor":33,"key":"Fire Potion"},{"floor":47,"key":"SteroidPotion"}],"is_trial":false,"path_per_floor":["M","M","M","M","?","E","R","?","T","R","M","$","M","T","R","B",null,"M","M","M","$","M","R","M","R","T","R","M","?","E","$","R","B",null,"M","M","$","?","M","E","M","E","T","M","$","M","M","M","R","B",null,"R","$","E","B",null],"character_chosen":"THE_SILENT","items_purchased":["SnailShell","Specialist","reliquary:HotPoker"],"campfire_rested":0,"item_purchase_floors":[12,31,37],"current_hp_per_floor":[73,66,62,62,62,62,62,62,62,62,62,62,62,62,62,62,73,73,73,73,73,73,73,73,73,73,73,69,56,56,71,71,46,78,78,78,78,78,78,78,78,78,78,78,78,78,78,78,78,78,78,78,78,78,75],"gold":311,"neow_bonus":"NOSTALGIA","is_daily":false,"chose_seed":false,"campfire_upgraded":7,"win_rate":0.0,"timestamp":1612628929,"path_taken":["M","M","M","M","?","E","R","?","T","R","M","?","M","?","R","BOSS","M","M","M","$","M","R","M","R","T","R","M","?","E","?","R","BOSS","M","M","$","?","M","E","M","E","T","M","$","?","M","M","R","BOSS","R","$","E","BOSS"],"items_purchased_type":["Relic","Card","Relic"],"build_version":"2020-12-22","purchased_purges":1,"victory":true,"max_hp_per_floor":[73,73,73,73,73,73,73,73,73,73,73,73,73,73,73,73,73,73,73,73,73,73,73,73,73,73,73,73,78,78,78,78,78,78,78,78,78,78,78,78,78,78,78,78,78,78,78,78,78,78,78,78,78,78,78],"card_choices":[{"not_picked":["Backflip","Acrobatics","Setup"],"picked":"SKIP","floor":1},{"not_picked":["jedi:acidrain","rat:SilverDagger","StSpp:StrikeFirst","rat:Shadowstep"],"picked":"StuffTheSpire:Shiver","floor":2},{"not_picked":["Bane","Sneak Up","StuffTheSpire:DoubleShiv","rat:SilverDagger"],"picked":"StuffTheSpire:Python","floor":3},{"not_picked":["Dash","StuffTheSpire:ClusterCrunch","StuffTheSpire:BumpUp","rat:Garrote"],"picked":"StSpp:StrikeFirst","floor":4},{"not_picked":["Poison Darts","Fluid Movement","StuffTheSpire:BumpUp","ReplayTheSpireMod:Scrap Shanks"],"picked":"Noxious Fumes","floor":6},{"not_picked":["Flying Knee","All Out Attack","Poisoned Stab","Acrobatics"],"picked":"Bane","floor":11},{"not_picked":["Sucker Punch","Blade Dance","StuffTheSpire:Incantation","Poisoned Stab"],"picked":"Riddle With Holes","floor":13},{"not_picked":["aspiration:Lunge","StSpp:AbandonFlesh","ReplayTheSpireMod:From All Sides","Die Die Die"],"picked":"A Thousand Cuts","floor":16},{"not_picked":["rat:SiphonBlood+1","rat:DextrousStrike","rat:ArgentInfusion","Sneak Up+1"],"picked":"rat:RuptureArtery","floor":18},{"not_picked":["Cloak And Dagger","Deflect","MostiFishMod:FrostNova","Flying Knee+1"],"picked":"Poisoned Stab+1","floor":19},{"not_picked":["Heel Hook","MostiFishMod:FrostNova","Cloak And Dagger","Underhanded Strike"],"picked":"rat:SilverDagger","floor":20},{"not_picked":["Cloak And Dagger+1","ReplayTheSpireMod:The Works","Acrobatics+1","rat:Shadowstep"],"picked":"rat:Garrote","floor":22},{"not_picked":["ReplayTheSpireMod:The Works","Wraith Form v2","StSpp:Dive","StuffTheSpire:Fury"],"picked":"Catalyst","floor":24},{"not_picked":["Sneak Up","rat:FanOfKnives","StSpp:CorrosivePoison+1","rat:WitheringShackles","hubris:SlightOfHand+1"],"picked":"SKIP","floor":28},{"not_picked":["Blade Dance","Prepared","Backflip+1","Slice+1"],"picked":"Deadly Poison","floor":30},{"not_picked":["MostiFishMod:HiddenBlade","Storm of Steel","ReplayTheSpireMod:Necrosis","rat:BloodPact"],"picked":"Replay:Bag of Tricks","floor":33},{"not_picked":["rat:EchoingStrikes","rat:WitheringShackles+1","rat:FanOfKnives","Deflect"],"picked":"StSpp:PoisonousPunch+1","floor":35},{"not_picked":["Bane","Reflex","Dagger Spray","Deflect","StuffTheSpire:Python+1"],"picked":"SKIP","floor":36},{"not_picked":["Burst","Terror","Flechettes+1","rat:Shadowstep+1"],"picked":"StSpp:Anticipation+1","floor":39},{"not_picked":["StuffTheSpire:ClusterCrunch","StuffTheSpire:Injection","Hidden Blade+1","StSpp:CorrosivePoison+1","jedi:pocketpoison"],"picked":"SKIP","floor":40},{"not_picked":["StuffTheSpire:BumpUp+1","MostiFishMod:PerfectParry+1","ReplayTheSpireMod:Speed Training","StuffTheSpire:MirrorStance+1"],"picked":"rat:Garrote+1","floor":41},{"not_picked":["rat:SilveredBlade+1","Flechettes+1","Bullet Time","hubris:TrickCloak"],"picked":"Noxious Fumes","floor":42},{"not_picked":["StSpp:Dive","Sucker Punch+1","Distraction+1","Dodge and Roll"],"picked":"jedi:collectorvenom+1","floor":44},{"not_picked":["Cloak And Dagger+1","Hidden Blade+1","rat:SilverDagger","Toxin Wave"],"picked":"jedi:collectorvenom+1","floor":46},{"not_picked":["jedi:collectorvenom+1","Dagger Throw+1","Dash+1","Atom Bomb"],"picked":"Footwork+1","floor":47},{"not_picked":["Cloak And Dagger","PiercingWail+1","Deadly Poison+1","MostiFishMod:PerfectParry+1"],"picked":"jedi:collectorvenom+1","floor":48},{"not_picked":["Cloak And Dagger+1","Poisoned Stab","Concentrate","Phantasmal Killer"],"picked":"jedi:collectorvenom+1","floor":54}],"player_experience":802384,"relics_obtained":[{"floor":1,"key":"SynthV:TestCard"},{"floor":6,"key":"reliquary:SilkGlove"},{"floor":14,"key":"Dota2Spire:ArmletOfMordiggian"},{"floor":20,"key":"wanderingMiniBosses:AbyssPearl"},{"floor":26,"key":"jedi:kaleidoscope"},{"floor":30,"key":"MealTicket"},{"floor":40,"key":"StuffTheSpire:Mouthbags"},{"floor":42,"key":"Bromod:ArcaneGuardian"},{"floor":43,"key":"reliquary:Boomerang"},{"floor":54,"key":"jedi:scrapmetal"}],"event_choices":[{"damage_healed":0,"gold_gain":0,"player_choice":"Shed Blood","damage_taken":18,"max_hp_gain":5,"max_hp_loss":0,"event_name":"Forgotten Altar","floor":29,"gold_loss":0},{"damage_healed":0,"gold_gain":0,"player_choice":"Cursed","damage_taken":0,"max_hp_gain":0,"max_hp_loss":0,"event_name":"Wheel of Change","floor":38,"gold_loss":0,"cards_obtained":["Decay"]}],"is_beta":false,"boss_relics":[{"not_picked":["jedi:hotpepper","halation:MonkeysPaw"],"picked":"MoonlightInvasionPlan"},{"not_picked":["aspiration:RitualDagger","Hololive_Finger"],"picked":"halation:Yufonium"}],"items_purged_floors":[12],"is_endless":false,"potions_floor_spawned":[2,6,11,13,18,24,28,33,35,39,41,44,47,54],"ascension_level":0}}