{"host":"z439itq93uucuvou","time":1612587161,"event":{"mods":["BaseMod","Colored Powertips","Jorbs\u0027s Wanderer Trilogy","Minty Spire (QoL Compilation)","StSLib"],"gold_per_floor":[116,116,116,133,133,165,165,179,179,197,229,229,261,276,276,276,276],"floor_reached":16,"language":"ENG","playtime":608,"items_purged":[],"score":283,"play_id":"d1db09e0-ab7d-438b-87e8-3158e6a72b65","local_time":"20210205205241","is_ascension_mode":true,"campfire_choices":[{"data":"Coolheaded","floor":7,"key":"SMITH"},{"floor":15,"key":"REST"}],"circlet_count":0,"master_deck":["AscendersBane","Strike_B","Strike_B","Strike_B","Defend_B+1","Defend_B","Defend_B","Defend_B","Zap+1","Dualcast","Ball Lightning","Double Energy","Coolheaded+1","Rip and Tear","Loop","Sweeping Beam","Glacier","Compile Driver"],"relics":["Cracked Core","NeowsBlessing","Darkstone Periapt","Strawberry","War Paint","Blue Candle","CaptainsWheel"],"acts_visited":["Exordium"],"potions_floor_usage":[11,13,16],"damage_taken":[{"damage":0,"enemies":"Small Slimes","floor":1,"turns":1},{"damage":0,"enemies":"Jaw Worm","floor":4,"turns":1},{"damage":0,"enemies":"Gremlin Nob","floor":6,"turns":1},{"damage":11,"enemies":"2 Louse","floor":8,"turns":2},{"damage":12,"enemies":"Looter","floor":10,"turns":3},{"damage":16,"enemies":"Lagavulin","floor":11,"turns":6},{"damage":14,"enemies":"3 Sentries","floor":13,"turns":6},{"damage":0,"enemies":"Exordium Wildlife","floor":14,"turns":4},{"damage":36,"enemies":"Slime Boss","floor":16,"turns":11}],"seed_played":"-1048180834495092625","potions_obtained":[{"floor":1,"key":"BlessingOfTheForge"},{"floor":4,"key":"Fire Potion"},{"floor":14,"key":"ColorlessPotion"}],"is_trial":false,"path_per_floor":["M","?","?","M","$","E","R","M","T","M","E","?","E","M","R","B"],"character_chosen":"DEFECT","items_purchased":[],"campfire_rested":1,"item_purchase_floors":[],"current_hp_per_floor":[64,64,64,64,64,64,64,53,60,48,32,21,7,7,30,0,0],"gold":276,"neow_bonus":"THREE_ENEMY_KILL","is_daily":false,"chose_seed":false,"campfire_upgraded":1,"win_rate":0.0,"timestamp":1612587161,"path_taken":["M","?","?","M","?","E","R","M","T","M","E","?","E","M","R","BOSS"],"items_purchased_type":[],"build_version":"2020-12-22","purchased_purges":0,"victory":false,"max_hp_per_floor":[71,71,71,71,71,71,71,71,78,78,78,78,78,78,78,78,78],"card_choices":[{"not_picked":["Gash","Beam Cell"],"picked":"Ball Lightning","floor":1},{"not_picked":["Go for the Eyes","Barrage"],"picked":"Coolheaded","floor":4},{"not_picked":["Ball Lightning","BootSequence"],"picked":"Rip and Tear","floor":6},{"not_picked":["Aggregate","White Noise"],"picked":"Loop","floor":8},{"not_picked":["Gash","Recycle","Cold Snap"],"picked":"SKIP","floor":10},{"not_picked":["Redo","Beam Cell"],"picked":"Sweeping Beam","floor":11},{"not_picked":["All For One","Sweeping Beam"],"picked":"Glacier","floor":13},{"not_picked":["Leap","Turbo"],"picked":"Compile Driver","floor":14}],"player_experience":1480607,"relics_obtained":[{"floor":6,"key":"Darkstone Periapt"},{"floor":9,"key":"Strawberry"},{"floor":11,"key":"War Paint"},{"floor":13,"key":"CaptainsWheel"}],"event_choices":[{"damage_healed":0,"gold_gain":0,"cards_transformed":["Strike_B"],"player_choice":"Change","damage_taken":0,"max_hp_gain":0,"max_hp_loss":0,"event_name":"Living Wall","floor":2,"gold_loss":0,"cards_obtained":["Double Energy"]},{"damage_healed":0,"gold_gain":0,"player_choice":"Ignored","damage_taken":0,"max_hp_gain":0,"max_hp_loss":0,"event_name":"Liars Game","floor":3,"gold_loss":0},{"damage_healed":0,"gold_gain":0,"player_choice":"Success","damage_taken":11,"relics_obtained":["Blue Candle"],"max_hp_gain":0,"max_hp_loss":0,"event_name":"Scrap Ooze","floor":12,"gold_loss":0}],"is_beta":false,"boss_relics":[],"items_purged_floors":[],"is_endless":false,"potions_floor_spawned":[1,4,6,8,14],"killed_by":"Slime Boss","ascension_level":19}}