{"host":"ehgz297skgb1u9fr","time":1612594575,"event":{"mods":["2.2 Compatiblity","Act Like it!","Aspiration","BaseMod","Better Note","Conspire","Energized Spire","Hermit","Hubris","Minty Spire (QoL Compilation)","RRrroohrrRGHHhhh!!","Reliquary","Replay The Spire","Retaliation","Shop Mod","StSLib","Wandering Minibosses","Wide Potions"],"gold_per_floor":[123,150,150,150,150,182,182,210,210,240,10,10,28,43,43,143,143,158,158,433,128,128,157,157,184,184,212,81,81,106,128,128,228,228],"floor_reached":33,"language":"ENG","playtime":3136,"items_purged":["hermit:Strike_Hermit","hermit:Defend_Hermit"],"score":436,"play_id":"94befe4a-61f3-49eb-8438-c1845b4bd2d7","local_time":"20210206005615","is_ascension_mode":true,"campfire_choices":[{"floor":7,"key":"REST"},{"floor":15,"key":"REST"},{"floor":24,"key":"RECALL"},{"floor":32,"key":"REST"}],"circlet_count":0,"master_deck":["hermit:Strike_Hermit","hermit:Strike_Hermit","hermit:Strike_Hermit","hermit:Defend_Hermit","hermit:Defend_Hermit","hermit:Defend_Hermit","hermit:Snapshot","hermit:Covet","hubris:MerchantsHand","hermit:Snapshot","hermit:FinalCanter+1","hermit:Determination+1","hermit:Misfire","Clumsy","hermit:Vantage","hermit:Midnight","hermit:Misfire","hermit:GoldenBullet","hermit:Deadeye","hermit:Roughhouse","Leap","hermit:Strike_Hermit","hermit:Strike_Hermit","hermit:Strike_Hermit","hermit:Defend_Hermit","hermit:Defend_Hermit","hermit:Defend_Hermit","hermit:Defend_Hermit","hermit:Snapshot","hermit:Covet","hubris:MerchantsHand","hermit:Snapshot","hermit:FinalCanter+1","hermit:Determination+1","hermit:Misfire","Clumsy","hermit:Vantage","hermit:Midnight","hermit:Misfire","hermit:GoldenBullet","hermit:Deadeye","hermit:Roughhouse","Leap","Regret","hermit:Dissolve+1","Pain","hermit:Dive","hermit:Quickdraw","hermit:SprayPray","hermit:WideOpen+1","hermit:Magnum"],"relics":["hermit:Momento","Blue Candle","hubris:DisguiseKit","Ancient Tea Set","hubris:CuriousFeather","Replay:PocketPolymizer","Guide Book","ReplayFunnel","Honey Jar","Membership Card","WarpedTongs","hermit:Horseshoe","reliquary:Firecrackers","conspire:GlowingRock","reliquary:TridentHead","hubris:Icosahedron","Lantern"],"acts_visited":["Exordium","TheCity"],"potions_floor_usage":[6,14,16,21,30,31,33],"damage_taken":[{"damage":1,"enemies":"Jaw Worm","floor":1,"turns":2},{"damage":0,"enemies":"Small Slimes","floor":2,"turns":2},{"damage":18,"enemies":"Gremlin Nob","floor":6,"turns":4},{"damage":6,"enemies":"Replay:BlueRogue","floor":8,"turns":4},{"damage":31,"enemies":"Lagavulin","floor":10,"turns":5},{"damage":0,"enemies":"2 Louse","floor":13,"turns":1},{"damage":0,"enemies":"Looter","floor":14,"turns":1},{"damage":53,"enemies":"Fading Forest","floor":16,"turns":11},{"damage":1,"enemies":"Chosen","floor":18,"turns":3},{"damage":14,"enemies":"conspire:SneckoGhost","floor":23,"turns":6},{"damage":35,"enemies":"Slavers","floor":25,"turns":5},{"damage":26,"enemies":"Shell Parasite","floor":27,"turns":4},{"damage":0,"enemies":"conspire:Head Lice","floor":30,"turns":8},{"damage":1,"enemies":"Cultist and Chosen","floor":31,"turns":5},{"damage":106,"enemies":"Automaton","floor":33,"turns":12}],"seed_played":"-2407496794377123964","potions_obtained":[{"floor":1,"key":"hermit:Tonic"},{"floor":6,"key":"Flashbang"},{"floor":13,"key":"Fire Potion"},{"floor":16,"key":"hermit:Tonic"},{"floor":23,"key":"FairyPotion"},{"floor":27,"key":"ColorlessPotion"},{"floor":31,"key":"Fruit Juice"}],"is_trial":false,"path_per_floor":["M","M","?","?","?","E","R","E","T","E","$","T","M","M","R","B",null,"M","?","?","$","?","E","R","E","T","M","$","?","E","M","R","B"],"character_chosen":"HERMIT","items_purchased":["Guide Book","Membership Card","hermit:Dissolve+1","Fruit Juice","reliquary:TridentHead"],"campfire_rested":3,"item_purchase_floors":[11,21,21,21,28],"current_hp_per_floor":[74,74,56,56,56,38,60,54,54,23,23,23,23,23,45,14,75,74,74,74,79,79,65,65,30,30,4,4,4,4,8,33,0,0],"gold":228,"neow_bonus":"THREE_RARE_CARDS","is_daily":false,"chose_seed":false,"campfire_upgraded":0,"win_rate":0.0,"timestamp":1612594575,"path_taken":["M","M","?","?","?","E","R","E","T","E","?","?","?","?","R","BOSS","M","?","?","$","?","E","R","E","T","M","$","?","E","M","R","BOSS"],"items_purchased_type":["Relic","Relic","Card","Potion","Relic"],"build_version":"2020-12-22","purchased_purges":2,"victory":false,"max_hp_per_floor":[75,75,75,75,75,75,75,75,75,75,75,75,75,75,75,75,75,75,75,75,80,80,80,80,80,80,80,80,80,80,85,85,85,85],"card_choices":[{"not_picked":["hermit:Magnum","hermit:OverwhelmingPower"],"picked":"hermit:FinalCanter","floor":0},{"not_picked":["hermit:Enervate","hermit:Headshot"],"picked":"hermit:Determination","floor":1},{"not_picked":["hermit:Gestalt","hermit:Determination"],"picked":"hermit:Misfire","floor":2},{"not_picked":["hermit:HighCaliber","hermit:Determination","rorgmod:Leap"],"picked":"hermit:Vantage","floor":6},{"not_picked":["hermit:LuckOfTheDraw","hermit:Combo","Beam Cell"],"picked":"hermit:Midnight","floor":8},{"not_picked":["hermit:Snipe","hermit:Ricochet","Sweeping Beam"],"picked":"hermit:Misfire","floor":10},{"not_picked":["hermit:Malice","hermit:BlackWind","Rebound"],"picked":"hermit:GoldenBullet","floor":13},{"not_picked":["hermit:Coalescence","hermit:Shortfuse","rorgmod:Leap"],"picked":"hermit:Deadeye","floor":14},{"not_picked":["hermit:OverwhelmingPower","hermit:Purgatory","hubris:DoWhile"],"picked":"hermit:Roughhouse","floor":16},{"not_picked":["hermit:Deadeye","hermit:Coalescence","hermit:NoHoldsBarred","hermit:Horror"],"picked":"Leap","floor":18},{"not_picked":["hermit:Desperado","hermit:FlashPowder","hermit:Horror","Conserve Battery"],"picked":"hermit:Dive","floor":23},{"not_picked":["hermit:HighCaliber","hermit:Ricochet","hermit:Horror+1","Sweeping Beam"],"picked":"hermit:Quickdraw","floor":25},{"not_picked":["hermit:TakeAim+1","hermit:HoleUp","hermit:Headshot","Genetic Algorithm"],"picked":"hermit:SprayPray","floor":27},{"not_picked":["hermit:HoleUp","hermit:Ricochet","hermit:Virtue","Beam Cell"],"picked":"hermit:WideOpen+1","floor":30},{"not_picked":["hermit:WideOpen","hermit:Snipe","hermit:LowProfile","Ball Lightning"],"picked":"hermit:Magnum","floor":31}],"player_experience":443004,"relics_obtained":[{"floor":6,"key":"Ancient Tea Set"},{"floor":8,"key":"hubris:CuriousFeather"},{"floor":10,"key":"Replay:PocketPolymizer"},{"floor":12,"key":"ReplayFunnel"},{"floor":23,"key":"hermit:Horseshoe"},{"floor":25,"key":"reliquary:Firecrackers"},{"floor":26,"key":"conspire:GlowingRock"},{"floor":30,"key":"Lantern"}],"event_choices":[{"damage_healed":0,"gold_gain":0,"player_choice":"Success","damage_taken":18,"relics_obtained":["Blue Candle"],"max_hp_gain":0,"max_hp_loss":0,"event_name":"Scrap Ooze","floor":3,"gold_loss":0},{"damage_healed":0,"gold_gain":0,"player_choice":"Leave","damage_taken":0,"max_hp_gain":0,"max_hp_loss":0,"event_name":"conspire:Investor","floor":4,"gold_loss":0},{"damage_healed":0,"gold_gain":275,"player_choice":"Desecrate","damage_taken":0,"max_hp_gain":0,"max_hp_loss":0,"event_name":"Golden Shrine","floor":20,"gold_loss":0,"cards_obtained":["Regret"]},{"damage_healed":0,"gold_gain":0,"player_choice":"Rummage","damage_taken":0,"relics_obtained":["WarpedTongs"],"max_hp_gain":0,"max_hp_loss":0,"event_name":"Accursed Blacksmith","floor":22,"gold_loss":0,"cards_obtained":["Pain"]}],"is_beta":false,"boss_relics":[{"not_picked":["conspire:SlowCooker","Replay:Drink Me"],"picked":"Honey Jar"}],"items_purged_floors":[11,21],"is_endless":false,"potions_floor_spawned":[1,6,13,16,23,27,31],"killed_by":"Automaton","ascension_level":1}}