{"host":"1xo5g347e5o4auts","time":1612617420,"event":{"mods":["BaseMod","Minty Spire (QoL Compilation)","Permanent Neow","StSLib"],"gold_per_floor":[113,113,127,46,62,62,93,93,93,120,132,132],"floor_reached":11,"language":"ENG","playtime":231,"items_purged":[],"score":146,"play_id":"640bf203-06a0-44ea-a0ef-9137def056c9","local_time":"20210206151700","is_ascension_mode":true,"campfire_choices":[{"data":"Die Die Die","floor":8,"key":"SMITH"}],"circlet_count":0,"master_deck":["AscendersBane","Strike_G","Strike_G","Strike_G","Strike_G","Defend_G","Defend_G","Defend_G","Defend_G","Defend_G","Survivor","Neutralize","Die Die Die+1","Dagger Spray","Malaise","Masterful Stab"],"relics":["Ring of the Snake","Golden Idol","Matryoshka","MawBank","HornCleat"],"acts_visited":["Exordium"],"potions_floor_usage":[7,11],"damage_taken":[{"damage":0,"enemies":"2 Louse","floor":1,"turns":3},{"damage":0,"enemies":"Cultist","floor":3,"turns":4},{"damage":2,"enemies":"Jaw Worm","floor":5,"turns":5},{"damage":20,"enemies":"3 Sentries","floor":7,"turns":5},{"damage":0,"enemies":"Exordium Wildlife","floor":10,"turns":1},{"damage":20,"enemies":"Lagavulin","floor":11,"turns":6}],"seed_played":"2993959568439573741","potions_obtained":[{"floor":5,"key":"BlessingOfTheForge"},{"floor":7,"key":"Explosive Potion"}],"is_trial":false,"path_per_floor":["M","?","M","$","M","?","E","R","T","M","E"],"character_chosen":"THE_SILENT","items_purchased":["Malaise"],"campfire_rested":0,"item_purchase_floors":[4],"current_hp_per_floor":[44,44,44,44,42,42,22,22,22,22,2,2],"gold":132,"neow_bonus":"THREE_RARE_CARDS","is_daily":false,"chose_seed":false,"campfire_upgraded":1,"win_rate":0.0,"timestamp":1612617420,"path_taken":["M","?","M","?","M","?","E","R","T","M","E"],"items_purchased_type":["Card"],"build_version":"2020-12-22","purchased_purges":0,"victory":false,"max_hp_per_floor":[66,66,66,66,66,60,60,60,60,60,60,60],"card_choices":[{"not_picked":["Envenom","Phantasmal Killer"],"picked":"Die Die Die","floor":0},{"not_picked":["Dodge and Roll","Underhanded Strike","Bane"],"picked":"SKIP","floor":1},{"not_picked":["PiercingWail","Distraction"],"picked":"Dagger Spray","floor":3},{"not_picked":["Deflect","Dodge and Roll","Flying Knee"],"picked":"SKIP","floor":5},{"not_picked":["Cloak And Dagger","Eviscerate"],"picked":"Masterful Stab","floor":7},{"not_picked":["Setup","Slice","Backflip"],"picked":"SKIP","floor":10}],"player_experience":1451690,"relics_obtained":[{"floor":7,"key":"Matryoshka"},{"floor":9,"key":"MawBank"},{"floor":9,"key":"HornCleat"}],"event_choices":[{"cards_removed":["Strike_G"],"damage_healed":0,"gold_gain":0,"player_choice":"Purged","damage_taken":0,"max_hp_gain":0,"max_hp_loss":0,"event_name":"Purifier","floor":2,"gold_loss":0},{"damage_healed":0,"gold_gain":0,"player_choice":"Lose Max HP","damage_taken":0,"relics_obtained":["Golden Idol"],"max_hp_gain":0,"max_hp_loss":6,"event_name":"Golden Idol","floor":6,"gold_loss":0}],"is_beta":false,"boss_relics":[],"items_purged_floors":[],"is_endless":false,"potions_floor_spawned":[5,7],"killed_by":"Lagavulin","ascension_level":20}}