{"host":"yqw1zpryoutrnocq","time":1612645231,"event":{"mods":["2.2 Compatiblity","AchievementEnabler","BaseMod","Colored Map","Custom Start","DeckTracker","Minty Spire (QoL Compilation)","StSLib","SuperFastMode"],"gold_per_floor":[119,69,80,80,96,96,129,145,145,164,239,34,34,65,65,193,193,212,227,252,276,297,332,345,345,422,88,88,88,113,147,147,275,275,298,77,77,77,95,95,133,133,157,73,73,98,111,111,111,111,111,111,12,12,12],"floor_reached":54,"language":"KOR","playtime":1658,"items_purged":["Strike_B"],"score":1022,"play_id":"1a11154d-cf83-43be-b59c-f6613daa73e8","local_time":"20210206150031","is_ascension_mode":true,"campfire_choices":[{"data":"Zap","floor":6.0,"key":"SMITH"},{"data":"Defragment","floor":15.0,"key":"SMITH"},{"data":"Creative AI","floor":25.0,"key":"SMITH"},{"floor":29.0,"key":"REST"},{"floor":32.0,"key":"REST"},{"floor":40.0,"key":"REST"},{"floor":42.0,"key":"REST"},{"data":"Panacea","floor":45.0,"key":"SMITH"},{"floor":49.0,"key":"RECALL"},{"data":"Seek","floor":52,"key":"SMITH"}],"circlet_count":0,"master_deck":["Strike_B","Defend_B","Defend_B","Defend_B+1","Defend_B","Zap+1","Dualcast+1","Biased Cognition","Conserve Battery","Hologram","Tempest","Chill","Defragment+1","Coolheaded","Loop","Core Surge","Creative AI+1","Coolheaded+1","Undo","Force Field","Storm","Thunder Strike","Apotheosis","Redo","Cold Snap","Seek+1","Self Repair","Dramatic Entrance","Dark Shackles","PanicButton","Stack","Panacea+1","Core Surge","Steam+1","Turbo"],"relics":["Cracked Core","DataDisk","Regal Pillow","Golden Idol","Blue Candle","Nuclear Battery","Question Card","Shuriken","Chemical X","Kunai","Snecko Eye","Runic Capacitor","HornCleat","Lantern"],"acts_visited":["Exordium","TheCity","TheBeyond","TheEnding"],"potions_floor_usage":[50,50,50],"damage_taken":[{"damage":1.0,"enemies":"2 Louse","floor":1.0,"turns":2.0},{"damage":0.0,"enemies":"Small Slimes","floor":3.0,"turns":3.0},{"damage":0.0,"enemies":"Cultist","floor":5.0,"turns":3.0},{"damage":20.0,"enemies":"3 Sentries","floor":7.0,"turns":4.0},{"damage":5.0,"enemies":"Exordium Wildlife","floor":8.0,"turns":2.0},{"damage":0.0,"enemies":"2 Fungi Beasts","floor":10.0,"turns":3.0},{"damage":0.0,"enemies":"Lagavulin","floor":14.0,"turns":6.0},{"damage":11.0,"enemies":"Hexaghost","floor":16.0,"turns":11.0},{"damage":12.0,"enemies":"3 Byrds","floor":18.0,"turns":3.0},{"damage":1.0,"enemies":"Spheric Guardian","floor":19.0,"turns":3.0},{"damage":0.0,"enemies":"Snake Plant","floor":20.0,"turns":5.0},{"damage":0.0,"enemies":"Cultist and Chosen","floor":21.0,"turns":5.0},{"damage":6.0,"enemies":"Shelled Parasite and Fungi","floor":22.0,"turns":7.0},{"damage":8.0,"enemies":"Gremlin Leader","floor":23.0,"turns":8.0},{"damage":0.0,"enemies":"Snecko","floor":24.0,"turns":4.0},{"damage":14.0,"enemies":"Colosseum Slavers","floor":28.0,"turns":4.0},{"damage":3.0,"enemies":"Snake Plant","floor":30.0,"turns":3.0},{"damage":27.0,"enemies":"Book of Stabbing","floor":31.0,"turns":4.0},{"damage":0.0,"enemies":"Automaton","floor":33.0,"turns":6.0},{"damage":0.0,"enemies":"Orb Walker","floor":35.0,"turns":3.0},{"damage":40.0,"enemies":"3 Shapes","floor":39.0,"turns":4.0},{"damage":47.0,"enemies":"Reptomancer","floor":41.0,"turns":7.0},{"damage":27.0,"enemies":"Spire Growth","floor":46.0,"turns":7.0},{"damage":0.0,"enemies":"Maw","floor":47.0,"turns":5.0},{"damage":4,"enemies":"Awakened One","floor":50,"turns":7},{"damage":55,"enemies":"Shield and Spear","floor":54,"turns":5}],"seed_played":"6874359258266233935","potions_obtained":[{"floor":3.0,"key":"Fire Potion"},{"floor":14.0,"key":"FearPotion"},{"floor":16.0,"key":"SpeedPotion"},{"floor":19.0,"key":"FearPotion"},{"floor":20.0,"key":"Ancient Potion"},{"floor":22.0,"key":"Explosive Potion"},{"floor":31.0,"key":"Swift Potion"},{"floor":33.0,"key":"FearPotion"},{"floor":46.0,"key":"Energy Potion"},{"floor":47.0,"key":"FocusPotion"}],"is_trial":false,"path_per_floor":["M","?","M","?","M","R","E","M","T","M","?","$","?","E","R","B",null,"M","M","M","M","M","E","M","R","T","$","?","R","M","E","R","B",null,"M","$","?","?","M","R","E","R","T","$","R","M","M","T","R","B",null,"R","$","E"],"character_chosen":"DEFECT","items_purchased":["Coolheaded","Loop","Chemical X","Apotheosis","Runic Capacitor","Self Repair","Panacea","DuplicationPotion","Turbo"],"campfire_rested":4,"item_purchase_floors":[12,12,27,27,36,36,44,53,53],"current_hp_per_floor":[67,67,67,53,53,53,33,28,28,28,17,17,17,17,17,6,49,37,36,36,36,30,22,22,22,22,22,8,41,38,11,44,44,58,58,58,48,48,15,48,11,44,44,44,44,17,17,17,17,13,51,51,51,0,0],"gold":12,"neow_bonus":"THREE_RARE_CARDS","is_daily":false,"chose_seed":false,"campfire_upgraded":5,"win_rate":0.0,"timestamp":1612645231,"path_taken":["M","?","M","?","M","R","E","M","T","M","?","$","?","E","R","BOSS","M","M","M","M","M","E","M","R","T","$","?","R","M","E","R","BOSS","M","$","?","?","M","R","E","R","T","$","R","M","?","?","R","BOSS","R","$","E"],"items_purchased_type":["Card","Card","Relic","Card","Relic","Card","Card","Potion","Card"],"build_version":"2020-12-22","purchased_purges":1,"victory":false,"max_hp_per_floor":[68,68,68,68,68,68,68,68,68,68,68,68,63,63,63,63,63,63,63,63,63,63,63,63,63,63,63,63,63,63,63,63,63,63,63,63,63,63,63,63,63,63,63,63,63,63,63,63,63,63,63,63,63,63,63],"card_choices":[{"not_picked":["Buffer","Reboot"],"picked":"Biased Cognition","floor":0.0},{"not_picked":["Reprogram","Turbo"],"picked":"Conserve Battery","floor":1.0},{"not_picked":["Reinforced Body","Compile Driver"],"picked":"Hologram","floor":3.0},{"not_picked":["Fission","Compile Driver"],"picked":"Tempest","floor":5.0},{"not_picked":["Steam Power","Barrage","Conserve Battery"],"picked":"SKIP","floor":7.0},{"not_picked":["Static Discharge","Consume"],"picked":"Chill","floor":8.0},{"not_picked":["Chaos","Conserve Battery"],"picked":"Defragment","floor":10.0},{"not_picked":["Scrape","Compile Driver"],"picked":"Core Surge","floor":14.0},{"not_picked":["Amplify","Biased Cognition"],"picked":"Creative AI","floor":16.0},{"not_picked":["Scrape","Cold Snap"],"picked":"Coolheaded+1","floor":18.0},{"not_picked":["Force Field","Reprogram"],"picked":"Undo","floor":19.0},{"not_picked":["Streamline+1","Aggregate+1","Turbo+1"],"picked":"SKIP","floor":20.0},{"not_picked":["Barrage","Sweeping Beam"],"picked":"Force Field","floor":21.0},{"not_picked":["Turbo+1","Cold Snap"],"picked":"Storm","floor":22.0},{"not_picked":["Barrage+1","White Noise+1"],"picked":"Thunder Strike","floor":23.0},{"not_picked":["Rebound","Sweeping Beam+1","Aggregate","Compile Driver"],"picked":"SKIP","floor":24.0},{"not_picked":["Coolheaded","Recycle+1","Leap"],"picked":"Redo","floor":30.0},{"not_picked":["Electrodynamics","Consume+1","Rip and Tear+1"],"picked":"Cold Snap","floor":31.0},{"not_picked":["Buffer","Biased Cognition","All For One"],"picked":"Seek","floor":33.0},{"not_picked":["Go for the Eyes+1","Ball Lightning","Compile Driver+1","Beam Cell+1"],"picked":"SKIP","floor":35.0},{"not_picked":["Magnetism","The Bomb","Apotheosis"],"picked":"Dramatic Entrance","floor":37.0},{"not_picked":["Master of Strategy","Trip","Dramatic Entrance"],"picked":"Dark Shackles","floor":37.0},{"not_picked":["Secret Weapon","Blind","Transmutation"],"picked":"PanicButton","floor":37.0},{"not_picked":["Hologram","Consume","Turbo"],"picked":"Stack","floor":39.0},{"not_picked":["Chaos+1","Recycle","Conserve Battery+1","Hologram"],"picked":"SKIP","floor":41.0},{"not_picked":["Compile Driver","Rebound","Ball Lightning"],"picked":"Core Surge","floor":46.0},{"not_picked":["Go for the Eyes","Coolheaded","Thunder Strike"],"picked":"Steam+1","floor":47.0}],"player_experience":303083,"relics_obtained":[{"floor":7.0,"key":"DataDisk"},{"floor":9.0,"key":"Regal Pillow"},{"floor":14.0,"key":"Blue Candle"},{"floor":23.0,"key":"Question Card"},{"floor":26.0,"key":"Shuriken"},{"floor":31.0,"key":"Kunai"},{"floor":41.0,"key":"HornCleat"},{"floor":48.0,"key":"Lantern"}],"event_choices":[{"cards_removed":["Strike_B"],"damage_healed":0.0,"max_hp_gain":0.0,"max_hp_loss":0.0,"gold_gain":0.0,"event_name":"The Cleric","player_choice":"Card Removal","floor":2.0,"gold_loss":50.0,"damage_taken":0.0},{"damage_healed":0.0,"max_hp_gain":0.0,"max_hp_loss":0.0,"gold_gain":0.0,"event_name":"Shining Light","player_choice":"Entered Light","floor":4.0,"gold_loss":0.0,"damage_taken":14.0,"cards_upgraded":["Defend_B","Dualcast"]},{"damage_healed":0.0,"max_hp_gain":0.0,"max_hp_loss":0.0,"gold_gain":75.0,"event_name":"World of Goop","player_choice":"Gather Gold","floor":11.0,"gold_loss":0.0,"damage_taken":11.0},{"damage_healed":0.0,"max_hp_gain":0.0,"max_hp_loss":5.0,"gold_gain":0.0,"event_name":"Golden Idol","player_choice":"Lose Max HP","floor":13.0,"gold_loss":0.0,"damage_taken":0.0,"relics_obtained":["Golden Idol"]},{"damage_healed":0.0,"max_hp_gain":0.0,"max_hp_loss":0.0,"gold_gain":0.0,"event_name":"Colosseum","player_choice":"Fight","floor":28.0,"gold_loss":0.0,"damage_taken":0.0},{"damage_healed":0.0,"max_hp_gain":0.0,"max_hp_loss":0.0,"gold_gain":0.0,"event_name":"Colosseum","player_choice":"Fled From Nobs","floor":28.0,"gold_loss":0.0,"damage_taken":0.0},{"damage_healed":0.0,"max_hp_gain":0.0,"max_hp_loss":0.0,"gold_gain":0.0,"event_name":"SensoryStone","player_choice":"Memory 3","floor":37.0,"gold_loss":0.0,"damage_taken":10.0},{"cards_removed":["Strike_B"],"damage_healed":0.0,"max_hp_gain":0.0,"max_hp_loss":0.0,"gold_gain":0.0,"event_name":"Purifier","player_choice":"Purged","floor":38.0,"gold_loss":0.0,"damage_taken":0.0}],"is_beta":false,"boss_relics":[{"not_picked":["Coffee Dripper","FrozenCore"],"picked":"Nuclear Battery"},{"not_picked":["Calling Bell","Tiny House"],"picked":"Snecko Eye"}],"items_purged_floors":[12],"is_endless":false,"potions_floor_spawned":[3,14,16,19,20,22,23,31,33,46,47],"killed_by":"Shield and Spear","ascension_level":6}}