{"host":"vyjryxuuuxkt43k4","time":1612596339,"event":{"mods":["AchievementEnabler","BaseMod","Colored Map","DeckTracker","Highlight Path","Keyboard Shortcuts","Minty Spire (QoL Compilation)","Permanent Neow","Quick Restart","Relic Stats","StSLib","SuperFastMode","everything is the same but u backflip on backflip"],"gold_per_floor":[114,129,129,204,219,219,234,234,284,299,314,344,359,359,359,459,459,474,489,127,37,67,67,17,17,17,17,32,47,62,62,62,162,162,177,192,192,192,42,42,42,57,57,87,102,117,117,132,132,132],"floor_reached":51,"language":"KOR","playtime":3305,"items_purged":[],"score":701,"play_id":"d56e2f3e-78a3-496b-9e0d-55dff5bec121","local_time":"20210206162539","daily_mods":["Draft","Diverse","DeadlyEvents"],"is_ascension_mode":false,"campfire_choices":[{"data":"Armaments","floor":6,"key":"SMITH"},{"data":"Body Slam","floor":8,"key":"SMITH"},{"data":"Entrench","floor":15,"key":"SMITH"},{"data":"Prepared","floor":23,"key":"SMITH"},{"data":"Footwork","floor":25,"key":"SMITH"},{"data":"Juggernaut","floor":27,"key":"SMITH"},{"floor":32,"key":"REST"},{"floor":40,"key":"REST"},{"floor":49,"key":"REST"}],"circlet_count":0,"master_deck":["Rupture","Armaments+1","Body Slam+1","Prepared+1","Auto Shields","Skewer","FollowUp","TalkToTheHand","Entrench+1","Deadly Poison","Quick Slash","Stack","Flex","Bane","Go for the Eyes","Shrug It Off","Conserve Battery","Disarm","Juggernaut+1","Sever Soul+1","Storm of Steel+1","Shrug It Off+1","Power Through","Metallicize","Footwork+1","Deep Breath+1","True Grit+1","Footwork+1","Pommel Strike+1","Fire Breathing","Ghostly Armor+1","Grand Finale","Force Field","Hologram","Noxious Fumes+1","Battle Trance","Protect+1","CrushJoints+1","Havoc+1"],"relics":["Ring of the Snake","Ancient Tea Set","Bottled Tornado","Astrolabe","Bag of Preparation","Dream Catcher","Centennial Puzzle","Fusion Hammer","Vajra","Art of War","Pen Nib","Mercury Hourglass","PreservedInsect"],"acts_visited":["Exordium","TheCity","TheBeyond"],"potions_floor_usage":[11,12,18,22,28,30,30,33,50],"damage_taken":[{"damage":0,"enemies":"Small Slimes","floor":1,"turns":3},{"damage":0,"enemies":"2 Louse","floor":2,"turns":2},{"damage":0,"enemies":"Cultist","floor":5,"turns":5},{"damage":0,"enemies":"Red Slaver","floor":7,"turns":4},{"damage":0,"enemies":"Looter","floor":10,"turns":2},{"damage":1,"enemies":"3 Louse","floor":11,"turns":2},{"damage":18,"enemies":"Gremlin Nob","floor":12,"turns":4},{"damage":0,"enemies":"Exordium Wildlife","floor":13,"turns":3},{"damage":1,"enemies":"The Guardian","floor":16,"turns":8},{"damage":34,"enemies":"Spheric Guardian","floor":18,"turns":6},{"damage":2,"enemies":"Chosen","floor":19,"turns":6},{"damage":6,"enemies":"Book of Stabbing","floor":22,"turns":7},{"damage":0,"enemies":"Shelled Parasite and Fungi","floor":28,"turns":6},{"damage":7,"enemies":"Chosen and Byrds","floor":29,"turns":7},{"damage":13,"enemies":"Cultist and Chosen","floor":30,"turns":8},{"damage":27,"enemies":"Automaton","floor":33,"turns":12},{"damage":6,"enemies":"3 Darklings","floor":35,"turns":8},{"damage":0,"enemies":"Orb Walker","floor":36,"turns":5},{"damage":2,"enemies":"3 Darklings","floor":42,"turns":6},{"damage":42,"enemies":"Reptomancer","floor":44,"turns":8},{"damage":18,"enemies":"Spire Growth","floor":45,"turns":5},{"damage":0,"enemies":"Maw","floor":46,"turns":9},{"damage":0,"enemies":"4 Shapes","floor":48,"turns":3},{"damage":21,"enemies":"Awakened One","floor":50,"turns":14}],"seed_played":"5285009320175426936","potions_obtained":[{"floor":2,"key":"Explosive Potion"},{"floor":5,"key":"CunningPotion"},{"floor":10,"key":"ColorlessPotion"},{"floor":13,"key":"LiquidBronze"},{"floor":22,"key":"ColorlessPotion"},{"floor":28,"key":"Swift Potion"},{"floor":36,"key":"SteroidPotion"},{"floor":45,"key":"Fire Potion"}],"is_trial":false,"path_per_floor":["M","M","$","?","M","R","M","R","T","M","M","E","M","?","R","B",null,"M","M","$","?","E","R","$","R","T","R","M","M","M","$","R","B",null,"M","M","?","T","$","R","$","M","T","E","M","M","T","M","R","B",null],"character_chosen":"THE_SILENT","items_purchased":["Footwork","Bag of Preparation","Swift Potion","Deep Breath","Swift Potion","Art of War"],"campfire_rested":3,"item_purchase_floors":[20,20,20,20,24,39],"current_hp_per_floor":[70,70,70,59,59,59,59,59,59,59,58,40,40,45,45,44,75,41,39,39,39,33,33,33,33,33,33,33,26,13,13,35,8,75,69,69,69,69,69,75,75,73,73,31,13,13,13,13,35,14],"gold":132,"neow_bonus":"","is_daily":true,"chose_seed":false,"campfire_upgraded":6,"win_rate":0.0,"timestamp":1612596339,"path_taken":["M","M","$","?","M","R","M","R","T","M","M","E","M","?","R","BOSS","M","M","$","?","?","R","$","R","T","R","M","M","M","$","R","BOSS","M","M","?","?","$","R","?","M","T","?","?","M","?","M","R","BOSS"],"items_purchased_type":["Card","Relic","Potion","Card","Potion","Relic"],"build_version":"2020-12-22","purchased_purges":0,"victory":true,"max_hp_per_floor":[70,70,70,70,70,70,70,70,70,70,70,70,70,75,75,75,75,75,75,75,75,75,75,75,75,75,75,75,75,75,75,75,75,75,75,75,75,75,75,75,75,75,75,75,75,75,75,75,75,75],"relic_stats":{"Dream Catcher":3,"Centennial Puzzle":[24],"counters":[24,142],"Astrolabe":["Sever Soul","Storm of Steel","Shrug It Off"],"Pen Nib":[4],"PreservedInsect":0,"Bag of Preparation":[26],"Art of War":[12],"obtain_stats":[{"Astrolabe":17,"Vajra":38,"Pen Nib":43,"PreservedInsect":47,"Bag of Preparation":20,"Bottled Tornado":12,"Ancient Tea Set":9,"Mercury Hourglass":44,"Dream Catcher":22,"Centennial Puzzle":26,"Fusion Hammer":34,"Art of War":39,"Ring of the Snake":0},{"Astrolabe":9,"Vajra":18,"Pen Nib":19,"PreservedInsect":22,"Bag of Preparation":11,"Bottled Tornado":7,"Ancient Tea Set":4,"Mercury Hourglass":20,"Dream Catcher":12,"Centennial Puzzle":12,"Fusion Hammer":16,"Art of War":18,"Ring of the Snake":0},{"Astrolabe":33,"Vajra":98,"Pen Nib":104,"PreservedInsect":125,"Bag of Preparation":45,"Bottled Tornado":22,"Ancient Tea Set":14,"Mercury Hourglass":112,"Dream Catcher":52,"Centennial Puzzle":52,"Fusion Hammer":85,"Art of War":98,"Ring of the Snake":0}],"Ring of the Snake":[48],"Mercury Hourglass":[133]},"card_choices":[{"not_picked":["Havoc","Lockon"],"picked":"Rupture","floor":0},{"not_picked":["Clothesline","Iron Wave"],"picked":"Armaments","floor":0},{"not_picked":["Escape Plan","Hello World"],"picked":"PathToVictory","floor":0},{"not_picked":["Cloak And Dagger","Perseverance"],"picked":"Body Slam","floor":0},{"not_picked":["Clothesline","Force Field"],"picked":"Prepared","floor":0},{"not_picked":["Gash","Headbutt"],"picked":"Auto Shields","floor":0},{"not_picked":["Blizzard","Clash"],"picked":"Skewer","floor":0},{"not_picked":["Warcry","Cloak And Dagger"],"picked":"FollowUp","floor":0},{"not_picked":["Beam Cell","Cold Snap"],"picked":"TalkToTheHand","floor":0},{"not_picked":["Pommel Strike","Compile Driver"],"picked":"Entrench","floor":0},{"not_picked":["Sweeping Beam","Clash"],"picked":"Deadly Poison","floor":0},{"not_picked":["Intimidate","Rip and Tear"],"picked":"Quick Slash","floor":0},{"not_picked":["Rupture","EmptyBody"],"picked":"Deadly Poison","floor":0},{"not_picked":["EmptyFist","WreathOfFlame"],"picked":"Stack","floor":0},{"not_picked":["Wild Strike","Underhanded Strike"],"picked":"Flex","floor":0},{"not_picked":["Perfected Strike","SashWhip"],"picked":"Bane","floor":1},{"not_picked":["Headbutt","Havoc"],"picked":"Go for the Eyes","floor":2},{"not_picked":["Adaptation","Clash"],"picked":"Shrug It Off","floor":5},{"not_picked":["Ball Lightning","SashWhip"],"picked":"Crescendo","floor":7},{"not_picked":["Omniscience","Evaluate"],"picked":"Conserve Battery","floor":10},{"not_picked":["ThirdEye","Go for the Eyes"],"picked":"Acrobatics","floor":11},{"not_picked":["Conserve Battery","Omniscience"],"picked":"Heavy Blade","floor":12},{"not_picked":["Evaluate","Pray"],"picked":"Disarm","floor":13},{"not_picked":["Creative AI","Alpha"],"picked":"Juggernaut","floor":16},{"not_picked":["ClearTheMind","Halt"],"picked":"Power Through","floor":18},{"not_picked":["Underhanded Strike","Pommel Strike"],"picked":"Metallicize","floor":19},{"not_picked":["Adaptation","Flying Knee+1"],"picked":"True Grit+1","floor":22},{"not_picked":["Setup","Fasting2+1"],"picked":"Footwork+1","floor":28},{"not_picked":["Fission","White Noise"],"picked":"Pommel Strike+1","floor":29},{"not_picked":["SignatureMove","Shrug It Off"],"picked":"Fire Breathing","floor":30},{"not_picked":["Barrage","Loop"],"picked":"Ghostly Armor+1","floor":32},{"not_picked":["Bludgeon","Establishment"],"picked":"Grand Finale","floor":33},{"not_picked":["Dagger Throw","Dual Wield","Whirlwind+1"],"picked":"SKIP","floor":35},{"not_picked":["Warcry+1","Rampage"],"picked":"Force Field","floor":36},{"not_picked":["Anger+1","Clothesline+1"],"picked":"Hologram","floor":40},{"not_picked":["EmptyBody+1","Flying Knee+1"],"picked":"Noxious Fumes+1","floor":42},{"not_picked":["FearNoEvil","ThirdEye+1"],"picked":"Battle Trance","floor":44},{"not_picked":["Cleave+1","BattleHymn+1"],"picked":"Protect+1","floor":45},{"not_picked":["Leap","Acrobatics","ClearTheMind"],"picked":"SKIP","floor":46},{"not_picked":["Streamline","Outmaneuver+1"],"picked":"CrushJoints+1","floor":48},{"not_picked":["ClearTheMind","Backstab"],"picked":"Havoc+1","floor":49}],"player_experience":786963,"relics_obtained":[{"floor":9,"key":"Ancient Tea Set"},{"floor":12,"key":"Bottled Tornado"},{"floor":22,"key":"Dream Catcher"},{"floor":26,"key":"Centennial Puzzle"},{"floor":38,"key":"Vajra"},{"floor":43,"key":"Pen Nib"},{"floor":44,"key":"Mercury Hourglass"},{"floor":47,"key":"PreservedInsect"}],"event_choices":[{"damage_healed":0,"gold_gain":75,"player_choice":"Gather Gold","damage_taken":11,"max_hp_gain":0,"max_hp_loss":0,"event_name":"World of Goop","floor":4,"gold_loss":0},{"damage_healed":0,"gold_gain":0,"player_choice":"Donut","damage_taken":0,"max_hp_gain":5,"max_hp_loss":0,"event_name":"Big Fish","floor":14,"gold_loss":0},{"cards_removed":["Crescendo"],"damage_healed":0,"gold_gain":0,"player_choice":"Upgrade and Remove","damage_taken":0,"max_hp_gain":0,"max_hp_loss":0,"event_name":"Designer","floor":21,"gold_loss":90,"cards_upgraded":["Deep Breath"]},{"cards_removed":["Acrobatics"],"damage_healed":0,"gold_gain":0,"player_choice":"Removed Skill","damage_taken":0,"max_hp_gain":0,"max_hp_loss":0,"event_name":"Falling","floor":37,"gold_loss":0}],"is_beta":false,"boss_relics":[{"not_picked":["Busted Crown","Sozu"],"picked":"Astrolabe"},{"not_picked":["WristBlade","Empty Cage"],"picked":"Fusion Hammer"}],"items_purged_floors":[],"is_endless":false,"potions_floor_spawned":[2,5,10,13,22,28,36,45],"ascension_level":0}}