{"host":"jwbw4f4imxd0v0b0","time":1612594024,"event":{"mods":["BaseMod","Colored Map","Highlight Path","Minty Spire (QoL Compilation)","Relic Stats","StSLib"],"gold_per_floor":[110,127,127,127,52,87,103,126,176,220,234,234,248,262,262,393,393,406,152,152,171,46,46,46,65,139,159,180,224,224,258,258,383,383,404,428,428,441,459,495,495,495,495,495,514,91,424,48,48,48,48,48,9,39,39],"floor_reached":56,"language":"ENG","playtime":2875,"items_purged":["Pain","Strike_P","Strike_P","FlurryOfBlows"],"score":1354,"play_id":"84c7fae0-22c5-425a-9799-1b13ee1fe909","local_time":"20210206004704","is_ascension_mode":false,"campfire_choices":[{"data":"Eruption","floor":12.0,"key":"SMITH"},{"data":"Wallop","floor":15.0,"key":"SMITH"},{"data":"RitualDagger","floor":23.0,"key":"SMITH"},{"data":"Wallop","floor":30.0,"key":"SMITH"},{"data":"SandsOfTime","floor":32.0,"key":"SMITH"},{"floor":41.0,"key":"RECALL"},{"data":"LikeWater","floor":44.0,"key":"SMITH"},{"data":"Fasting2","floor":49.0,"key":"SMITH"},{"data":"Panacea","floor":52.0,"key":"SMITH"}],"circlet_count":0,"master_deck":["Eruption+1","Vigilance","BowlingBash","SandsOfTime+1","Wallop+1","Halt","CutThroughFate","Halt","Wallop+1","DevaForm","SandsOfTime","RitualDagger+1","LikeWater+1","Decay","LikeWater+1","SpiritShield","Perseverance+1","InnerPeace","WreathOfFlame+1","JustLucky","Tantrum+1","Panacea+1","Fasting2+1","WaveOfTheHand"],"relics":["Empty Cage","WarpedTongs","Bottled Flame","Nunchaku","Potion Belt","Snecko Eye","Pen Nib","Letter Opener","Lantern","Bag of Marbles","Pandora\u0027s Box","Juzu Bracelet","War Paint","Sling","Membership Card","TeardropLocket","Boot"],"acts_visited":["Exordium","TheCity","TheBeyond","TheEnding"],"potions_floor_usage":[55,55,55,55,55],"damage_taken":[{"damage":1.0,"enemies":"Jaw Worm","floor":1.0,"turns":5.0},{"damage":0.0,"enemies":"Small Slimes","floor":2.0,"turns":2.0},{"damage":11.0,"enemies":"Lagavulin","floor":6.0,"turns":7.0},{"damage":0.0,"enemies":"Cultist","floor":7.0,"turns":3.0},{"damage":0.0,"enemies":"3 Louse","floor":8.0,"turns":2.0},{"damage":0.0,"enemies":"Gremlin Nob","floor":10.0,"turns":2.0},{"damage":0.0,"enemies":"Large Slime","floor":11.0,"turns":3.0},{"damage":0.0,"enemies":"Red Slaver","floor":13.0,"turns":2.0},{"damage":0.0,"enemies":"Blue Slaver","floor":14.0,"turns":4.0},{"damage":10.0,"enemies":"The Guardian","floor":16.0,"turns":9.0},{"damage":2.0,"enemies":"2 Thieves","floor":18.0,"turns":3.0},{"damage":0.0,"enemies":"Spheric Guardian","floor":21.0,"turns":1.0},{"damage":0.0,"enemies":"Snecko","floor":25.0,"turns":3.0},{"damage":0.0,"enemies":"3 Cultists","floor":27.0,"turns":2.0},{"damage":2.0,"enemies":"Snake Plant","floor":28.0,"turns":3.0},{"damage":2.0,"enemies":"Slavers","floor":29.0,"turns":2.0},{"damage":6.0,"enemies":"Book of Stabbing","floor":31.0,"turns":5.0},{"damage":0.0,"enemies":"Automaton","floor":33.0,"turns":7.0},{"damage":0.0,"enemies":"Orb Walker","floor":35.0,"turns":1.0},{"damage":0.0,"enemies":"3 Darklings","floor":36.0,"turns":3.0},{"damage":0.0,"enemies":"Spire Growth","floor":38.0,"turns":1.0},{"damage":0.0,"enemies":"Jaw Worm Horde","floor":39.0,"turns":3.0},{"damage":0.0,"enemies":"Giant Head","floor":40.0,"turns":6.0},{"damage":0.0,"enemies":"Maw","floor":45.0,"turns":2.0},{"damage":29.0,"enemies":"Awakened One","floor":50.0,"turns":7.0},{"damage":0.0,"enemies":"Shield and Spear","floor":54.0,"turns":3.0},{"damage":60,"enemies":"The Heart","floor":55,"turns":12}],"seed_played":"-3874771166100154813","potions_obtained":[{"floor":6.0,"key":"BlessingOfTheForge"},{"floor":8.0,"key":"Dexterity Potion"},{"floor":13.0,"key":"PowerPotion"},{"floor":16.0,"key":"SpeedPotion"},{"floor":18.0,"key":"Regen Potion"},{"floor":21.0,"key":"Block Potion"},{"floor":27.0,"key":"GamblersBrew"},{"floor":29.0,"key":"DuplicationPotion"},{"floor":38.0,"key":"PowerPotion"},{"floor":45.0,"key":"StancePotion"}],"is_trial":false,"path_per_floor":["M","M","?","?","$","E","M","M","T","E","M","R","M","M","R","B",null,"M","$","?","M","$","R","?","M","T","M","M","E","R","E","R","B",null,"M","M","?","M","M","E","R","?","T","R","M","$","?","$","R","B",null,"R","$","E","B",null],"character_chosen":"WATCHER","items_purchased":["Pen Nib","Panacea","Fasting2","War Paint","Sling","Membership Card","TeardropLocket","DuplicationPotion","WaveOfTheHand"],"campfire_rested":0,"item_purchase_floors":[19,46,46,46,46,48,48,48,53],"current_hp_per_floor":[71,71,67,67,67,56,56,56,56,56,56,56,56,56,56,46,67,65,65,59,59,59,59,59,59,59,59,57,55,55,49,49,49,67,67,67,67,67,67,67,67,67,67,67,67,67,67,67,67,38,67,67,67,67,7],"gold":39,"neow_bonus":"BOSS_RELIC","is_daily":false,"chose_seed":false,"campfire_upgraded":8,"win_rate":0.0,"timestamp":1612594024,"path_taken":["M","M","?","?","$","E","?","M","T","E","M","R","M","M","R","BOSS","M","$","?","M","$","R","?","?","T","M","M","E","R","E","R","BOSS","M","M","?","M","M","E","R","?","T","R","M","?","?","$","R","BOSS","R","$","E","BOSS"],"items_purchased_type":["Relic","Card","Card","Relic","Relic","Relic","Relic","Potion","Card"],"build_version":"2020-12-22","purchased_purges":4,"victory":true,"max_hp_per_floor":[72,72,67,67,67,67,67,67,67,67,67,67,67,67,67,67,67,67,67,67,67,67,67,67,67,67,67,67,67,67,67,67,67,67,67,67,67,67,67,67,67,67,67,67,67,67,67,67,67,67,67,67,67,67,67],"relic_stats":{"Nunchaku":[19],"counters":[27,103],"Snecko Eye":[129,127,95,110],"Pandora\u0027s Box":["Perseverance","InnerPeace","WreathOfFlame","JustLucky"],"Pen Nib":[14],"Juzu Bracelet":0,"Letter Opener":[40],"War Paint":["WreathOfFlame","Perseverance"],"Boot":[0],"obtain_stats":[{"Potion Belt":10,"Lantern":29,"Golden Idol":3,"Pen Nib":19,"Juzu Bracelet":40,"Letter Opener":26,"TeardropLocket":48,"War Paint":46,"Empty Cage":0,"Sling":46,"Boot":54,"WarpedTongs":4,"Bottled Flame":6,"Nunchaku":9,"Snecko Eye":17,"Pandora\u0027s Box":34,"Bag of Marbles":31,"Membership Card":48,"PureWater":0},{"Potion Belt":6,"Lantern":16,"Golden Idol":2,"Pen Nib":11,"Juzu Bracelet":23,"Letter Opener":13,"TeardropLocket":24,"War Paint":24,"Empty Cage":0,"Sling":24,"Boot":26,"WarpedTongs":2,"Bottled Flame":3,"Nunchaku":5,"Snecko Eye":10,"Pandora\u0027s Box":18,"Bag of Marbles":17,"Membership Card":24,"PureWater":0},{"Potion Belt":21,"Lantern":53,"Golden Idol":7,"Pen Nib":42,"Juzu Bracelet":79,"Letter Opener":46,"TeardropLocket":81,"War Paint":81,"Empty Cage":0,"Sling":81,"Boot":91,"WarpedTongs":7,"Bottled Flame":14,"Nunchaku":19,"Snecko Eye":39,"Pandora\u0027s Box":65,"Bag of Marbles":58,"Membership Card":81,"PureWater":0}],"WarpedTongs":[94]},"card_choices":[{"not_picked":["CrushJoints","Protect"],"picked":"BowlingBash","floor":1.0},{"not_picked":["BattleHymn","EmptyFist"],"picked":"SandsOfTime","floor":2.0},{"not_picked":["Blasphemy","FlurryOfBlows"],"picked":"Wallop","floor":6.0},{"not_picked":["CarveReality","JustLucky"],"picked":"Halt","floor":7.0},{"not_picked":["InnerPeace","FollowUp"],"picked":"CutThroughFate","floor":8.0},{"not_picked":["Sanctity","BattleHymn"],"picked":"EmptyMind","floor":10.0},{"not_picked":["EmptyBody","FollowUp"],"picked":"Halt","floor":11.0},{"not_picked":["CrushJoints","Collect"],"picked":"FlurryOfBlows","floor":13.0},{"not_picked":["ClearTheMind","FollowUp"],"picked":"Wallop","floor":14.0},{"not_picked":["Judgement","Establishment"],"picked":"DevaForm","floor":16.0},{"not_picked":["Protect+1","FlyingSleeves"],"picked":"SandsOfTime","floor":18.0},{"not_picked":["ThirdEye+1","Evaluate"],"picked":"LikeWater","floor":21.0},{"not_picked":["SashWhip","ClearTheMind"],"picked":"LikeWater+1","floor":25.0},{"not_picked":["ConjureBlade","Prostrate","CarveReality"],"picked":"SKIP","floor":27.0},{"not_picked":["SashWhip+1","Sanctity","Swivel"],"picked":"SKIP","floor":28.0},{"not_picked":["FlyingSleeves","Halt","Consecrate"],"picked":"SKIP","floor":29.0},{"not_picked":["CutThroughFate","Wireheading","Meditate"],"picked":"SKIP","floor":31.0},{"not_picked":["Alpha","ConjureBlade"],"picked":"SpiritShield","floor":33.0},{"not_picked":["CutThroughFate","InnerPeace+1","Consecrate"],"picked":"SKIP","floor":35.0},{"not_picked":["Crescendo","WaveOfTheHand+1","CutThroughFate"],"picked":"SKIP","floor":36.0},{"not_picked":["Evaluate","Crescendo","SashWhip+1"],"picked":"SKIP","floor":38.0},{"not_picked":["Crescendo","EmptyFist"],"picked":"Tantrum+1","floor":39.0},{"not_picked":["BattleHymn+1","ThirdEye","CutThroughFate"],"picked":"SKIP","floor":40.0},{"not_picked":["Establishment","Vengeance","Evaluate"],"picked":"SKIP","floor":45.0},{"not_picked":["SignatureMove","FollowUp","Consecrate+1"],"picked":"SKIP","floor":54.0}],"player_experience":1220824,"relics_obtained":[{"floor":6.0,"key":"Bottled Flame"},{"floor":9.0,"key":"Nunchaku"},{"floor":10.0,"key":"Potion Belt"},{"floor":26.0,"key":"Letter Opener"},{"floor":29.0,"key":"Lantern"},{"floor":31.0,"key":"Bag of Marbles"},{"floor":40.0,"key":"Juzu Bracelet"},{"floor":54.0,"key":"Boot"}],"event_choices":[{"damage_healed":0.0,"max_hp_gain":0.0,"max_hp_loss":5.0,"gold_gain":0.0,"event_name":"Golden Idol","player_choice":"Lose Max HP","floor":3.0,"gold_loss":0.0,"damage_taken":0.0,"relics_obtained":["Golden Idol"]},{"damage_healed":0.0,"max_hp_gain":0.0,"max_hp_loss":0.0,"gold_gain":0.0,"event_name":"Accursed Blacksmith","player_choice":"Rummage","floor":4.0,"gold_loss":0.0,"damage_taken":0.0,"relics_obtained":["WarpedTongs"],"cards_obtained":["Pain"]},{"damage_healed":0.0,"max_hp_gain":0.0,"max_hp_loss":0.0,"gold_gain":0.0,"event_name":"Nest","player_choice":"Joined the Cult","floor":20.0,"gold_loss":0.0,"damage_taken":6.0,"cards_obtained":["RitualDagger"]},{"damage_healed":0.0,"max_hp_gain":0.0,"max_hp_loss":0.0,"gold_gain":0.0,"event_name":"Wheel of Change","player_choice":"Cursed","floor":24.0,"gold_loss":0.0,"damage_taken":0.0,"cards_obtained":["Decay"]},{"damage_healed":0.0,"max_hp_gain":0.0,"max_hp_loss":0.0,"gold_gain":0.0,"event_name":"Tomb of Lord Red Mask","player_choice":"Ignored","floor":37.0,"gold_loss":0.0,"damage_taken":0.0},{"cards_removed":["EmptyMind"],"damage_healed":0.0,"max_hp_gain":0.0,"max_hp_loss":0.0,"gold_gain":0.0,"event_name":"Falling","player_choice":"Removed Skill","floor":42.0,"gold_loss":0.0,"damage_taken":0.0},{"damage_healed":0.0,"max_hp_gain":0.0,"max_hp_loss":0.0,"gold_gain":333.0,"event_name":"The Moai Head","player_choice":"Gave Idol","floor":47.0,"relics_lost":["Golden Idol"],"gold_loss":0.0,"damage_taken":0.0}],"is_beta":false,"boss_relics":[{"not_picked":["Busted Crown","Calling Bell"],"picked":"Snecko Eye"},{"not_picked":["SacredBark","SlaversCollar"],"picked":"Pandora\u0027s Box"}],"items_purged_floors":[5,19,22,48],"is_endless":false,"potions_floor_spawned":[6,8,13,16,18,21,27,29,35,38,45,54],"ascension_level":0}}