{"host":"my77oq6kb6j47rwl","time":1612648877,"event":{"mods":["BaseMod","Better Third Choice","Curses Come First","Displayed Cursed Tome","Emptier Cage","Hermit","Ironclad Rager","Minty Spire (QoL Compilation)","Quick Restart","Rare Cards Sparkle","StSLib"],"gold_per_floor":[13,33,51,51,61,94,94,125,125,125,125,125,50,76,76,151,151,163,183,196,196,210,210,210],"floor_reached":23,"language":"ENG","playtime":1670,"items_purged":["Strike_R"],"score":359,"play_id":"c2e50ec0-c5de-41e2-b937-6d414c4b5631","local_time":"20210206170117","is_ascension_mode":true,"campfire_choices":[{"floor":7,"key":"REST"},{"floor":10,"key":"REST"},{"data":"Whirlwind","floor":12,"key":"SMITH"},{"data":"Disarm","floor":15,"key":"SMITH"}],"circlet_count":0,"master_deck":["AscendersBane","Strike_R","Strike_R","Strike_R","Strike_R","Defend_R","Defend_R","Defend_R","Defend_R","Bash","Bludgeon","Disarm+1","Spot Weakness","Whirlwind+1","Metallicize","Rampage+1","Double Tap","Headbutt+1","Pommel Strike+1"],"relics":["Burning Blood","Boot","White Beast Statue","Molten Egg 2","Paper Frog","Coffee Dripper"],"acts_visited":["Exordium","TheCity"],"potions_floor_usage":[5,8,8,23],"damage_taken":[{"damage":6,"enemies":"Cultist","floor":1,"turns":3},{"damage":6,"enemies":"2 Louse","floor":2,"turns":3},{"damage":12,"enemies":"Jaw Worm","floor":3,"turns":2},{"damage":20,"enemies":"Exordium Wildlife","floor":5,"turns":5},{"damage":57,"enemies":"Lagavulin","floor":6,"turns":7},{"damage":32,"enemies":"3 Sentries","floor":8,"turns":5},{"damage":28,"enemies":"Gremlin Nob","floor":14,"turns":4},{"damage":24,"enemies":"Hexaghost","floor":16,"turns":10},{"damage":7,"enemies":"Shell Parasite","floor":18,"turns":4},{"damage":6,"enemies":"3 Byrds","floor":19,"turns":4},{"damage":23,"enemies":"Centurion and Healer","floor":20,"turns":6},{"damage":17,"enemies":"Cultist and Chosen","floor":22,"turns":6},{"damage":30,"enemies":"Slavers","floor":23,"turns":1}],"seed_played":"-5214922888223193955","potions_obtained":[{"floor":1,"key":"BloodPotion"},{"floor":2,"key":"SteroidPotion"},{"floor":5,"key":"Weak Potion"},{"floor":6,"key":"DistilledChaos"},{"floor":14,"key":"Explosive Potion"},{"floor":16,"key":"SkillPotion"},{"floor":18,"key":"LiquidMemories"},{"floor":19,"key":"BlessingOfTheForge"}],"is_trial":false,"path_per_floor":["M","M","M","$","M","E","R","E","T","R","?","R","$","E","R","B",null,"M","M","M","?","M","E"],"character_chosen":"IRONCLAD","items_purchased":[],"campfire_rested":2,"item_purchase_floors":[],"current_hp_per_floor":[68,68,62,62,63,12,34,8,8,30,55,55,55,33,33,15,60,59,59,42,35,24,0,0],"gold":210,"neow_bonus":"THREE_RARE_CARDS","is_daily":false,"chose_seed":false,"campfire_upgraded":2,"win_rate":0.0,"timestamp":1612648877,"path_taken":["M","M","?","$","M","E","R","E","T","R","?","R","?","E","R","BOSS","M","M","M","?","?","E"],"items_purchased_type":[],"build_version":"2020-12-22","purchased_purges":1,"victory":false,"max_hp_per_floor":[75,75,75,75,75,75,75,75,75,75,75,75,75,75,75,75,75,75,75,75,75,75,75,75],"card_choices":[{"not_picked":["Limit Break","Reaper"],"picked":"Bludgeon","floor":0},{"not_picked":["Blood for Blood","Whirlwind"],"picked":"Disarm","floor":1},{"not_picked":["Warcry","Shockwave"],"picked":"Spot Weakness","floor":2},{"not_picked":["Warcry","Perfected Strike","Dark Embrace"],"picked":"SKIP","floor":3},{"not_picked":["Dual Wield","Anger"],"picked":"Whirlwind","floor":5},{"not_picked":["Entrench","Cleave","Dual Wield"],"picked":"SKIP","floor":6},{"not_picked":["Infernal Blade","Feel No Pain"],"picked":"Metallicize","floor":8},{"not_picked":["Sentinel","True Grit"],"picked":"Rampage+1","floor":14},{"not_picked":["Offering","Immolate+1"],"picked":"Double Tap","floor":16},{"not_picked":["Wild Strike+1","Searing Blow+1","Entrench"],"picked":"SKIP","floor":18},{"not_picked":["Perfected Strike+1","Anger+1","Fire Breathing"],"picked":"SKIP","floor":19},{"not_picked":["Thunderclap+1","Armaments"],"picked":"Headbutt+1","floor":20},{"not_picked":["Clash+1","Whirlwind+1"],"picked":"Pommel Strike+1","floor":22}],"player_experience":1081883,"relics_obtained":[{"floor":6,"key":"Boot"},{"floor":8,"key":"White Beast Statue"},{"floor":9,"key":"Molten Egg 2"},{"floor":14,"key":"Paper Frog"}],"event_choices":[{"damage_healed":25,"gold_gain":0,"player_choice":"Banana","damage_taken":0,"max_hp_gain":0,"max_hp_loss":0,"event_name":"Big Fish","floor":11,"gold_loss":0},{"damage_healed":0,"gold_gain":0,"player_choice":"Damaged","damage_taken":7,"max_hp_gain":0,"max_hp_loss":0,"event_name":"Wheel of Change","floor":21,"gold_loss":0}],"is_beta":false,"boss_relics":[{"not_picked":["Sozu","SlaversCollar"],"picked":"Coffee Dripper"}],"items_purged_floors":[13],"is_endless":false,"potions_floor_spawned":[1,2,5,6,14,16,18,19,20,22],"killed_by":"Slavers","ascension_level":14}}