{"host":"kkheweh6jrpo3b02","time":1612636471,"event":{"mods":["AchievementEnabler","BaseMod","Colored Map","Googly Eyes","Jorbs\u0027s Wanderer Trilogy","Minty Spire (QoL Compilation)","Quick Restart","Replay The Spire","StSLib","SuperFastMode","The Construct","The Runesmith"],"gold_per_floor":[119,119,119,135,135,170,189,222,287,313,325,325],"floor_reached":11,"language":"ENG","playtime":1168,"items_purged":[],"score":108,"play_id":"c19b77e6-b2ca-4c5a-82ab-6399cb4b03fa","local_time":"20210206133431","is_ascension_mode":false,"campfire_choices":[],"circlet_count":0,"master_deck":["Runesmith:Strike_RS","Runesmith:Strike_RS","Runesmith:Strike_RS","Runesmith:Defend_RS","Runesmith:Defend_RS","Runesmith:Defend_RS","Runesmith:Defend_RS","Runesmith:CraftFirestone","Runesmith:Fortify","Runesmith:Grindstone","Runesmith:CraftPrismatica","Runesmith:RunicBlueprint","Runesmith:PerfectChisel","Runesmith:Grindstone","Runesmith:Firestorm"],"relics":["Runesmith:BrokenRuby","NeowsBlessing","FaceOfCleric","Singing Bowl","MawBank","Strawberry"],"acts_visited":["Exordium"],"potions_floor_usage":[],"damage_taken":[{"damage":0,"enemies":"Jaw Worm","floor":1,"turns":1},{"damage":0,"enemies":"2 Louse","floor":4,"turns":1},{"damage":0,"enemies":"Gremlin Nob","floor":6,"turns":1},{"damage":1,"enemies":"Cultist","floor":7,"turns":4},{"damage":11,"enemies":"Lagavulin","floor":8,"turns":8},{"damage":12,"enemies":"2 Fungi Beasts","floor":10,"turns":4},{"damage":99,"enemies":"Gremlin Nob","floor":11,"turns":6}],"seed_played":"-4381480088978728921","potions_obtained":[{"floor":4,"key":"construct:ShiftPotion"},{"floor":7,"key":"DuplicationPotion"}],"is_trial":false,"path_per_floor":["M","?","?","M","?","E","M","E","T","M","E"],"character_chosen":"RUNESMITH_CLASS","items_purchased":[],"campfire_rested":0,"item_purchase_floors":[],"current_hp_per_floor":[70,70,70,70,70,71,73,63,70,59,0,0],"gold":325,"neow_bonus":"THREE_ENEMY_KILL","is_daily":false,"chose_seed":false,"campfire_upgraded":0,"win_rate":0.0,"timestamp":1612636471,"path_taken":["M","?","?","?","?","E","M","E","T","M","E"],"items_purchased_type":[],"build_version":"2020-12-22","purchased_purges":0,"victory":false,"max_hp_per_floor":[70,70,70,70,70,71,74,75,82,83,83,83],"card_choices":[{"not_picked":["Runesmith:Overpower","Runesmith:CraftIncendium"],"picked":"Runesmith:Grindstone","floor":1},{"not_picked":["Runesmith:HeatedChisel","Runesmith:UnstableHammer"],"picked":"Runesmith:RunicBlueprint","floor":4},{"not_picked":["Runesmith:FissionHammer","Runesmith:CraftMagma"],"picked":"Runesmith:PerfectChisel","floor":6},{"not_picked":["Runesmith:HeatedChisel","Runesmith:ChiselStab","Runesmith:Refine"],"picked":"Singing Bowl","floor":7},{"not_picked":["Runesmith:CreatorForm","Runesmith:HammerThrow"],"picked":"Runesmith:Grindstone","floor":8},{"not_picked":["Runesmith:CraftIncendium","Runesmith:HeatedChisel"],"picked":"Runesmith:Firestorm","floor":10}],"player_experience":499010,"relics_obtained":[{"floor":6,"key":"Singing Bowl"},{"floor":8,"key":"MawBank"},{"floor":9,"key":"Strawberry"}],"event_choices":[{"damage_healed":0,"gold_gain":0,"cards_transformed":["Runesmith:Strike_RS"],"player_choice":"Transformed","damage_taken":0,"max_hp_gain":0,"max_hp_loss":0,"event_name":"Transmorgrifier","floor":3,"gold_loss":0,"cards_obtained":["Runesmith:CraftPrismatica"]},{"damage_healed":0,"gold_gain":0,"player_choice":"Trade","damage_taken":0,"relics_obtained":["FaceOfCleric"],"max_hp_gain":0,"max_hp_loss":0,"event_name":"FaceTrader","floor":5,"gold_loss":0}],"is_beta":false,"boss_relics":[],"items_purged_floors":[],"is_endless":false,"potions_floor_spawned":[4,7],"killed_by":"Gremlin Nob","ascension_level":0}}