{"host":"hk6dyp3pgs92n0l4","time":1612591628,"event":{"mods":["AchievementEnabler","BaseMod","Colored Powertips","GifTheSpireLib","Minty Spire (QoL Compilation)","StSLib","The Hierophant"],"gold_per_floor":[109,125,140,140,158,184,196,196,196,224,234,234,247,264,264,264,264],"floor_reached":16,"language":"ENG","playtime":665,"items_purged":[],"score":128,"play_id":"8170f576-15e5-4c27-8c6c-138a95384d1e","local_time":"20210205220708","is_ascension_mode":true,"campfire_choices":[{"data":"Cold Snap","floor":8,"key":"SMITH"},{"data":"Glacier","floor":12,"key":"SMITH"},{"data":"Rainbow","floor":15,"key":"SMITH"}],"circlet_count":0,"master_deck":["Strike_B+1","Strike_B","Strike_B","Strike_B","Defend_B","Defend_B","Defend_B","Defend_B","Zap+1","Dualcast","Glacier+1","Ball Lightning","Cold Snap+1","Glacier","Doom and Gloom","Coolheaded","Rainbow+1"],"relics":["Cracked Core","Matryoshka","Centennial Puzzle","Blue Candle"],"acts_visited":["Exordium"],"potions_floor_usage":[10,10,16,16,16],"damage_taken":[{"damage":10,"enemies":"Small Slimes","floor":1,"turns":4},{"damage":0,"enemies":"2 Louse","floor":2,"turns":4},{"damage":1,"enemies":"Jaw Worm","floor":3,"turns":3},{"damage":4,"enemies":"Exordium Thugs","floor":5,"turns":4},{"damage":13,"enemies":"Gremlin Nob","floor":6,"turns":5},{"damage":3,"enemies":"3 Louse","floor":7,"turns":4},{"damage":8,"enemies":"3 Sentries","floor":10,"turns":11},{"damage":1,"enemies":"Looter","floor":11,"turns":3},{"damage":0,"enemies":"Red Slaver","floor":13,"turns":3},{"damage":1,"enemies":"Blue Slaver","floor":14,"turns":4},{"damage":26,"enemies":"Hexaghost","floor":16,"turns":10}],"seed_played":"-2594177450852446574","potions_obtained":[{"floor":1,"key":"PotionOfCapacity"},{"floor":6,"key":"PowerPotion"},{"floor":10,"key":"SkillPotion"},{"floor":11,"key":"SteroidPotion"},{"floor":14,"key":"Ancient Potion"}],"is_trial":false,"path_per_floor":["M","M","M","?","M","E","M","R","T","E","M","R","M","M","R","B"],"character_chosen":"DEFECT","items_purchased":[],"campfire_rested":0,"item_purchase_floors":[],"current_hp_per_floor":[72,72,71,55,51,38,35,35,35,27,26,26,26,25,25,0,0],"gold":264,"neow_bonus":"TEN_PERCENT_HP_BONUS","is_daily":false,"chose_seed":false,"campfire_upgraded":3,"win_rate":0.0,"timestamp":1612591628,"path_taken":["M","M","M","?","M","E","M","R","T","E","M","R","M","M","R","BOSS"],"items_purchased_type":[],"build_version":"2020-12-22","purchased_purges":0,"victory":false,"max_hp_per_floor":[82,82,82,82,82,82,82,82,82,82,82,82,82,82,82,82,82],"card_choices":[{"not_picked":["Heatsinks","Compile Driver"],"picked":"Glacier","floor":1},{"not_picked":["Sweeping Beam","Sunder"],"picked":"Ball Lightning","floor":2},{"not_picked":["Darkness","Leap"],"picked":"Cold Snap","floor":3},{"not_picked":["Compile Driver","Sunder","Conserve Battery"],"picked":"SKIP","floor":5},{"not_picked":["FTL","Creative AI"],"picked":"Glacier","floor":6},{"not_picked":["Streamline","Rebound","Beam Cell"],"picked":"SKIP","floor":7},{"not_picked":["Go for the Eyes","Rip and Tear","Reboot"],"picked":"SKIP","floor":10},{"not_picked":["Turbo","Redo"],"picked":"Doom and Gloom","floor":11},{"not_picked":["Beam Cell","Undo"],"picked":"Coolheaded","floor":13},{"not_picked":["Steam Power","Cold Snap"],"picked":"Rainbow","floor":14}],"player_experience":106647,"relics_obtained":[{"floor":6,"key":"Matryoshka"},{"floor":9,"key":"Centennial Puzzle"},{"floor":10,"key":"Blue Candle"}],"event_choices":[{"damage_healed":0,"gold_gain":0,"player_choice":"Entered Light","damage_taken":16,"max_hp_gain":0,"max_hp_loss":0,"event_name":"Shining Light","floor":4,"gold_loss":0,"cards_upgraded":["Zap","Strike_B"]}],"is_beta":false,"boss_relics":[],"items_purged_floors":[],"is_endless":false,"potions_floor_spawned":[1,6,10,11,14],"killed_by":"Hexaghost","ascension_level":2}}