{"host":"johnydays","time":1612620735,"event":{"mods":["BaseMod","Bestiary","Block Reminder","Colored Map","Colored Powertips","DeckTracker","Highlight Path","Minty Spire (QoL Compilation)","Relic Stats","Slay-I","StSLib","SuperFastMode"],"gold_per_floor":[109,159,175,194,214,240,254,254,334,366,366,381,381,412,412,491,491,502,417,302,315,54,54,66,97,167,179,179,179],"floor_reached":28,"language":"ENG","playtime":1274,"items_purged":["Strike_G"],"score":455,"play_id":"fb04846e-872c-4935-b7ae-26194b31669e","local_time":"20210206141215","is_ascension_mode":true,"campfire_choices":[{"floor":8,"key":"REST"},{"floor":11,"key":"REST"},{"data":"Noxious Fumes","floor":13,"key":"SMITH"},{"data":"Leg Sweep","floor":15,"key":"SMITH"},{"data":"Footwork","floor":23,"key":"SMITH"}],"circlet_count":0,"master_deck":["AscendersBane","Strike_G","Strike_G","Strike_G","Strike_G","Defend_G","Defend_G","Defend_G","Defend_G","Defend_G","Survivor","Neutralize","Backstab","Dagger Spray","Leg Sweep+1","Backflip","Backflip","Noxious Fumes+1","Terror","Adrenaline","Footwork+1","Deadly Poison+1","Outmaneuver+1","Prepared+1"],"relics":["Ring of the Snake","NeowsBlessing","Vajra","White Beast Statue","Unceasing Top","Bag of Preparation","Runic Pyramid","Dream Catcher","Toxic Egg 2","Gremlin Horn","Paper Crane"],"acts_visited":["Exordium","TheCity"],"potions_floor_usage":[6,10,14,16,16,28],"damage_taken":[{"damage":0,"enemies":"Jaw Worm","floor":1,"turns":1},{"damage":0,"enemies":"Cultist","floor":3,"turns":1},{"damage":0,"enemies":"Small Slimes","floor":4,"turns":1},{"damage":0,"enemies":"Looter","floor":5,"turns":4},{"damage":38,"enemies":"Lagavulin","floor":6,"turns":12},{"damage":1,"enemies":"Blue Slaver","floor":7,"turns":4},{"damage":22,"enemies":"Gremlin Nob","floor":10,"turns":5},{"damage":0,"enemies":"3 Louse","floor":12,"turns":2},{"damage":7,"enemies":"3 Sentries","floor":14,"turns":6},{"damage":10,"enemies":"Hexaghost","floor":16,"turns":11},{"damage":0,"enemies":"Shell Parasite","floor":18,"turns":7},{"damage":7,"enemies":"3 Byrds","floor":21,"turns":5},{"damage":7,"enemies":"Centurion and Healer","floor":24,"turns":8},{"damage":6,"enemies":"Gremlin Leader","floor":25,"turns":9},{"damage":18,"enemies":"Sentry and Sphere","floor":27,"turns":10},{"damage":25,"enemies":"Slavers","floor":28,"turns":3}],"seed_played":"-8870986496142721752","potions_obtained":[{"floor":1,"key":"AttackPotion"},{"floor":3,"key":"EssenceOfSteel"},{"floor":6,"key":"GhostInAJar"},{"floor":10,"key":"Weak Potion"},{"floor":12,"key":"Poison Potion"},{"floor":14,"key":"Regen Potion"},{"floor":16,"key":"Poison Potion"},{"floor":18,"key":"Strength Potion"},{"floor":21,"key":"BlessingOfTheForge"}],"is_trial":false,"path_per_floor":["M","?","M","M","M","E","M","R","T","E","R","M","R","E","R","B",null,"M","?","$","M","$","R","M","E","T","M","E"],"character_chosen":"THE_SILENT","items_purchased":["Footwork","Toxic Egg 2"],"campfire_rested":2,"item_purchase_floors":[20,22],"current_hp_per_floor":[59,53,53,53,53,15,14,33,33,11,30,30,30,23,23,28,57,57,57,57,50,50,50,43,37,37,19,0,0],"gold":179,"neow_bonus":"THREE_ENEMY_KILL","is_daily":false,"chose_seed":false,"campfire_upgraded":3,"win_rate":0.0,"timestamp":1612620735,"path_taken":["M","?","M","?","M","E","M","R","T","E","R","M","R","E","R","BOSS","M","?","$","M","$","R","M","E","T","M","E"],"items_purchased_type":["Card","Relic"],"build_version":"2020-12-18","purchased_purges":1,"victory":false,"max_hp_per_floor":[66,66,66,66,66,66,66,66,66,66,66,66,66,66,66,66,66,66,66,66,66,66,66,66,66,66,66,66,66],"relic_stats":{"Dream Catcher":0,"Gremlin Horn":[2,2],"counters":[16,89],"Bag of Preparation":[14],"obtain_stats":[{"Dream Catcher":19,"NeowsBlessing":0,"Gremlin Horn":25,"Vajra":6,"Bag of Preparation":14,"Toxic Egg 2":22,"Paper Crane":26,"White Beast Statue":9,"Unceasing Top":10,"Ring of the Snake":0,"Runic Pyramid":17},{"Dream Catcher":11,"NeowsBlessing":0,"Gremlin Horn":14,"Vajra":5,"Bag of Preparation":9,"Toxic Egg 2":12,"Paper Crane":14,"White Beast Statue":6,"Unceasing Top":7,"Ring of the Snake":0,"Runic Pyramid":10},{"Dream Catcher":54,"NeowsBlessing":0,"Gremlin Horn":76,"Vajra":19,"Bag of Preparation":36,"Toxic Egg 2":59,"Paper Crane":76,"White Beast Statue":23,"Unceasing Top":28,"Ring of the Snake":0,"Runic Pyramid":47}],"Unceasing Top":[0],"Ring of the Snake":[32]},"card_choices":[{"not_picked":["Heel Hook","Quick Slash","Well Laid Plans"],"picked":"SKIP","floor":1},{"not_picked":["Deflect","Flying Knee"],"picked":"Backstab","floor":3},{"not_picked":["Catalyst","Deflect"],"picked":"Dagger Spray","floor":4},{"not_picked":["Tools of the Trade","Deadly Poison"],"picked":"Leg Sweep","floor":5},{"not_picked":["Poisoned Stab","Cloak And Dagger"],"picked":"Backflip","floor":6},{"not_picked":["Cloak And Dagger","Glass Knife"],"picked":"Backflip","floor":7},{"not_picked":["Eviscerate","Poisoned Stab","Setup"],"picked":"SKIP","floor":10},{"not_picked":["Distraction","Predator"],"picked":"Noxious Fumes","floor":12},{"not_picked":["Skewer","Bane"],"picked":"Terror","floor":14},{"not_picked":["Burst","Malaise"],"picked":"Adrenaline","floor":16},{"not_picked":["Flying Knee","Distraction+1","Choke"],"picked":"SKIP","floor":18},{"not_picked":["Blade Dance","PiercingWail+1"],"picked":"Deadly Poison+1","floor":21},{"not_picked":["Accuracy","Bane"],"picked":"Outmaneuver+1","floor":24},{"not_picked":["Flying Knee","Bane","Choke"],"picked":"SKIP","floor":25},{"not_picked":["Blade Dance+1","Masterful Stab"],"picked":"Prepared+1","floor":27}],"player_experience":499203,"relics_obtained":[{"floor":6,"key":"Vajra"},{"floor":9,"key":"White Beast Statue"},{"floor":10,"key":"Unceasing Top"},{"floor":14,"key":"Bag of Preparation"},{"floor":25,"key":"Gremlin Horn"},{"floor":26,"key":"Paper Crane"}],"event_choices":[{"damage_healed":0,"gold_gain":50,"player_choice":"Touch","damage_taken":6,"max_hp_gain":0,"max_hp_loss":0,"event_name":"FaceTrader","floor":2,"gold_loss":0},{"damage_healed":0,"gold_gain":0,"player_choice":"Obtained Relic","damage_taken":0,"relics_obtained":["Dream Catcher"],"max_hp_gain":0,"max_hp_loss":0,"event_name":"Addict","floor":19,"gold_loss":85}],"is_beta":true,"boss_relics":[{"not_picked":["Black Star","Ectoplasm"],"picked":"Runic Pyramid"}],"items_purged_floors":[20],"is_endless":false,"potions_floor_spawned":[1,3,6,10,12,14,16,18,21,24,25,27],"killed_by":"Slavers","ascension_level":15}}