{"host":"nsc6ozq3atyrdr3m","time":1612644914,"event":{"mods":["BaseMod","Colored Map","Minty Spire (QoL Compilation)"],"gold_per_floor":[113,113,126,145,69,69,87,87,87,99,99,133,133,133,133,208,208,227,227,240,240,86,86,113,113,113,113,142,142,154,154,154,154,154],"floor_reached":33,"language":"FRA","playtime":645,"items_purged":["Writhe"],"score":612,"play_id":"68340a1b-b97d-4d32-823d-7f1dea285d88","local_time":"20210206215514","is_ascension_mode":true,"campfire_choices":[{"data":"Whirlwind","floor":6,"key":"SMITH"},{"data":"Pommel Strike","floor":8,"key":"SMITH"},{"data":"Flame Barrier","floor":11,"key":"SMITH"},{"data":"Bash","floor":15,"key":"SMITH"},{"data":"Seeing Red","floor":23,"key":"SMITH"},{"data":"Cleave","floor":25,"key":"SMITH"},{"data":"Double Tap","floor":27,"key":"SMITH"},{"floor":29,"key":"REST"},{"floor":32,"key":"REST"}],"circlet_count":0,"master_deck":["AscendersBane","Bash+1","Flame Barrier+1","Whirlwind+1","Pommel Strike+1","Double Tap+1","Thunderclap","Seeing Red+1","Second Wind"],"relics":["Burning Blood","NeowsBlessing","Lizard Tail","Unceasing Top","Pandora\u0027s Box","Question Card","Dead Branch","Eternal Feather","War Paint"],"acts_visited":["Exordium","TheCity"],"potions_floor_usage":[12,16,28],"damage_taken":[{"damage":0,"enemies":"Cultist","floor":1,"turns":1},{"damage":0,"enemies":"Small Slimes","floor":3,"turns":1},{"damage":0,"enemies":"Jaw Worm","floor":4,"turns":1},{"damage":16,"enemies":"Exordium Thugs","floor":7,"turns":5},{"damage":6,"enemies":"Large Slime","floor":10,"turns":5},{"damage":20,"enemies":"Lagavulin","floor":12,"turns":7},{"damage":105,"enemies":"Slime Boss","floor":16,"turns":11},{"damage":6,"enemies":"3 Byrds","floor":18,"turns":3},{"damage":2,"enemies":"Chosen","floor":20,"turns":4},{"damage":0,"enemies":"Gremlin Leader","floor":24,"turns":4},{"damage":71,"enemies":"Book of Stabbing","floor":28,"turns":5},{"damage":0,"enemies":"Centurion and Healer","floor":30,"turns":6},{"damage":41,"enemies":"Champ","floor":33,"turns":7}],"seed_played":"1499519896031934486","potions_obtained":[{"floor":2,"key":"DistilledChaos"},{"floor":2,"key":"Swift Potion"},{"floor":20,"key":"ColorlessPotion"},{"floor":30,"key":"SpeedPotion"}],"is_trial":false,"path_per_floor":["M","?","M","M","$","R","M","R","T","M","R","E","?","?","R","B",null,"M","?","M","?","$","R","E","R","T","R","E","R","M","?","R","B"],"character_chosen":"IRONCLAD","items_purchased":["Whirlwind","Seeing Red"],"campfire_rested":2,"item_purchase_floors":[5,22],"current_hp_per_floor":[74,74,75,75,75,75,65,65,65,65,65,51,51,75,75,18,61,61,61,65,65,65,65,71,71,71,74,9,34,40,40,65,24,24],"gold":154,"neow_bonus":"THREE_ENEMY_KILL","is_daily":false,"chose_seed":false,"campfire_upgraded":7,"win_rate":0.0,"timestamp":1612644914,"path_taken":["M","?","M","?","$","R","?","R","T","M","R","E","?","?","R","BOSS","M","?","M","?","$","R","E","R","T","R","E","R","M","?","R","BOSS"],"items_purchased_type":["Card","Card"],"build_version":"2020-12-22","purchased_purges":1,"victory":false,"max_hp_per_floor":[75,75,75,75,75,75,75,75,75,75,75,75,75,75,75,75,75,75,75,75,75,75,75,75,75,75,75,75,75,75,75,75,75,75],"card_choices":[{"not_picked":["Havoc","Clothesline"],"picked":"Cleave","floor":1},{"not_picked":["Evolve","Dropkick"],"picked":"Flame Barrier","floor":3},{"not_picked":["Rampage","Metallicize","Warcry"],"picked":"SKIP","floor":4},{"not_picked":["Clash","Havoc"],"picked":"Pommel Strike","floor":7},{"not_picked":["Cleave","Wild Strike","Dropkick"],"picked":"SKIP","floor":10},{"not_picked":["Power Through","Iron Wave","Warcry"],"picked":"SKIP","floor":12},{"not_picked":["Juggernaut","Exhume"],"picked":"Double Tap","floor":16},{"not_picked":["Dual Wield","Armaments"],"picked":"Thunderclap","floor":18},{"not_picked":["Thunderclap","Pommel Strike","Headbutt"],"picked":"SKIP","floor":20},{"not_picked":["Bludgeon","Fire Breathing","Heavy Blade","Disarm"],"picked":"SKIP","floor":24},{"not_picked":["Armaments","Thunderclap","Warcry","Clash"],"picked":"SKIP","floor":28},{"not_picked":["Iron Wave","Shrug It Off","Twin Strike","Perfected Strike+1"],"picked":"SKIP","floor":30}],"player_experience":378990,"relics_obtained":[{"floor":9,"key":"Lizard Tail"},{"floor":12,"key":"Unceasing Top"},{"floor":24,"key":"Dead Branch"},{"floor":26,"key":"Eternal Feather"},{"floor":28,"key":"War Paint"}],"event_choices":[{"damage_healed":0,"gold_gain":0,"player_choice":"Got Potions","damage_taken":0,"max_hp_gain":0,"max_hp_loss":0,"event_name":"Lab","floor":2,"gold_loss":0},{"cards_removed":["Defend_R"],"damage_healed":0,"gold_gain":0,"player_choice":"Forget","damage_taken":0,"max_hp_gain":0,"max_hp_loss":0,"event_name":"Living Wall","floor":13,"gold_loss":0},{"damage_healed":25,"gold_gain":0,"player_choice":"Banana","damage_taken":0,"max_hp_gain":0,"max_hp_loss":0,"event_name":"Big Fish","floor":14,"gold_loss":0},{"damage_healed":0,"gold_gain":0,"player_choice":"Ignored","damage_taken":0,"max_hp_gain":0,"max_hp_loss":0,"event_name":"Ghosts","floor":19,"gold_loss":0},{"damage_healed":0,"gold_gain":0,"player_choice":"Opened","damage_taken":0,"relics_obtained":["Question Card"],"max_hp_gain":0,"max_hp_loss":0,"event_name":"The Mausoleum","floor":21,"gold_loss":0,"cards_obtained":["Writhe"]},{"damage_healed":0,"gold_gain":0,"cards_transformed":["Cleave"],"player_choice":"Transformed","damage_taken":0,"max_hp_gain":0,"max_hp_loss":0,"event_name":"Transmorgrifier","floor":31,"gold_loss":0,"cards_obtained":["Second Wind"]}],"is_beta":false,"boss_relics":[{"not_picked":["Empty Cage","Runic Cube"],"picked":"Pandora\u0027s Box"}],"items_purged_floors":[22],"is_endless":false,"potions_floor_spawned":[7,10,20,30],"killed_by":"Champ","ascension_level":20}}