{"host":"8kd0mw0b4mjhs7vl","time":1612625292,"event":{"mods":["BaseMod","Bestiary","Colored Map","Conspire","Downfall","Friendly Minions","Minty Spire (QoL Compilation)","Reliquary","Replay The Spire","StSLib","SuperFastMode"],"gold_per_floor":[349,361,376,406,20,20,20,48,67,67,81,66,66,85,97,202,202,202,202,302,365,415,415,415,465,465,350,250,278,294,326,344,440,440,340,356,376,238,288,319,345,195,245,295,360,260,360,379,397,397,397,427,77,77,77,77],"floor_reached":57,"language":"ENG","playtime":2891,"items_purged":["ReplayTheSpireMod:Restless Dread","hexamod:Strike","hexamod:Strike","hexamod:Defend"],"score":1468,"play_id":"3cead7ac-fc7a-4654-8bc2-21711128346c","local_time":"20210206152812","is_ascension_mode":false,"campfire_choices":[{"floor":1.0,"key":"DIG"},{"data":"hexamod:GhostflameInferno","floor":10.0,"key":"SMITH"},{"data":"hexamod:ForkedFlame","floor":18.0,"key":"SMITH"},{"data":"hexamod:Float","floor":23.0,"key":"SMITH"},{"floor":26.0,"key":"RECALL"},{"data":"hexamod:ForkedFlame","floor":28.0,"key":"SMITH"},{"data":"hexamod:Defend","floor":35.0,"key":"PURGE"},{"data":"hexamod:Toasty","floor":46.0,"key":"SMITH"},{"data":"expansioncontent:AwakenDeath","floor":54,"key":"SMITH"}],"circlet_count":0,"master_deck":["hexamod:Strike","hexamod:Strike","hexamod:Defend","hexamod:Defend","hexamod:Sear","hexamod:Float+1","hexamod:GhostOfSpireFuture","hexamod:FlamesFromBeyond","hexamod:ShieldOfDarkness","hexamod:GhostflameInferno+1","hexamod:TimeOfNeed+1","hexamod:NightmareGuise","hexamod:StepThrough","hexamod:Toasty+1","hexamod:ForkedFlame+1","hexamod:SpectersWail+1","hexamod:FastForward","hexamod:ForkedFlame+1","hexamod:FastForward+1","hexamod:FastForward","hexamod:ApocalypseNow+1","hexamod:ShieldOfDarkness+1","hexamod:SoulSteal+1","hexamod:NightmareStrike","expansioncontent:AwakenDeath+1","Parasite"],"relics":["hexamod:SpiritBrand","Meat on the Bone","Bronze Scales","ReplayFunnel","Lantern","Coffee Dripper","downfall:CloakOfManyFaces","CultistMask","FaceOfCleric","NlothsMask","GremlinMask","SsserpentHead","downfall:RedIOU","downfall:HeartBlessingRed","reliquary:IridiumChain","Kunai","conspire:SlowCooker","downfall:HeartBlessingGreen","Replay:Rubber Ducky","Lee\u0027s Waffle","HornCleat","downfall:HeartBlessingBlue","Incense Burner","reliquary:OuijaBoard","reliquary:PorcupineQuills","Guide Book"],"acts_visited":["Exordium","TheCity","TheBeyond","TheEnding"],"potions_floor_usage":[52,55,55],"damage_taken":[{"damage":1.0,"enemies":"Jaw Worm","floor":2.0,"turns":3.0},{"damage":0.0,"enemies":"Small Slimes","floor":3.0,"turns":3.0},{"damage":9.0,"enemies":"conspire:MimicChest","floor":4.0,"turns":3.0},{"damage":0.0,"enemies":"downfall:FleeingMerchant","floor":5.0,"turns":4.0},{"damage":0.0,"enemies":"Gremlin Nob","floor":8.0,"turns":3.0},{"damage":0.0,"enemies":"conspire:RoseBush","floor":9.0,"turns":2.0},{"damage":0.0,"enemies":"2 Fungi Beasts","floor":11.0,"turns":3.0},{"damage":0.0,"enemies":"downfall:FleeingMerchant","floor":12.0,"turns":4.0},{"damage":3.0,"enemies":"3 Louse","floor":14.0,"turns":2.0},{"damage":0.0,"enemies":"Gremlin Gang","floor":15.0,"turns":3.0},{"damage":0.0,"enemies":"IC_STATUS_ARCHETYPE","floor":16.0,"turns":7.0},{"damage":0.0,"enemies":"downfall:FaceTrader","floor":20.0,"turns":7.0},{"damage":0.0,"enemies":"3 Byrds","floor":21.0,"turns":2.0},{"damage":0.0,"enemies":"downfall:FleeingMerchant","floor":27.0,"turns":4.0},{"damage":3.0,"enemies":"conspire:Head Lice","floor":29.0,"turns":6.0},{"damage":4.0,"enemies":"Centurion and Healer","floor":30.0,"turns":4.0},{"damage":0.0,"enemies":"Book of Stabbing","floor":31.0,"turns":3.0},{"damage":0.0,"enemies":"3 Cultists","floor":32.0,"turns":5.0},{"damage":30.0,"enemies":"DF_ARCHETYPE_CLAW","floor":33.0,"turns":7.0},{"damage":18.0,"enemies":"3 Darklings","floor":36.0,"turns":4.0},{"damage":4.0,"enemies":"3 Shapes","floor":37.0,"turns":3.0},{"damage":0.0,"enemies":"downfall:FleeingMerchant","floor":38.0,"turns":4.0},{"damage":19.0,"enemies":"Giant Head","floor":40.0,"turns":9.0},{"damage":4.0,"enemies":"Spire Growth","floor":45.0,"turns":4.0},{"damage":18.0,"enemies":"Spire Growth","floor":47.0,"turns":4.0},{"damage":10.0,"enemies":"Writhing Mass","floor":48.0,"turns":6.0},{"damage":9.0,"enemies":"Sphere and 2 Shapes","floor":49.0,"turns":6.0},{"damage":4.0,"enemies":"SI_POISON_ARCHETYPE","floor":50.0,"turns":5.0},{"damage":3,"enemies":"downfall:CharBossMerchant","floor":52,"turns":4},{"damage":55,"enemies":"downfall:NeowBoss","floor":55,"turns":25},{"damage":15,"enemies":"downfall:NeowBossFinal","floor":56,"turns":6}],"seed_played":"2112928947952518818","potions_obtained":[{"floor":2.0,"key":"Fire Potion"},{"floor":4.0,"key":"AttackPotion"},{"floor":14.0,"key":"Reflective Coating"},{"floor":15.0,"key":"hexamod:EctoCoolerPotion"},{"floor":16.0,"key":"SpeedPotion"},{"floor":31.0,"key":"SteroidPotion"},{"floor":32.0,"key":"SkillPotion"},{"floor":40.0,"key":"Languid Potion"},{"floor":47.0,"key":"hexamod:InfernoChargePotion"}],"is_trial":false,"path_per_floor":["R_BF","M","M","?","$","?","T","E","M","R","M","$","?","M","M","B",null,"R","?","?","M","?","R","T","?","R","$","R","E","M","E","M","B",null,"R_BF","M","M","$","?","E","T","$","?","?","M","R","?","M","M","B",null,"E","$","R","B","B",null],"character_chosen":"THE_SPIRIT","items_purchased":["hexamod:TimeOfNeed","Pet Ghost","Replay:Rubber Ducky","Lee\u0027s Waffle","hexamod:NightmareStrike","reliquary:PorcupineQuills","Block Potion","Guide Book"],"campfire_rested":0,"item_purchase_floors":[5,5,38,38,38,53,53,53],"current_hp_per_floor":[70,69,69,60,60,65,65,65,65,65,65,65,65,62,62,62,75,75,75,75,76,76,76,76,76,76,77,77,75,72,73,74,45,82,82,65,62,92,92,74,74,74,81,81,78,88,71,62,54,51,96,94,94,94,52,50],"gold":77,"neow_bonus":"TWO_FIFTY_GOLD","is_daily":false,"chose_seed":false,"campfire_upgraded":6,"win_rate":0.0,"timestamp":1612625292,"path_taken":["R_BF","M","M","?","$","?","T","E","M","R","M","?","?","M","M","BOSS","R","?","?","?","?","R","T","?","R","$","R","E","M","E","M","BOSS","R_BF","M","M","$","?","E","T","$","?","?","?","R","?","M","M","BOSS","E","$","R","BOSS","BOSS"],"items_purchased_type":["Card","Relic","Relic","Relic","Card","Relic","Potion","Relic"],"build_version":"2020-12-22","purchased_purges":4,"victory":true,"max_hp_per_floor":[70,70,70,70,70,75,75,75,75,75,75,75,75,75,75,75,75,75,75,75,76,76,76,76,76,76,77,77,78,79,80,81,82,82,82,83,84,92,92,93,93,93,81,81,82,92,93,94,95,96,96,97,97,97,98,99],"card_choices":[{"not_picked":["hexamod:ThermalTransfer","hexamod:HauntingEcho"],"picked":"hexamod:GhostOfSpireFuture","floor":2.0},{"not_picked":["hexamod:SkipABeat","hexamod:InspiringFlames"],"picked":"hexamod:FlamesFromBeyond","floor":3.0},{"not_picked":["hexamod:Hexaguard","hexamod:BacktrackSmack"],"picked":"hexamod:ShieldOfDarkness","floor":4.0},{"not_picked":["hexamod:SecondSeal","hexamod:BurningTouch"],"picked":"hexamod:GhostflameInferno","floor":5.0},{"not_picked":["hexamod:ThermalTransfer","hexamod:GhostShield"],"picked":"hexamod:NightmareGuise","floor":8.0},{"not_picked":["hexamod:Hexaguard","hexamod:HeatMetal","hexamod:InspiringFlames"],"picked":"SKIP","floor":9.0},{"not_picked":["hexamod:NightmareGuise","hexamod:HeatShield"],"picked":"hexamod:StepThrough","floor":11.0},{"not_picked":["hexamod:PhantomFireball","hexamod:NightmareGuise","hexamod:RainOfEmbers"],"picked":"SKIP","floor":12.0},{"not_picked":["hexamod:Again","hexamod:SuperheatedStrike"],"picked":"hexamod:Toasty","floor":14.0},{"not_picked":["hexamod:HeatMetal","hexamod:Hexaguard","hexamod:FirstSeal"],"picked":"SKIP","floor":15.0},{"not_picked":["hexamod:SixthSeal","hexamod:Toasty"],"picked":"hexamod:ForkedFlame","floor":16.0},{"not_picked":["hexamod:DynamicBlow","hexamod:PhantomFireball+1"],"picked":"hexamod:SpectersWail+1","floor":20.0},{"not_picked":["hexamod:NightmareStrike","hexamod:BacktrackSmack","hexamod:AdvancingGuard"],"picked":"SKIP","floor":21.0},{"not_picked":["hexamod:SwordOfDarkness","hexamod:ExtraCrispy"],"picked":"hexamod:ForkedFlame","floor":27.0},{"not_picked":["hexamod:GhostflameBarrier","hexamod:GhostOfSpireFuture"],"picked":"hexamod:FastForward+1","floor":29.0},{"not_picked":["hexamod:Firestarter","hexamod:FlamesFromBeyond"],"picked":"hexamod:FastForward","floor":30.0},{"not_picked":["hexamod:ThermalTransfer","hexamod:BurningTouch","hexamod:NightmareGuise"],"picked":"SKIP","floor":31.0},{"not_picked":["hexamod:NightmareStrike","hexamod:SpectralAdrenaline","hexamod:GhostLash"],"picked":"SKIP","floor":32.0},{"not_picked":["hexamod:WildfireWeapon","hexamod:FifthSeal"],"picked":"hexamod:ApocalypseNow","floor":33.0},{"not_picked":["hexamod:GhostLash","hexamod:HeatShield","hexamod:BurningTouch"],"picked":"SKIP","floor":36.0},{"not_picked":["hexamod:Incineration+1","hexamod:SpectralSpark"],"picked":"hexamod:ShieldOfDarkness+1","floor":37.0},{"not_picked":["hexamod:ExtraCrispy+1","hexamod:ShieldOfDarkness+1"],"picked":"hexamod:SoulSteal+1","floor":38.0},{"not_picked":["expansioncontent:Chronoboost","expansioncontent:PrepareCrush"],"picked":"expansioncontent:AwakenDeath","floor":39.0},{"not_picked":["hexamod:HeatMetal","hexamod:Incineration+1","hexamod:HauntingEcho+1"],"picked":"SKIP","floor":40.0},{"not_picked":["hexamod:GhostShield+1","hexamod:InspiringFlames","hexamod:BurningTouch"],"picked":"SKIP","floor":45.0},{"not_picked":["hexamod:GiftsFromTheDead","hexamod:Firestarter+1","hexamod:NecessarySacrifice"],"picked":"SKIP","floor":48.0},{"not_picked":["hexamod:NightmareStrike","hexamod:SuperheatedStrike+1","hexamod:SpectersWail+1"],"picked":"SKIP","floor":49.0},{"not_picked":["hexamod:Firestarter+1","hexamod:SkipABeat","hexamod:TurnItUp"],"picked":"SKIP","floor":52}],"player_experience":317472,"relics_obtained":[{"floor":1.0,"key":"Meat on the Bone"},{"floor":4.0,"key":"Bronze Scales"},{"floor":7.0,"key":"ReplayFunnel"},{"floor":8.0,"key":"Lantern"},{"floor":20.0,"key":"downfall:CloakOfManyFaces"},{"floor":29.0,"key":"reliquary:IridiumChain"},{"floor":31.0,"key":"Kunai"},{"floor":40.0,"key":"HornCleat"},{"floor":47.0,"key":"Incense Burner"},{"floor":52,"key":"reliquary:OuijaBoard"}],"event_choices":[{"damage_healed":0.0,"max_hp_gain":5.0,"max_hp_loss":0.0,"gold_gain":0.0,"event_name":"Big Fish","player_choice":"Donut","floor":6.0,"gold_loss":0.0,"damage_taken":0.0},{"damage_healed":0.0,"max_hp_gain":0.0,"max_hp_loss":0.0,"gold_gain":0.0,"event_name":"The Library","player_choice":"Read","floor":22.0,"gold_loss":0.0,"damage_taken":0.0,"cards_obtained":["hexamod:FastForward"]},{"damage_healed":0.0,"max_hp_gain":0.0,"max_hp_loss":0.0,"gold_gain":0.0,"event_name":"conspire:Investor","player_choice":"Leave","floor":44.0,"gold_loss":0.0,"damage_taken":0.0}],"is_beta":false,"boss_relics":[{"not_picked":["Replay:Wanted Poster","conspire:RoyalGoblet"],"picked":"Coffee Dripper"},{"not_picked":["Sozu","Runic Pyramid"],"picked":"conspire:SlowCooker"}],"items_purged_floors":[5,27,38,42],"is_endless":false,"potions_floor_spawned":[2,4,14,15,16,31,32,40,47,49],"ascension_level":0}}