{"host":"jwbw4f4imxd0v0b0","time":1612590408,"event":{"mods":["BaseMod","Colored Map","Highlight Path","Minty Spire (QoL Compilation)","Relic Stats","StSLib"],"gold_per_floor":[114,129,204,54,54,92,111,149,199,218,237,275,294,313,313,438,438,457,476,103,103,141,179,179,29,29,67,86,105,143,181,181,306,306,325,344,344,368,151,151,151,170,170,208,246,265,15,53,53,53],"floor_reached":51,"language":"ENG","playtime":4085,"items_purged":[],"score":955,"play_id":"6ff421c0-4c79-4f4c-9012-9b7790134f14","local_time":"20210205234648","daily_mods":["Draft","Diverse","DeadlyEvents"],"is_ascension_mode":false,"campfire_choices":[{"floor":15.0,"key":"REST"},{"data":"Omniscience","floor":24.0,"key":"SMITH"},{"data":"TalkToTheHand","floor":32.0,"key":"SMITH"},{"floor":40.0,"key":"REST"},{"floor":49.0,"key":"REST"}],"circlet_count":0,"master_deck":["Havoc","PathToVictory","Perseverance","Prepared","Headbutt","Warcry","TalkToTheHand+1","Pommel Strike","Deadly Poison","Intimidate","Deadly Poison","Shrug It Off","Omniscience+1","ThirdEye","Escape Plan","Hologram","Self Repair+1","A Thousand Cuts+1","Sever Soul+1","Storm of Steel+1","Shrug It Off+1","Metallicize+1","Footwork+1","Steam","Footwork+1","White Noise+1","Prepared+1","Infernal Blade+1","Machine Learning+1","Adrenaline+1","Dual Wield+1","Panache+1","Sadistic Nature+1","Battle Trance+1","Acrobatics+1","Undo+1","Catalyst+1","Panacea+1"],"relics":["Ring of the Snake","TwistedFunnel","Golden Idol","Frozen Egg 2","Ancient Tea Set","Dream Catcher","Mercury Hourglass","Astrolabe","Snake Skull","Bag of Preparation","Centennial Puzzle","Toxic Egg 2","Lee\u0027s Waffle","Vajra","Tough Bandages","Pen Nib","White Beast Statue","Fusion Hammer","TungstenRod","PreservedInsect","MealTicket","Toy Ornithopter","Girya","Orichalcum"],"acts_visited":["Exordium","TheCity","TheBeyond"],"potions_floor_usage":[50,50,50],"damage_taken":[{"damage":1.0,"enemies":"Small Slimes","floor":1.0,"turns":3.0},{"damage":0.0,"enemies":"2 Louse","floor":2.0,"turns":1.0},{"damage":0.0,"enemies":"Gremlin Nob","floor":6.0,"turns":3.0},{"damage":0.0,"enemies":"Cultist","floor":7.0,"turns":3.0},{"damage":14.0,"enemies":"Lagavulin","floor":8.0,"turns":5.0},{"damage":4.0,"enemies":"Red Slaver","floor":10.0,"turns":2.0},{"damage":0.0,"enemies":"Looter","floor":11.0,"turns":1.0},{"damage":14.0,"enemies":"Gremlin Nob","floor":12.0,"turns":3.0},{"damage":0.0,"enemies":"3 Louse","floor":13.0,"turns":2.0},{"damage":8.0,"enemies":"Exordium Wildlife","floor":14.0,"turns":2.0},{"damage":16.0,"enemies":"The Guardian","floor":16.0,"turns":7.0},{"damage":0.0,"enemies":"Spheric Guardian","floor":18.0,"turns":2.0},{"damage":0.0,"enemies":"Chosen","floor":19.0,"turns":4.0},{"damage":11.0,"enemies":"Book of Stabbing","floor":22.0,"turns":5.0},{"damage":17.0,"enemies":"Slavers","floor":23.0,"turns":3.0},{"damage":8.0,"enemies":"Gremlin Leader","floor":27.0,"turns":7.0},{"damage":23.0,"enemies":"Shelled Parasite and Fungi","floor":28.0,"turns":6.0},{"damage":0.0,"enemies":"Chosen and Byrds","floor":29.0,"turns":4.0},{"damage":4.0,"enemies":"Slavers","floor":30.0,"turns":4.0},{"damage":0.0,"enemies":"Gremlin Leader","floor":31.0,"turns":5.0},{"damage":24.0,"enemies":"Automaton","floor":33.0,"turns":10.0},{"damage":0.0,"enemies":"3 Darklings","floor":35.0,"turns":5.0},{"damage":0.0,"enemies":"Orb Walker","floor":36.0,"turns":1.0},{"damage":0.0,"enemies":"2 Orb Walkers","floor":38.0,"turns":3.0},{"damage":0.0,"enemies":"3 Darklings","floor":42.0,"turns":3.0},{"damage":0.0,"enemies":"Reptomancer","floor":44.0,"turns":3.0},{"damage":0.0,"enemies":"Giant Head","floor":45.0,"turns":5.0},{"damage":0.0,"enemies":"Spire Growth","floor":46.0,"turns":4.0},{"damage":20.0,"enemies":"Nemesis","floor":48.0,"turns":7.0},{"damage":18,"enemies":"Awakened One","floor":50,"turns":12}],"seed_played":"5285009320175426936","potions_obtained":[{"floor":2.0,"key":"Explosive Potion"},{"floor":6.0,"key":"CunningPotion"},{"floor":8.0,"key":"ColorlessPotion"},{"floor":12.0,"key":"LiquidBronze"},{"floor":19.0,"key":"Dexterity Potion"},{"floor":23.0,"key":"SmokeBomb"},{"floor":33.0,"key":"Dexterity Potion"},{"floor":35.0,"key":"ColorlessPotion"},{"floor":36.0,"key":"LiquidMemories"},{"floor":38.0,"key":"ColorlessPotion"},{"floor":42.0,"key":"DistilledChaos"},{"floor":44.0,"key":"EntropicBrew"}],"is_trial":false,"path_per_floor":["M","M","?","$","?","E","M","E","T","M","M","E","M","M","R","B",null,"M","M","$","?","E","E","R","$","T","E","M","M","E","E","R","B",null,"M","M","?","?","$","R","T","M","T","E","E","M","$","E","R","B",null],"character_chosen":"THE_SILENT","items_purchased":["TwistedFunnel","Snake Skull","Footwork+1","Bag of Preparation","Lee\u0027s Waffle","Strength Potion","Sadistic Nature+1","Undo+1","Catalyst+1","Panacea+1","SteroidPotion"],"campfire_rested":3,"item_purchase_floors":[4,20,20,20,25,39,39,47,47,47,47],"current_hp_per_floor":[69,69,58,58,58,58,58,44,44,40,40,26,26,18,37,31,65,65,65,65,65,64,57,57,72,72,72,59,69,72,72,72,48,72,72,72,62,72,72,72,72,72,72,72,72,72,72,52,72,72],"gold":53,"neow_bonus":"","is_daily":true,"chose_seed":false,"campfire_upgraded":2,"win_rate":0.0,"timestamp":1612590408,"path_taken":["M","M","?","$","?","E","M","E","T","M","M","E","M","?","R","BOSS","M","M","$","?","?","E","R","?","T","E","?","M","E","?","R","BOSS","M","M","?","?","$","R","?","M","T","E","?","M","?","E","R","BOSS"],"items_purchased_type":["Relic","Relic","Card","Relic","Relic","Potion","Card","Card","Card","Card","Potion"],"build_version":"2020-12-22","purchased_purges":0,"victory":true,"max_hp_per_floor":[70,70,70,70,65,65,65,65,65,65,65,65,65,65,65,65,65,65,65,65,65,65,65,65,72,72,72,72,72,72,72,72,72,72,72,72,72,72,72,72,72,72,72,72,72,72,72,72,72,72],"relic_stats":{"Lee\u0027s Waffle":15,"counters":[30,125],"Golden Idol":220,"Astrolabe":["Sever Soul","Storm of Steel","Shrug It Off"],"Snake Skull":[71],"Pen Nib":[11],"PreservedInsect":229,"Bag of Preparation":[34],"Orichalcum":[6],"Mercury Hourglass":[428],"Dream Catcher":3,"Centennial Puzzle":[21],"Tough Bandages":[402],"MealTicket":0,"obtain_stats":[{"TwistedFunnel":4,"Girya":45,"Lee\u0027s Waffle":25,"Golden Idol":5,"Astrolabe":17,"Vajra":26,"Snake Skull":20,"Pen Nib":30,"PreservedInsect":41,"Bag of Preparation":20,"Frozen Egg 2":6,"Orichalcum":48,"Ancient Tea Set":8,"White Beast Statue":31,"Mercury Hourglass":12,"Dream Catcher":9,"Centennial Puzzle":22,"Tough Bandages":27,"MealTicket":43,"Fusion Hammer":34,"Toxic Egg 2":23,"TungstenRod":38,"Toy Ornithopter":44,"Ring of the Snake":0},{"TwistedFunnel":2,"Girya":27,"Lee\u0027s Waffle":15,"Golden Idol":2,"Astrolabe":11,"Vajra":15,"Snake Skull":13,"Pen Nib":19,"PreservedInsect":24,"Bag of Preparation":13,"Frozen Egg 2":3,"Orichalcum":29,"Ancient Tea Set":5,"White Beast Statue":20,"Mercury Hourglass":8,"Dream Catcher":5,"Centennial Puzzle":14,"Tough Bandages":16,"MealTicket":25,"Fusion Hammer":21,"Toxic Egg 2":15,"TungstenRod":24,"Toy Ornithopter":26,"Ring of the Snake":0},{"TwistedFunnel":4,"Girya":102,"Lee\u0027s Waffle":46,"Golden Idol":4,"Astrolabe":32,"Vajra":46,"Snake Skull":38,"Pen Nib":67,"PreservedInsect":91,"Bag of Preparation":38,"Frozen Egg 2":7,"Orichalcum":113,"Ancient Tea Set":15,"White Beast Statue":72,"Mercury Hourglass":21,"Dream Catcher":15,"Centennial Puzzle":43,"Tough Bandages":53,"MealTicket":94,"Fusion Hammer":82,"Toxic Egg 2":46,"TungstenRod":91,"Toy Ornithopter":97,"Ring of the Snake":0}],"TungstenRod":5,"Toy Ornithopter":12,"Ring of the Snake":[60]},"card_choices":[{"not_picked":["Rupture","Lockon"],"picked":"Havoc","floor":0.0},{"not_picked":["Armaments","Iron Wave"],"picked":"Clothesline","floor":0.0},{"not_picked":["Escape Plan","Hello World"],"picked":"PathToVictory","floor":0.0},{"not_picked":["Body Slam","Cloak And Dagger"],"picked":"Perseverance","floor":0.0},{"not_picked":["Clothesline","Force Field"],"picked":"Prepared","floor":0.0},{"not_picked":["Auto Shields","Gash"],"picked":"Headbutt","floor":0.0},{"not_picked":["Blizzard","Clash"],"picked":"Skewer","floor":0.0},{"not_picked":["Cloak And Dagger","FollowUp"],"picked":"Warcry","floor":0.0},{"not_picked":["Beam Cell","Cold Snap"],"picked":"TalkToTheHand","floor":0.0},{"not_picked":["Compile Driver","Entrench"],"picked":"Pommel Strike","floor":0.0},{"not_picked":["Sweeping Beam","Clash"],"picked":"Deadly Poison","floor":0.0},{"not_picked":["Quick Slash","Rip and Tear"],"picked":"Intimidate","floor":0.0},{"not_picked":["Rupture","EmptyBody"],"picked":"Deadly Poison","floor":0.0},{"not_picked":["EmptyFist","WreathOfFlame"],"picked":"Stack","floor":0.0},{"not_picked":["Wild Strike","Underhanded Strike"],"picked":"Flex","floor":0.0},{"not_picked":["Perfected Strike","SashWhip","Bane"],"picked":"SKIP","floor":1.0},{"not_picked":["Go for the Eyes","Headbutt","Havoc"],"picked":"SKIP","floor":2.0},{"not_picked":["Adaptation+1","Clash"],"picked":"Shrug It Off","floor":6.0},{"not_picked":["Ball Lightning","Crescendo","SashWhip"],"picked":"SKIP","floor":7.0},{"not_picked":["Conserve Battery","Evaluate"],"picked":"Omniscience","floor":8.0},{"not_picked":["Acrobatics","Go for the Eyes"],"picked":"ThirdEye","floor":10.0},{"not_picked":["Conserve Battery","Heavy Blade","Carnage"],"picked":"SKIP","floor":11.0},{"not_picked":["Underhanded Strike","Crescendo"],"picked":"Escape Plan","floor":12.0},{"not_picked":["Poisoned Stab","MasterReality+1","Go for the Eyes"],"picked":"SKIP","floor":13.0},{"not_picked":["Hemokinesis","Expertise"],"picked":"Hologram","floor":14.0},{"not_picked":["Intimidate","Rebound"],"picked":"Self Repair+1","floor":15.0},{"not_picked":["Omniscience","Vault"],"picked":"A Thousand Cuts+1","floor":16.0},{"not_picked":["ClearTheMind","Halt","Power Through"],"picked":"SKIP","floor":18.0},{"not_picked":["Underhanded Strike","Pommel Strike"],"picked":"Metallicize+1","floor":19.0},{"not_picked":["True Grit+1","Adaptation+1","Flying Knee+1"],"picked":"SKIP","floor":22.0},{"not_picked":["Sunder","True Grit+1"],"picked":"Footwork+1","floor":23.0},{"not_picked":["Blizzard+1","Fission+1"],"picked":"White Noise+1","floor":27.0},{"not_picked":["SignatureMove","Shrug It Off+1","Fire Breathing+1"],"picked":"SKIP","floor":28.0},{"not_picked":["Prepared+1","FTL","Shrug It Off+1"],"picked":"SKIP","floor":29.0},{"not_picked":["FTL","Shrug It Off+1"],"picked":"Prepared+1","floor":29.0},{"not_picked":["Prostrate+1","Streamline"],"picked":"Infernal Blade+1","floor":30.0},{"not_picked":["Lockon","Compile Driver"],"picked":"Machine Learning+1","floor":31.0},{"not_picked":["Tools of the Trade+1","Storm of Steel+1"],"picked":"Adrenaline+1","floor":33.0},{"not_picked":["Dagger Throw","Whirlwind+1"],"picked":"Dual Wield+1","floor":35.0},{"not_picked":["Warcry+1","Rampage","Force Field+1"],"picked":"SKIP","floor":36.0},{"not_picked":["Purity+1","Forethought+1"],"picked":"Panache+1","floor":37.0},{"not_picked":["Streamline+1","Underhanded Strike+1"],"picked":"Battle Trance+1","floor":40.0},{"not_picked":["Body Slam+1","Cleave+1","BattleHymn+1"],"picked":"SKIP","floor":42.0},{"not_picked":["Cloak And Dagger+1","Leap+1","Acrobatics+1"],"picked":"SKIP","floor":44.0},{"not_picked":["Cloak And Dagger+1","Leap+1"],"picked":"Acrobatics+1","floor":44.0},{"not_picked":["SashWhip","CrushJoints","Self Repair+1"],"picked":"SKIP","floor":45.0},{"not_picked":["MentalFortress+1","ClearTheMind+1","Havoc+1"],"picked":"SKIP","floor":46.0},{"not_picked":["Reaper","Clash+1","Uppercut+1"],"picked":"SKIP","floor":48.0}],"player_experience":1216739,"relics_obtained":[{"floor":6.0,"key":"Frozen Egg 2"},{"floor":8.0,"key":"Ancient Tea Set"},{"floor":9.0,"key":"Dream Catcher"},{"floor":12.0,"key":"Mercury Hourglass"},{"floor":22.0,"key":"Centennial Puzzle"},{"floor":23.0,"key":"Toxic Egg 2"},{"floor":26.0,"key":"Vajra"},{"floor":27.0,"key":"Tough Bandages"},{"floor":30.0,"key":"Pen Nib"},{"floor":31.0,"key":"White Beast Statue"},{"floor":38.0,"key":"TungstenRod"},{"floor":41.0,"key":"PreservedInsect"},{"floor":43.0,"key":"MealTicket"},{"floor":44.0,"key":"Toy Ornithopter"},{"floor":45.0,"key":"Girya"},{"floor":48.0,"key":"Orichalcum"}],"event_choices":[{"damage_healed":0.0,"max_hp_gain":0.0,"max_hp_loss":0.0,"gold_gain":75.0,"event_name":"World of Goop","player_choice":"Gather Gold","floor":3.0,"gold_loss":0.0,"damage_taken":11.0},{"damage_healed":0.0,"max_hp_gain":0.0,"max_hp_loss":5.0,"gold_gain":0.0,"event_name":"Golden Idol","player_choice":"Lose Max HP","floor":5.0,"gold_loss":0.0,"damage_taken":0.0,"relics_obtained":["Golden Idol"]},{"damage_healed":0.0,"max_hp_gain":0.0,"max_hp_loss":0.0,"gold_gain":0.0,"cards_transformed":["Stack"],"event_name":"Transmorgrifier","player_choice":"Transformed","floor":21.0,"gold_loss":0.0,"damage_taken":0.0,"cards_obtained":["Steam"]},{"damage_healed":0.0,"max_hp_gain":0.0,"max_hp_loss":0.0,"gold_gain":0.0,"event_name":"SensoryStone","player_choice":"Memory 3","floor":37.0,"gold_loss":0.0,"damage_taken":10.0},{"damage_healed":0.0,"max_hp_gain":0.0,"max_hp_loss":0.0,"gold_gain":0.0,"event_name":"Mysterious Sphere","player_choice":"Fight","floor":38.0,"gold_loss":0.0,"damage_taken":0.0}],"is_beta":false,"boss_relics":[{"not_picked":["Busted Crown","Sozu"],"picked":"Astrolabe"},{"not_picked":["WristBlade","Empty Cage"],"picked":"Fusion Hammer"}],"items_purged_floors":[],"is_endless":false,"potions_floor_spawned":[2,6,8,12,19,23,29,33,35,36,38,42,44,45,46,48],"ascension_level":0}}