{"host":"us276jvng1kxsmoz","time":1612634067,"event":{"mods":["Act Like it!","Aspiration","BaseMod","Better Match","BetterRewards","Downfall","Friendly Minions","Hallownest","Infinite Spire","Minty Spire (QoL Compilation)","Replay The Spire","Say the Spire","StS++","StSLib"],"gold_per_floor":[113,113,2,15,33,33,58,74,74,92,108,108,136,136,136,136,136],"floor_reached":16,"language":"ITA","playtime":634,"items_purged":[],"score":204,"play_id":"4d2ad568-7909-4756-a029-c4bcbc8dab54","local_time":"20210206185427","is_ascension_mode":true,"campfire_choices":[{"data":"Zap","floor":6,"key":"SMITH"},{"data":"Dualcast","floor":12,"key":"SMITH"},{"data":"Panic Button","floor":15,"key":"SMITH"}],"circlet_count":0,"master_deck":["AscendersBane","Strike_B","Defend_B","Defend_B","Defend_B","Defend_B","Zap+1","Dualcast+1","Panic Button","Dash","Bane","Dagger Throw","Ball Lightning","Panic Button+1","Glacier","Coolheaded","ReplayTheSpireMod:Calculation Training","Doom and Gloom","ReplayTheSpireMod:GoodbyeWorld","ReplaySort","Hallownest:curseDreamersLament"],"relics":["Cracked Core","NeowsBlessing","StSpp:WoodenPendulum","Singing Bowl","Hallownest:TeacherSealRelic"],"acts_visited":["Hallownest:Greenpath"],"potions_floor_usage":[7],"damage_taken":[{"damage":0,"enemies":"Hallownest:monsterHuskWarrior","floor":1,"turns":1},{"damage":0,"enemies":"2_ Uuma","floor":4,"turns":1},{"damage":0,"enemies":"Hallownest:2_Tiktiks_and_1_Crawlid","floor":5,"turns":1},{"damage":10,"enemies":"Hallownest:eliteCrystalGuardian","floor":7,"turns":6},{"damage":7,"enemies":"Hallownest:2_Tiktiks_1_Baldur_1_Crawlid","floor":8,"turns":5},{"damage":9,"enemies":"Hallownest:Guard_and_Warrior","floor":10,"turns":7},{"damage":0,"enemies":"Hallownest:Wandering_and_Horned","floor":11,"turns":4},{"damage":16,"enemies":"Hallownest:eliteMossKnight","floor":13,"turns":6},{"damage":10,"enemies":"Hallownest:BossBrokenVessel","floor":16,"turns":4}],"seed_played":"-6162058978986205977","potions_obtained":[{"floor":1,"key":"Strength Potion"},{"floor":4,"key":"StSpp:ScatteredWeakPotion"}],"is_trial":false,"path_per_floor":["M","?","$","M","M","R","E","M","T","M","M","R","E","?","R","B"],"character_chosen":"DEFECT","items_purchased":["Ball Lightning","Panic Button"],"campfire_rested":0,"item_purchase_floors":[3,3],"current_hp_per_floor":[64,64,64,64,64,64,54,47,47,38,38,38,22,22,22,12,12],"gold":136,"neow_bonus":"THREE_ENEMY_KILL","is_daily":false,"chose_seed":false,"campfire_upgraded":3,"win_rate":0.0,"timestamp":1612634067,"path_taken":["M","?","$","M","M","R","E","M","T","M","?","R","E","?","R","BOSS"],"items_purchased_type":["Card","Card"],"build_version":"2020-12-22","purchased_purges":0,"victory":false,"max_hp_per_floor":[71,71,71,71,71,71,71,71,71,71,71,71,71,71,71,71,71],"card_choices":[{"not_picked":["Coolheaded","Time Bomb"],"picked":"Panic Button","floor":1},{"not_picked":["Leap","Conserve Battery"],"picked":"Glacier","floor":4},{"not_picked":["Steam","Leap"],"picked":"Coolheaded","floor":5},{"not_picked":["Force Field","BasicCrystalCard","Sweeping Beam"],"picked":"SKIP","floor":7},{"not_picked":["Hyperbeam","Beam Cell","Steam","BootSequence"],"picked":"ReplayTheSpireMod:Calculation Training","floor":8},{"not_picked":["Beam Cell","Streamline","Coolheaded","Melter"],"picked":"Doom and Gloom","floor":10},{"not_picked":["Gash","Meteor Strike","Steam","Crystallizer"],"picked":"ReplayTheSpireMod:GoodbyeWorld","floor":11},{"not_picked":["Cold Snap","Rebound","Compile Driver","Turbo"],"picked":"ReplaySort","floor":13}],"player_experience":4236705,"relics_obtained":[{"floor":7,"key":"StSpp:WoodenPendulum"},{"floor":13,"key":"Singing Bowl"}],"event_choices":[],"is_beta":false,"boss_relics":[],"items_purged_floors":[],"is_endless":false,"potions_floor_spawned":[1,4,8,10],"killed_by":"Hallownest:BossBrokenVessel","ascension_level":20}}