{"host":"17xjy7b7ubl548g2","time":1612580358,"event":{"mods":["2.2 Compatiblity","Act Like it!","Aspiration","Astrologer","Bard","BaseMod","Challenge The Spire","ChefMod","Colored Map","Colored Powertips","Conspire","Elementarium","Energized Spire","Gensokyo","GifTheSpireLib","Halation","Hallownest","Hermit","Hubris","Infinite Spire","Jedi Mod","Jorbs\u0027s Wanderer Trilogy","Marisa（霧雨　魔理沙）","Marked Mod","Menagerie","Minty Spire (QoL Compilation)","Permanent Neow","Reliquary","Replay The Spire","Robot Space Explorer","Spicy Shops","Spire Arcade","StSLib","Stuff the Spire","The Blue Laboratory","The Bug Knight","The Construct","The Disciple","The Hayseed","The Hierophant","The Marked","The Runesmith","The Sage","TheFirefly"],"gold_per_floor":[116,116,129,145,160,13,13,13,89,89,123,123,155,155,155,250,250,263,263,279,299,299,299,331,343,343,261,272,272,300,320,320,424,424,436,436,436,454,454,479,479,499,499,518,528,528,553,42,42,42,42,42,7,39,39],"floor_reached":56,"language":"ENG","playtime":5592,"items_purged":["thefirefly:Strike","thefirefly:Strike","thefirefly:Defend"],"score":1701,"play_id":"4812d82c-9365-4739-adcd-35bb00f71379","local_time":"20210205215918","is_ascension_mode":true,"campfire_choices":[{"data":"Doppelganger","floor":7,"key":"SMITH"},{"data":"thefirefly:StealthMode","floor":10,"key":"SMITH"},{"floor":12,"key":"REST"},{"data":"thefirefly:ShieldGenerator","floor":15,"key":"SMITH"},{"data":"infinitespire:SevenWalls","floor":23,"key":"SMITH"},{"data":"thefirefly:CreateClone","floor":29,"key":"SMITH"},{"data":"thefirefly:SoulStrike","floor":32,"key":"SMITH"},{"data":"thefirefly:LaserMail","floor":41,"key":"SMITH"},{"data":"thefirefly:Bombardment","floor":46,"key":"SMITH"},{"floor":49,"key":"RECALL"},{"data":"stsjorbsmod:DemonicCoup","floor":52,"key":"SMITH"}],"circlet_count":0,"master_deck":["thefirefly:Defend","thefirefly:Defend","thefirefly:StealthMode+1","thefirefly:PhotonBlast","thefirefly:Prominence","Flechettes","Die Die Die","Doppelganger+1","thefirefly:FlakCannon","thefirefly:DecoyShot","thefirefly:HyperspaceAssault","thefirefly:AuroralDischarge","thefirefly:ShieldGenerator+1","thefirefly:EMP+1","thefirefly:SoulStrike+1","thefirefly:AlphaStrike+1","thefirefly:Kugelblitz","stsjorbsmod:RepressedMemory","infinitespire:Fortify","infinitespire:SevenWalls+1","thefirefly:ChargedLaser","thefirefly:ReverseEngine","thefirefly:CreateClone+1","thefirefly:Boost","thefirefly:ShieldArray+1","thefirefly:TachyonBeam","thefirefly:HyperspaceAssault","thefirefly:BreachMissile+1","stsjorbsmod:Possession","stsjorbsmod:Blasphemer","thefirefly:QuantumTunneling","thefirefly:IonizedBarrier+1","thefirefly:FlareScreen+1","thefirefly:LaserMail+1","thefirefly:FlareScreen","thefirefly:Quine+1","thefirefly:AutoTargeting","thefirefly:FlareScreen","thefirefly:LaserMail+1","thefirefly:IonizedBarrier+1","thefirefly:Bombardment+1","thefirefly:LifeSupport+1","thefirefly:Prominence+1","thefirefly:BreachMissile+1","stsjorbsmod:MirroredTechnique","stsjorbsmod:DemonicCoup+1"],"relics":["thefirefly:StealthSystem","aspiration:Nostalgia","stsjorbsmod:BookOfTrialsRelic","Menagerie:ShiftingBlessing","Ornamental Fan","Ornamental Fan","halation:PromiseList","energizedSpire:StickyHand","Cursed Key","jedi:shrinkray","Dream Catcher","Elementarium:ElementariumTrophy","hubris:Metronome","Smiling Mask","aspiration:Lifesprig","Guide Book","Anchor","StuffTheSpire:Expresso"],"acts_visited":["Exordium","Menagerie:Menagerie","TheBeyond","TheEnding"],"potions_floor_usage":[11,16,24,28,30,40,48,55,55,55],"damage_taken":[{"damage":3,"enemies":"Menagerie:2_RABBITS","floor":1,"turns":6},{"damage":1,"enemies":"Menagerie:StygianBoar","floor":3,"turns":2},{"damage":3,"enemies":"Menagerie:MonstrousExperiment","floor":4,"turns":3},{"damage":1,"enemies":"Menagerie:BEAST_MAGE_AND_PROWLING_AMALGAM","floor":5,"turns":7},{"damage":18,"enemies":"Menagerie:VoidReaper","floor":11,"turns":5},{"damage":0,"enemies":"Menagerie:Hydra","floor":13,"turns":3},{"damage":3,"enemies":"Menagerie:Suneater","floor":16,"turns":4},{"damage":0,"enemies":"Elementarium:2_ELEMENTALS","floor":18,"turns":3},{"damage":0,"enemies":"Elementarium:VoidCorruption","floor":20,"turns":2},{"damage":0,"enemies":"Elementarium:3_ELEMENTALS","floor":21,"turns":2},{"damage":0,"enemies":"Elementarium:WarGolem","floor":24,"turns":3},{"damage":4,"enemies":"Elementarium:STONE_GOLEMS","floor":25,"turns":2},{"damage":10,"enemies":"Elementarium:VOID_CORRUPTION_AND_TAR_GOLEM","floor":27,"turns":2},{"damage":0,"enemies":"Elementarium:3_ELEMENTALS","floor":28,"turns":3},{"damage":0,"enemies":"Gensokyo:Tenshi","floor":30,"turns":3},{"damage":0,"enemies":"Elementarium:CYCLONE_AND_ORB_OF_FIRE","floor":31,"turns":4},{"damage":0,"enemies":"Elementarium:GolemEmperor","floor":33,"turns":6},{"damage":0,"enemies":"Orb Walker","floor":35,"turns":1},{"damage":8,"enemies":"3 Shapes","floor":38,"turns":2},{"damage":15,"enemies":"Nemesis","floor":40,"turns":5},{"damage":0,"enemies":"Sphere and 2 Shapes","floor":42,"turns":5},{"damage":5,"enemies":"3 Darklings","floor":44,"turns":2},{"damage":0,"enemies":"Spire Growth","floor":45,"turns":2},{"damage":2,"enemies":"HollowMod:StalkingDevout","floor":47,"turns":4},{"damage":31,"enemies":"conspire:OrnateMirror","floor":50,"turns":11},{"damage":43,"enemies":"Shield and Spear","floor":54,"turns":6},{"damage":26,"enemies":"The Heart","floor":55,"turns":5}],"seed_played":"4090403181972404162","potions_obtained":[{"floor":3,"key":"Elixir"},{"floor":4,"key":"blueLaboratory:PyrophylliteBrew"},{"floor":13,"key":"jedi:hoardpotion"},{"floor":20,"key":"Ancient Potion"},{"floor":21,"key":"Regen Potion"},{"floor":25,"key":"jedi:tentaclejuice"},{"floor":28,"key":"blueLaboratory:RememoryPotion"},{"floor":38,"key":"blueLaboratory:BottleOfRum"},{"floor":44,"key":"sagemod:Wine"}],"is_trial":false,"path_per_floor":["M","?","M","M","M","$","R","?","T","R","E","R","E","?","R","B",null,"M","AVR","M","M","?","R","E","M","T","M","M","R","?","M","R","B",null,"M","?","?","M","?","E","R","M","T","M","M","R","E","$","R","B",null,"R","$","E","B",null],"character_chosen":"THE_FIREFLY","items_purchased":["thefirefly:AuroralDischarge","thefirefly:BreachMissile+1","aspiration:Lifesprig","Guide Book","Anchor","Elixir"],"campfire_rested":1,"item_purchase_floors":[6,48,48,48,48,53],"current_hp_per_floor":[47,47,46,43,42,42,42,33,33,33,15,31,31,31,31,28,48,48,48,48,48,48,48,48,46,46,36,38,38,38,40,40,42,58,60,60,60,52,52,39,39,41,41,36,45,45,43,43,43,23,59,59,59,18,22],"gold":39,"neow_bonus":"NOSTALGIA","is_daily":false,"chose_seed":false,"campfire_upgraded":9,"win_rate":0.0,"timestamp":1612580358,"path_taken":["M","?","M","?","M","$","R","?","T","R","E","R","E","?","R","BOSS","M","AVR","?","M","?","R","E","?","T","M","M","R","?","M","R","BOSS","M","?","?","M","?","E","R","M","T","M","M","R","E","$","R","BOSS","R","$","E","BOSS"],"items_purchased_type":["Card","Card","Relic","Relic","Relic","Potion"],"build_version":"2020-12-22","purchased_purges":3,"victory":true,"max_hp_per_floor":[55,55,55,55,55,55,55,55,55,55,55,55,55,55,55,55,55,55,55,55,55,55,55,55,57,57,57,59,59,59,61,61,63,63,65,65,65,65,65,67,67,69,69,69,69,69,69,69,69,71,71,71,71,73,73],"card_choices":[{"not_picked":["thefirefly:StarCinder","thefirefly:ErraticMotions"],"picked":"thefirefly:Prominence","floor":1},{"not_picked":["thefirefly:Preload","thefirefly:SearingEnigma"],"picked":"thefirefly:FlakCannon","floor":3},{"not_picked":["thefirefly:Flight","thefirefly:PhantomStrike"],"picked":"thefirefly:DecoyShot","floor":4},{"not_picked":["thefirefly:SearingEnigma","thefirefly:Preload"],"picked":"thefirefly:HyperspaceAssault","floor":5},{"not_picked":["thefirefly:LaserBarrage","thefirefly:AuroralDischarge"],"picked":"thefirefly:ShieldGenerator","floor":11},{"not_picked":["thefirefly:NebulaVeil","thefirefly:SearingEnigma"],"picked":"thefirefly:EMP","floor":13},{"not_picked":["thefirefly:FlakCannon","thefirefly:EvasiveManeuver+1","thefirefly:ChargedLaser+1"],"picked":"SKIP","floor":18},{"not_picked":["thefirefly:Preload+1","thefirefly:RollBack+1","thefirefly:StoredPower+1"],"picked":"SKIP","floor":20},{"not_picked":["thefirefly:RecollectionSubroutine","thefirefly:DecoyShot","thefirefly:InterceptingShot"],"picked":"SKIP","floor":21},{"not_picked":["thefirefly:ChargedLaser","thefirefly:CreateClone"],"picked":"thefirefly:ReverseEngine","floor":24},{"not_picked":["thefirefly:SearingEnigma","thefirefly:ArtillleryBeam","thefirefly:Rend+1"],"picked":"SKIP","floor":25},{"not_picked":["thefirefly:SteadyAim","thefirefly:Rend","thefirefly:EMP+1"],"picked":"SKIP","floor":27},{"not_picked":["thefirefly:StoredPower","thefirefly:Boost"],"picked":"thefirefly:ShieldArray+1","floor":28},{"not_picked":["thefirefly:Exile+1","thefirefly:ShieldArray","thefirefly:FlakCannon"],"picked":"SKIP","floor":31},{"not_picked":["thefirefly:TachyonBeam","thefirefly:HyperspaceAssault"],"picked":"thefirefly:BreachMissile","floor":33},{"not_picked":["thefirefly:QuantumTunneling","thefirefly:FlareScreen+1"],"picked":"thefirefly:IonizedBarrier+1","floor":35},{"not_picked":["thefirefly:LaserMail","thefirefly:Quine+1"],"picked":"thefirefly:FlareScreen","floor":38},{"not_picked":["thefirefly:FlareScreen","thefirefly:IonizedBarrier+1"],"picked":"thefirefly:LaserMail+1","floor":40},{"not_picked":["thefirefly:NebulaVeil+1","thefirefly:StoredPower","thefirefly:RollBack+1"],"picked":"SKIP","floor":42},{"not_picked":["thefirefly:Bombardment","thefirefly:Prominence+1"],"picked":"thefirefly:LifeSupport+1","floor":44},{"not_picked":["thefirefly:HyperFocus+1","thefirefly:SteadyAim","thefirefly:FlareScreen+1"],"picked":"SKIP","floor":45},{"not_picked":["thefirefly:FlakCannon","thefirefly:RollBack","thefirefly:StarCinder"],"picked":"SKIP","floor":47},{"not_picked":["thefirefly:Ruminate","thefirefly:StarCinder","thefirefly:PotentAmmunition"],"picked":"SKIP","floor":54}],"player_experience":2075345,"relics_obtained":[{"floor":9,"key":"Ornamental Fan"},{"floor":11,"key":"reliquary:SculptingSteel"},{"floor":13,"key":"halation:PromiseList"},{"floor":24,"key":"jedi:shrinkray"},{"floor":30,"key":"Dream Catcher"},{"floor":40,"key":"hubris:Metronome"},{"floor":47,"key":"Smiling Mask"},{"floor":54,"key":"StuffTheSpire:Expresso"}],"event_choices":[{"damage_healed":0,"gold_gain":0,"player_choice":"Touch","damage_taken":9,"relics_obtained":["Menagerie:ShiftingBlessing"],"max_hp_gain":0,"max_hp_loss":0,"event_name":"Menagerie:LunarGift","floor":8,"gold_loss":0},{"damage_healed":0,"gold_gain":0,"player_choice":"Enter","damage_taken":0,"max_hp_gain":0,"max_hp_loss":0,"event_name":"Elementarium:OtherworldlyPassage","floor":30,"gold_loss":0},{"damage_healed":0,"gold_gain":0,"cards_transformed":["thefirefly:StoredPower"],"player_choice":"Transformed","damage_taken":0,"max_hp_gain":0,"max_hp_loss":0,"event_name":"Transmorgrifier","floor":39,"gold_loss":0,"cards_obtained":["thefirefly:AutoTargeting"]}],"is_beta":false,"boss_relics":[{"not_picked":["Runic Pyramid","aspiration:IroncladSkillbook"],"picked":"energizedSpire:StickyHand"},{"not_picked":["jedi:paperlyon","reliquary:WritOfMandamus","StuffTheSpire:Kangaroo"]}],"items_purged_floors":[6,19,48],"is_endless":false,"potions_floor_spawned":[3,4,13,20,21,25,28,38,44,47],"ascension_level":8}}