{"host":"rw1trt79hfpl7pom","time":1612611627,"event":{"mods":["BaseMod","Bestiary","Colored Map","Jorbs\u0027s Wanderer Trilogy","Minty Spire (QoL Compilation)","Relic Stats","StSLib","SuperFastMode"],"gold_per_floor":[116,129,140,140,140,140,171,196,196,196,196,231,245,278,278,377,377,401,422,422,81,81,112,112,162,189,189,209,240,240,39,39,128,128,142,155,179,179,199,230,230,261,261,6,49,49,73,96,96,96,96,96,96,8,49,49],"floor_reached":57,"language":"ENG","playtime":4350,"items_purged":["Strike_P"],"score":3021,"play_id":"efb73d11-5474-435b-a27e-56ccf538d282","local_time":"20210206034027","is_ascension_mode":true,"campfire_choices":[{"data":"FlurryOfBlows","floor":6.0,"key":"SMITH"},{"data":"1","floor":11.0,"key":"LIFT"},{"data":"2","floor":15.0,"key":"LIFT"},{"data":"3","floor":24.0,"key":"LIFT"},{"floor":32.0,"key":"RECALL"},{"floor":41.0,"key":"REST"},{"floor":49.0,"key":"REST"},{"floor":53.0,"key":"REST"}],"circlet_count":0,"master_deck":["AscendersBane","Eruption+1","Vigilance+1","JustLucky+1","Indignation","FlurryOfBlows+1","BowlingBash","WaveOfTheHand+1","ReachHeaven","CrushJoints+1","Ragnarok","ThirdEye","Consecrate+1","Sanctity+1","LessonLearned","TalkToTheHand","Prostrate+1","Wallop","FearNoEvil","EmptyFist+1","Tantrum+1","DevaForm+1","Protect","Scrawl","Fasting2","Pray+1","Consecrate+1","ThirdEye+1","Halt+1","ForeignInfluence+1","FlurryOfBlows","TalkToTheHand+1","SpiritShield","InnerPeace","ThirdEye","MentalFortress","Weave"],"relics":["Runic Pyramid","Golden Idol","Girya","Eternal Feather","HornCleat","Damaru","Fusion Hammer","Happy Flower","Centennial Puzzle","MutagenicStrength","Oddly Smooth Stone","Medical Kit","Pandora\u0027s Box","Letter Opener","Regal Pillow","Strange Spoon","TeardropLocket","Bag of Preparation"],"acts_visited":["Exordium","TheCity","TheBeyond","TheEnding"],"potions_floor_usage":[56,56],"damage_taken":[{"damage":0.0,"enemies":"Jaw Worm","floor":1.0,"turns":2.0},{"damage":4.0,"enemies":"2 Louse","floor":2.0,"turns":3.0},{"damage":0.0,"enemies":"Cultist","floor":3.0,"turns":3.0},{"damage":12.0,"enemies":"Lagavulin","floor":7.0,"turns":4.0},{"damage":16.0,"enemies":"Exordium Thugs","floor":8.0,"turns":3.0},{"damage":11.0,"enemies":"3 Sentries","floor":12.0,"turns":6.0},{"damage":0.0,"enemies":"Blue Slaver","floor":13.0,"turns":3.0},{"damage":0.0,"enemies":"Gremlin Nob","floor":14.0,"turns":3.0},{"damage":37.0,"enemies":"Hexaghost","floor":16.0,"turns":9.0},{"damage":22.0,"enemies":"2 Thieves","floor":18.0,"turns":3.0},{"damage":0.0,"enemies":"Spheric Guardian","floor":19.0,"turns":2.0},{"damage":0.0,"enemies":"Gremlin Leader","floor":23.0,"turns":3.0},{"damage":0.0,"enemies":"Centurion and Healer","floor":28.0,"turns":3.0},{"damage":9.0,"enemies":"Slavers","floor":29.0,"turns":3.0},{"damage":0.0,"enemies":"Collector","floor":33.0,"turns":5.0},{"damage":16.0,"enemies":"3 Shapes","floor":35.0,"turns":5.0},{"damage":9.0,"enemies":"3 Darklings","floor":36.0,"turns":3.0},{"damage":4.0,"enemies":"Jaw Worm Horde","floor":37.0,"turns":3.0},{"damage":0.0,"enemies":"Transient","floor":39.0,"turns":6.0},{"damage":9.0,"enemies":"Reptomancer","floor":40.0,"turns":3.0},{"damage":0.0,"enemies":"Giant Head","floor":42.0,"turns":3.0},{"damage":9.0,"enemies":"Reptomancer","floor":45.0,"turns":6.0},{"damage":0.0,"enemies":"Maw","floor":47.0,"turns":6.0},{"damage":9.0,"enemies":"4 Shapes","floor":48.0,"turns":4.0},{"damage":3.0,"enemies":"Awakened One","floor":50.0,"turns":7.0},{"damage":24.0,"enemies":"Donu and Deca","floor":51.0,"turns":6.0},{"damage":5.0,"enemies":"Shield and Spear","floor":55.0,"turns":4.0},{"damage":23,"enemies":"The Heart","floor":56,"turns":7}],"seed_played":"9145959253734806854","potions_obtained":[{"floor":1.0,"key":"EssenceOfSteel"},{"floor":8.0,"key":"Swift Potion"},{"floor":12.0,"key":"GamblersBrew"},{"floor":13.0,"key":"Swift Potion"},{"floor":18.0,"key":"Strength Potion"},{"floor":29.0,"key":"Strength Potion"},{"floor":33.0,"key":"Explosive Potion"},{"floor":35.0,"key":"SteroidPotion"},{"floor":42.0,"key":"SteroidPotion"},{"floor":47.0,"key":"DuplicationPotion"},{"floor":55.0,"key":"ColorlessPotion"}],"is_trial":false,"path_per_floor":["M","M","M","?","?","R","E","M","T","?","R","E","M","E","R","B",null,"M","M","?","$","$","E","R","?","T","?","M","E","?","$","R","B",null,"M","M","M","?","M","E","R","E","T","$","E","?","M","M","R","B","B",null,"R","$","E","B",null],"character_chosen":"WATCHER","items_purchased":["LessonLearned","TalkToTheHand","Prostrate","Tantrum","Medical Kit","TalkToTheHand","Strange Spoon","MentalFortress"],"campfire_rested":3,"item_purchase_floors":[21,21,21,31,31,44,44,54],"current_hp_per_floor":[61,57,57,57,57,57,45,29,29,62,62,51,51,51,60,23,52,30,30,30,30,30,30,42,42,42,42,42,33,33,33,48,48,59,43,34,30,30,30,21,57,57,57,57,48,48,48,39,62,59,35,55,62,62,57,34],"gold":49,"neow_bonus":"BOSS_RELIC","is_daily":false,"chose_seed":false,"campfire_upgraded":1,"win_rate":0.0,"timestamp":1612611627,"path_taken":["M","M","M","?","?","R","E","M","T","?","R","E","M","E","R","BOSS","M","M","?","?","$","E","R","?","T","?","?","E","?","$","R","BOSS","M","M","M","?","M","E","R","E","T","$","E","?","M","M","R","BOSS","BOSS","R","$","E","BOSS"],"items_purchased_type":["Card","Card","Card","Card","Relic","Card","Relic","Card"],"build_version":"2020-12-22","purchased_purges":1,"victory":true,"max_hp_per_floor":[68,68,68,62,62,62,62,62,62,62,62,62,62,62,62,62,62,62,62,62,62,62,62,62,62,62,62,62,62,62,62,62,62,62,62,62,62,62,62,62,62,62,62,62,62,62,62,62,62,62,62,62,62,62,62,62],"relic_stats":{"Strange Spoon":[21],"Centennial Puzzle":[32],"Regal Pillow":0,"Happy Flower":[24],"counters":[28,118],"Golden Idol":200,"Eternal Feather":82,"Pandora\u0027s Box":["SignatureMove","Protect","Scrawl","Fasting2","Pray","Consecrate"],"Bag of Preparation":[2],"Letter Opener":[110],"Medical Kit":[2],"obtain_stats":[{"Girya":7,"Regal Pillow":42,"Happy Flower":23,"Golden Idol":4,"Damaru":14,"Oddly Smooth Stone":29,"Eternal Feather":9,"Bag of Preparation":55,"Letter Opener":40,"TeardropLocket":45,"Medical Kit":31,"Strange Spoon":44,"Centennial Puzzle":26,"HornCleat":12,"MutagenicStrength":27,"Pandora\u0027s Box":34,"Fusion Hammer":17,"PureWater":0,"Runic Pyramid":0},{"Girya":4,"Regal Pillow":21,"Happy Flower":12,"Golden Idol":3,"Damaru":8,"Oddly Smooth Stone":14,"Eternal Feather":5,"Bag of Preparation":27,"Letter Opener":20,"TeardropLocket":22,"Medical Kit":14,"Strange Spoon":21,"Centennial Puzzle":12,"HornCleat":6,"MutagenicStrength":12,"Pandora\u0027s Box":15,"Fusion Hammer":9,"PureWater":0,"Runic Pyramid":0},{"Girya":12,"Regal Pillow":78,"Happy Flower":44,"Golden Idol":8,"Damaru":27,"Oddly Smooth Stone":50,"Eternal Feather":15,"Bag of Preparation":111,"Letter Opener":75,"TeardropLocket":84,"Medical Kit":50,"Strange Spoon":78,"Centennial Puzzle":44,"HornCleat":21,"MutagenicStrength":44,"Pandora\u0027s Box":55,"Fusion Hammer":36,"PureWater":0,"Runic Pyramid":0}]},"card_choices":[{"not_picked":["Collect","DeceiveReality"],"picked":"JustLucky","floor":1.0},{"not_picked":["Perseverance","DeceiveReality"],"picked":"Indignation","floor":2.0},{"not_picked":["FearNoEvil","Fasting2"],"picked":"FlurryOfBlows","floor":3.0},{"not_picked":["SashWhip","Worship"],"picked":"BowlingBash","floor":7.0},{"not_picked":["ClearTheMind","BowlingBash","BattleHymn"],"picked":"SKIP","floor":8.0},{"not_picked":["Perseverance","CarveReality"],"picked":"WaveOfTheHand","floor":12.0},{"not_picked":["FlyingSleeves","Prostrate"],"picked":"ReachHeaven","floor":13.0},{"not_picked":["JustLucky","BowlingBash"],"picked":"CrushJoints","floor":14.0},{"not_picked":["MasterReality","DevaForm"],"picked":"Ragnarok","floor":16.0},{"not_picked":["Evaluate","DeceiveReality"],"picked":"ThirdEye","floor":18.0},{"not_picked":["Crescendo","ClearTheMind"],"picked":"Consecrate","floor":19.0},{"not_picked":["BowlingBash","ClearTheMind"],"picked":"Wallop","floor":23.0},{"not_picked":["ThirdEye+1","SashWhip"],"picked":"FearNoEvil","floor":28.0},{"not_picked":["Judgement","WreathOfFlame+1"],"picked":"EmptyFist","floor":29.0},{"not_picked":["Blasphemy","Brilliance"],"picked":"DevaForm","floor":33.0},{"not_picked":["EmptyBody+1","CutThroughFate"],"picked":"ThirdEye+1","floor":35.0},{"not_picked":["Consecrate+1","JustLucky"],"picked":"Halt+1","floor":36.0},{"not_picked":["Consecrate","Prostrate"],"picked":"ForeignInfluence+1","floor":37.0},{"not_picked":["WaveOfTheHand","FlyingSleeves"],"picked":"FlurryOfBlows","floor":39.0},{"not_picked":["Consecrate","ThirdEye","DeusExMachina"],"picked":"SKIP","floor":40.0},{"not_picked":["Crescendo","SignatureMove","Protect"],"picked":"SKIP","floor":42.0},{"not_picked":["Study","ReachHeaven+1"],"picked":"SpiritShield","floor":45.0},{"not_picked":["ClearTheMind","Evaluate"],"picked":"InnerPeace","floor":47.0},{"not_picked":["FlurryOfBlows","WreathOfFlame"],"picked":"ThirdEye","floor":48.0},{"not_picked":["ClearTheMind","Study"],"picked":"Weave","floor":55.0}],"player_experience":2610786,"relics_obtained":[{"floor":7.0,"key":"Girya"},{"floor":9.0,"key":"Eternal Feather"},{"floor":12.0,"key":"HornCleat"},{"floor":14.0,"key":"Damaru"},{"floor":23.0,"key":"Happy Flower"},{"floor":26.0,"key":"Centennial Puzzle"},{"floor":29.0,"key":"Oddly Smooth Stone"},{"floor":40.0,"key":"Letter Opener"},{"floor":42.0,"key":"Regal Pillow"},{"floor":45.0,"key":"TeardropLocket"},{"floor":55.0,"key":"Bag of Preparation"}],"event_choices":[{"damage_healed":0.0,"max_hp_gain":0.0,"max_hp_loss":6.0,"gold_gain":0.0,"event_name":"Golden Idol","player_choice":"Lose Max HP","floor":4.0,"gold_loss":0.0,"damage_taken":0.0,"relics_obtained":["Golden Idol"]},{"damage_healed":0.0,"max_hp_gain":0.0,"max_hp_loss":0.0,"gold_gain":0.0,"event_name":"Liars Game","player_choice":"Ignored","floor":5.0,"gold_loss":0.0,"damage_taken":0.0},{"damage_healed":33.0,"max_hp_gain":0.0,"max_hp_loss":0.0,"gold_gain":0.0,"event_name":"Wheel of Change","player_choice":"Full Heal","floor":10.0,"gold_loss":0.0,"damage_taken":0.0},{"damage_healed":0.0,"max_hp_gain":0.0,"max_hp_loss":0.0,"gold_gain":0.0,"cards_transformed":["Strike_P"],"event_name":"Transmorgrifier","player_choice":"Transformed","floor":20.0,"gold_loss":0.0,"damage_taken":0.0,"cards_obtained":["Sanctity"]},{"damage_healed":0.0,"max_hp_gain":0.0,"max_hp_loss":0.0,"gold_gain":50.0,"event_name":"Nest","player_choice":"Stole From Cult","floor":25.0,"gold_loss":0.0,"damage_taken":0.0},{"damage_healed":0.0,"max_hp_gain":0.0,"max_hp_loss":0.0,"gold_gain":0.0,"event_name":"Drug Dealer","player_choice":"Inject Mutagens","floor":27.0,"gold_loss":0.0,"damage_taken":0.0,"relics_obtained":["MutagenicStrength"]},{"damage_healed":0.0,"max_hp_gain":0.0,"max_hp_loss":0.0,"gold_gain":0.0,"event_name":"The Mausoleum","player_choice":"Ignored","floor":30.0,"gold_loss":0.0,"damage_taken":0.0},{"damage_healed":0.0,"max_hp_gain":0.0,"max_hp_loss":0.0,"gold_gain":0.0,"event_name":"SensoryStone","player_choice":"Memory 1","floor":38.0,"gold_loss":0.0,"damage_taken":0.0},{"cards_removed":["SignatureMove"],"damage_healed":0.0,"max_hp_gain":0.0,"max_hp_loss":0.0,"gold_gain":0.0,"event_name":"Purifier","player_choice":"Purged","floor":46.0,"gold_loss":0.0,"damage_taken":0.0}],"is_beta":false,"boss_relics":[{"not_picked":["SacredBark","Ectoplasm"],"picked":"Fusion Hammer"},{"not_picked":["Tiny House","Snecko Eye"],"picked":"Pandora\u0027s Box"}],"items_purged_floors":[21],"is_endless":false,"potions_floor_spawned":[1,8,12,13,14,18,29,33,35,42,45,47,55],"ascension_level":20}}