{"host":"dcj2yvrgcvh5dl2s","time":1612615339,"event":{"mods":["BaseMod","Bestiary","Better Note","Block Reminder","Colored Powertips","Curses Come First","DeckTracker","Minty Spire (QoL Compilation)","Quick Restart","Rare Cards Sparkle","Relic Stats","StSLib"],"gold_per_floor":[114,114,114,57,74,99,99,128,128,93,37,68,83,158,158,237,237,253,269,469,60,72,72,72,72],"floor_reached":24,"language":"ENG","playtime":1490,"items_purged":["Strike_R"],"score":474,"play_id":"85392dfa-9662-44e7-aab4-a5f4d1b1c4a1","local_time":"20210206224219","is_ascension_mode":true,"campfire_choices":[{"data":"Whirlwind","floor":7,"key":"SMITH"},{"floor":15,"key":"REST"},{"floor":23,"key":"REST"}],"circlet_count":0,"master_deck":["AscendersBane","Strike_R","Defend_R","Defend_R","Defend_R","Defend_R+1","Bash","Shrug It Off+1","Flex","Whirlwind+1","Battle Trance","Bludgeon","Flex","Flex","Reaper","Sword Boomerang+1"],"relics":["Burning Blood","NeowsBlessing","Mango","Bag of Marbles","Gremlin Horn","InkBottle","Empty Cage","Vajra","Omamori"],"acts_visited":["Exordium","TheCity"],"potions_floor_usage":[16,18,22],"damage_taken":[{"damage":0,"enemies":"Small Slimes","floor":1,"turns":1},{"damage":0,"enemies":"2 Louse","floor":5,"turns":2},{"damage":0,"enemies":"Lagavulin","floor":6,"turns":2},{"damage":30,"enemies":"Gremlin Nob","floor":8,"turns":4},{"damage":40,"enemies":"Lagavulin","floor":12,"turns":4},{"damage":7,"enemies":"Jaw Worm","floor":13,"turns":2},{"damage":29,"enemies":"Slime Boss","floor":16,"turns":8},{"damage":0,"enemies":"Chosen","floor":18,"turns":2},{"damage":36,"enemies":"2 Thieves","floor":19,"turns":4},{"damage":32,"enemies":"Chosen and Byrds","floor":22,"turns":7},{"damage":85,"enemies":"Gremlin Leader","floor":24,"turns":4}],"seed_played":"1815626545771204684","potions_obtained":[{"floor":8,"key":"Explosive Potion"},{"floor":12,"key":"Fire Potion"},{"floor":19,"key":"SkillPotion"}],"is_trial":false,"path_per_floor":["M","?","?","$","M","E","R","E","T","?","$","E","M","?","R","B",null,"M","M","?","$","M","R","E"],"character_chosen":"IRONCLAD","items_purchased":["Flex","Flex","Vajra","Omamori"],"campfire_rested":2,"item_purchase_floors":[4,11,21,21],"current_hp_per_floor":[74,67,44,44,50,70,70,46,46,68,68,34,33,22,48,25,73,79,59,59,59,42,68,0,0],"gold":72,"neow_bonus":"THREE_ENEMY_KILL","is_daily":false,"chose_seed":false,"campfire_upgraded":1,"win_rate":0.0,"timestamp":1612615339,"path_taken":["M","?","?","$","M","E","R","E","T","?","?","E","M","?","R","BOSS","M","M","?","$","M","R","E"],"items_purchased_type":["Card","Card","Relic","Relic"],"build_version":"2020-12-22","purchased_purges":1,"victory":false,"max_hp_per_floor":[75,75,75,75,75,89,89,89,89,89,89,89,89,89,89,89,89,89,89,89,89,89,89,89,89],"relic_stats":{"Gremlin Horn":[6,6],"counters":[11,40],"obtain_stats":[{"NeowsBlessing":0,"Gremlin Horn":9,"Vajra":21,"Mango":6,"Bag of Marbles":8,"Omamori":21,"Empty Cage":17,"Burning Blood":0,"InkBottle":12},{"NeowsBlessing":0,"Gremlin Horn":4,"Vajra":9,"Mango":3,"Bag of Marbles":4,"Omamori":9,"Empty Cage":7,"Burning Blood":0,"InkBottle":5},{"NeowsBlessing":0,"Gremlin Horn":9,"Vajra":29,"Mango":5,"Bag of Marbles":9,"Omamori":29,"Empty Cage":23,"Burning Blood":0,"InkBottle":13}],"Burning Blood":60,"InkBottle":[6]},"card_choices":[{"not_picked":["Perfected Strike","Sword Boomerang"],"picked":"Shrug It Off","floor":1},{"not_picked":["Iron Wave","True Grit"],"picked":"Whirlwind","floor":5},{"not_picked":["Berserk","Clash"],"picked":"Battle Trance","floor":6},{"not_picked":["Rage","Entrench"],"picked":"Bludgeon","floor":8},{"not_picked":["Wild Strike","Havoc","Clash"],"picked":"SKIP","floor":12},{"not_picked":["Second Wind","Armaments"],"picked":"Flex","floor":13},{"not_picked":["Barricade","Demon Form"],"picked":"Reaper","floor":16},{"not_picked":["Havoc","Clash","Hemokinesis"],"picked":"SKIP","floor":18},{"not_picked":["Warcry","Armaments"],"picked":"Sword Boomerang+1","floor":19},{"not_picked":["Armaments","Iron Wave","Body Slam"],"picked":"SKIP","floor":22}],"player_experience":2328022,"relics_obtained":[{"floor":6,"key":"Mango"},{"floor":8,"key":"Bag of Marbles"},{"floor":9,"key":"Gremlin Horn"},{"floor":12,"key":"InkBottle"}],"event_choices":[{"cards_removed":["Strike_R"],"damage_healed":0,"gold_gain":0,"player_choice":"Card Removal","damage_taken":7,"max_hp_gain":0,"max_hp_loss":0,"event_name":"Golden Wing","floor":2,"gold_loss":0},{"damage_healed":0,"gold_gain":0,"player_choice":"Entered Light","damage_taken":23,"max_hp_gain":0,"max_hp_loss":0,"event_name":"Shining Light","floor":3,"gold_loss":0,"cards_upgraded":["Shrug It Off","Defend_R"]},{"damage_healed":22,"gold_gain":0,"player_choice":"Healed","damage_taken":0,"max_hp_gain":0,"max_hp_loss":0,"event_name":"The Cleric","floor":10,"gold_loss":35},{"damage_healed":0,"gold_gain":75,"player_choice":"Gather Gold","damage_taken":11,"max_hp_gain":0,"max_hp_loss":0,"event_name":"World of Goop","floor":14,"gold_loss":0},{"damage_healed":0,"gold_gain":200,"player_choice":"Gold","damage_taken":0,"max_hp_gain":0,"max_hp_loss":0,"event_name":"Wheel of Change","floor":20,"gold_loss":0}],"is_beta":false,"boss_relics":[{"not_picked":["Philosopher\u0027s Stone","Velvet Choker"],"picked":"Empty Cage"}],"items_purged_floors":[21],"is_endless":false,"potions_floor_spawned":[8,12,13,19],"killed_by":"Gremlin Leader","ascension_level":20}}