{"host":"mydft8i2zzydgggw","time":1612599355,"event":{"mods":["AchievementEnabler","BaseMod","BetterRewards","Colored Map","Colored Powertips","DeckTracker","Keyboard Shortcuts","Minty Spire (QoL Compilation)","Rare Cards Sparkle","StSLib","SuperFastMode","everything is the same but u backflip on backflip"],"gold_per_floor":[20,31,41,59,59,59,71,71,96,96,14,14,31,48,48,146,146,111,127,127,127],"floor_reached":20,"language":"KOR","playtime":2170,"items_purged":[],"score":227,"play_id":"df00b305-a51d-4010-ab69-0574dc61ab12","local_time":"20210206171555","is_ascension_mode":true,"campfire_choices":[{"data":"Warcry","floor":6,"key":"SMITH"},{"data":"Feel No Pain","floor":8,"key":"SMITH"},{"data":"True Grit","floor":15,"key":"SMITH"}],"circlet_count":0,"master_deck":["Strike_R","Strike_R","Strike_R","Defend_R","Defend_R","Defend_R","Bash","Pommel Strike","Heavy Blade","Feel No Pain+1","Warcry+1","Power Through","True Grit","Evolve","True Grit+1","Second Wind","Reaper","Disarm","Shockwave"],"relics":["Burning Blood","Bag of Marbles","Eternal Feather","Mark of Pain"],"acts_visited":["Exordium","TheCity"],"potions_floor_usage":[16,16,19],"damage_taken":[{"damage":10,"enemies":"Jaw Worm","floor":1,"turns":6},{"damage":6,"enemies":"Cultist","floor":2,"turns":3},{"damage":10,"enemies":"Small Slimes","floor":3,"turns":3},{"damage":25,"enemies":"Exordium Thugs","floor":4,"turns":5},{"damage":3,"enemies":"Exordium Wildlife","floor":7,"turns":4},{"damage":4,"enemies":"Blue Slaver","floor":13,"turns":6},{"damage":10,"enemies":"Looter","floor":14,"turns":4},{"damage":32,"enemies":"Slime Boss","floor":16,"turns":14},{"damage":42,"enemies":"2 Thieves","floor":18,"turns":5},{"damage":15,"enemies":"3 Byrds","floor":19,"turns":11},{"damage":54,"enemies":"3 Cultists","floor":20,"turns":6}],"seed_played":"8603882625122676883","potions_obtained":[{"floor":7,"key":"Block Potion"},{"floor":13,"key":"Dexterity Potion"},{"floor":14,"key":"Strength Potion"},{"floor":16,"key":"EssenceOfSteel"},{"floor":18,"key":"Explosive Potion"}],"is_trial":false,"path_per_floor":["M","M","M","M","?","R","M","R","T","?","$","T","M","M","R","B",null,"M","M","M"],"character_chosen":"IRONCLAD","items_purchased":["Evolve","True Grit"],"campfire_rested":0,"item_purchase_floors":[11,11],"current_hp_per_floor":[68,68,64,45,37,37,40,40,40,40,40,40,42,38,47,21,65,37,34,0,0],"gold":127,"neow_bonus":"REMOVE_TWO","is_daily":false,"chose_seed":false,"campfire_upgraded":3,"win_rate":0.0,"timestamp":1612599355,"path_taken":["M","M","M","M","?","R","?","R","T","?","$","?","?","M","R","BOSS","M","M","M"],"items_purchased_type":["Card","Card"],"build_version":"2020-12-22","purchased_purges":0,"victory":false,"max_hp_per_floor":[80,80,80,80,80,80,80,80,80,80,80,80,80,80,80,80,80,80,80,80,80],"card_choices":[{"not_picked":["Thunderclap","Cleave"],"picked":"Pommel Strike","floor":1},{"not_picked":["Flex","Iron Wave"],"picked":"Heavy Blade","floor":2},{"not_picked":["Spot Weakness","Reckless Charge"],"picked":"Feel No Pain","floor":3},{"not_picked":["Seeing Red","Rupture"],"picked":"Warcry","floor":4},{"not_picked":["Rampage","Twin Strike"],"picked":"Power Through","floor":7},{"not_picked":["Demon Form","Wild Strike"],"picked":"Second Wind","floor":13},{"not_picked":["Havoc","Clash","Headbutt"],"picked":"SKIP","floor":14},{"not_picked":["Brutality","Berserk"],"picked":"Reaper","floor":16},{"not_picked":["Twin Strike","Iron Wave"],"picked":"Disarm","floor":18},{"not_picked":["Armaments","Infernal Blade"],"picked":"Shockwave","floor":19}],"player_experience":233237,"relics_obtained":[{"floor":9,"key":"Bag of Marbles"},{"floor":12,"key":"Eternal Feather"}],"event_choices":[{"damage_healed":0,"gold_gain":0,"player_choice":"Damaged","damage_taken":8,"max_hp_gain":0,"max_hp_loss":0,"event_name":"Wheel of Change","floor":5,"gold_loss":0},{"damage_healed":0,"gold_gain":0,"cards_transformed":["Strike_R"],"player_choice":"Transformed","damage_taken":0,"max_hp_gain":0,"max_hp_loss":0,"event_name":"Transmorgrifier","floor":10,"gold_loss":0,"cards_obtained":["True Grit"]}],"is_beta":false,"boss_relics":[{"not_picked":["Sozu","Busted Crown"],"picked":"Mark of Pain"}],"items_purged_floors":[],"is_endless":false,"potions_floor_spawned":[7,13,14,16,18],"killed_by":"3 Cultists","ascension_level":7}}