{"host":"p08oqmr389b4tgxi","time":1612596588,"event":{"mods":["100% Spire Juice","ATMod(°¢èªMod)","Act Like it!","Arknights","BaseMod","Colored Powertips","Gensokyo","Hallownest","KomeijiMod","Minty Spire (QoL Compilation)","Quick Restart","Relic Filter Mod","Relic Stats","Reliquary","StSLib","Yakumo Yukari mod","¡¾ÒÅÎï¿¨ÅÆ¡¿REMEMod"],"gold_per_floor":[109,120,120,13,13,46,46,64,64,64,81,113,113,113,113,113,113],"floor_reached":16,"language":"ZHS","playtime":1055,"items_purged":[],"score":110,"play_id":"be11b605-6f6c-4411-8f27-a7ad6d61bfff","local_time":"20210206152948","is_ascension_mode":false,"campfire_choices":[{"data":"AT_KingSlayer","floor":7,"key":"SMITH"},{"data":"Moonworks:EvilSpyWorkPreparation","floor":15,"key":"SMITH"}],"circlet_count":0,"master_deck":["Moonworks:Strike","Moonworks:Strike","Moonworks:Strike","Moonworks:Strike","Moonworks:Defend","Moonworks:Defend","Moonworks:Defend","Moonworks:Defend","Moonworks:Ambush","Moonworks:LongDistanceShot","AT_KingSlayer+1","AT_DivineConfetti+1","Moonworks:NicePresent","Moonworks:SweetBattle","Moonworks:FullSpeedAlicianrone","Moonworks:GoAway","Moonworks:MixPhenomenon","Moonworks:EvilSpyWorkPreparation+1","Madness","Moonworks:NicePresent"],"relics":["Moonworks:BrokenBomb","Moonworks:Homemark","REME_ComplimentaryCards","AT_ATBox","NeowsBlessing","Hallownest:DreamNailRelic","reliquary:PartyBalloon","reliquary:WeakTea","AT_BellowingDragoncrestRing"],"acts_visited":["Exordium"],"potions_floor_usage":[],"damage_taken":[{"damage":0,"enemies":"Hallownest:monsterHuskGuard","floor":1,"turns":1},{"damage":0,"enemies":"Hallownest:monsterHuskWarrior","floor":2,"turns":1},{"damage":0,"enemies":"2_ Uuma","floor":4,"turns":1},{"damage":9,"enemies":"Hallownest:eliteVengeflyKing","floor":6,"turns":7},{"damage":7,"enemies":"Hallownest:monsterFoolEater","floor":8,"turns":4},{"damage":20,"enemies":"Hallownest:1_Ooma_and_2_Uuma","floor":11,"turns":5},{"damage":18,"enemies":"Hallownest:eliteCrystalGuardian","floor":12,"turns":6},{"damage":22,"enemies":"Hallownest:BossHornet","floor":16,"turns":4}],"seed_played":"1833653887575352293","potions_obtained":[{"floor":6,"key":"BlessingOfTheForge"},{"floor":8,"key":"AttackPotion"},{"floor":11,"key":"Explosive Potion"},{"floor":12,"key":"UndeadPotion"}],"is_trial":false,"path_per_floor":["M","M","?","M","?","E","R","M","T","$","M","?","?","?","R","B"],"character_chosen":"THE_STARBREAKER","items_purchased":[],"campfire_rested":0,"item_purchase_floors":[],"current_hp_per_floor":[60,60,60,60,60,58,58,51,51,51,35,17,17,17,17,0,0],"gold":113,"neow_bonus":"THREE_ENEMY_KILL","is_daily":false,"chose_seed":false,"campfire_upgraded":2,"win_rate":0.0,"timestamp":1612596588,"path_taken":["M","M","?","M","?","E","R","M","T","$","M","?","?","?","R","BOSS"],"items_purchased_type":[],"build_version":"2020-12-22","purchased_purges":0,"victory":false,"max_hp_per_floor":[60,60,60,60,60,60,60,60,60,60,60,60,60,60,60,60,60],"relic_stats":{"counters":[8,29],"obtain_stats":[{"AT_ATBox":0,"AT_BellowingDragoncrestRing":12,"NeowsBlessing":0,"reliquary:PartyBalloon":6,"Moonworks:Homemark":0,"Hallownest:DreamNailRelic":5,"reliquary:WeakTea":9,"Moonworks:BrokenBomb":0,"REME_ComplimentaryCards":0},{"AT_ATBox":0,"AT_BellowingDragoncrestRing":7,"NeowsBlessing":0,"reliquary:PartyBalloon":4,"Moonworks:Homemark":0,"Hallownest:DreamNailRelic":3,"reliquary:WeakTea":5,"Moonworks:BrokenBomb":0,"REME_ComplimentaryCards":0},{"AT_ATBox":0,"AT_BellowingDragoncrestRing":25,"NeowsBlessing":0,"reliquary:PartyBalloon":10,"Moonworks:Homemark":0,"Hallownest:DreamNailRelic":3,"reliquary:WeakTea":14,"Moonworks:BrokenBomb":0,"REME_ComplimentaryCards":0}]},"card_choices":[{"not_picked":["Moonworks:LulusLuckyEgg","Moonworks:BigMagnum"],"picked":"Moonworks:NicePresent","floor":1},{"not_picked":["Moonworks:DeployBits","Moonworks:NicePresent"],"picked":"Moonworks:SweetBattle","floor":2},{"not_picked":["Moonworks:AngelHand","Moonworks:CloudOfSeagulls"],"picked":"Moonworks:FullSpeedAlicianrone","floor":4},{"not_picked":["Moonworks:IndiscriminateFireSupport","Moonworks:LuckyCharm"],"picked":"Moonworks:GoAway","floor":6},{"not_picked":["Moonworks:IntelligenceOfficer","Moonworks:Poppoformation","Moonworks:SakisCookie"],"picked":"SKIP","floor":8},{"not_picked":["Moonworks:SealedMemories","Moonworks:BigMagnum"],"picked":"Moonworks:MixPhenomenon","floor":11},{"not_picked":["Moonworks:ExtendedPhotonRifle","Moonworks:NicePresent"],"picked":"Moonworks:EvilSpyWorkPreparation","floor":12},{"not_picked":["Violence","Impatience"],"picked":"Madness","floor":13},{"not_picked":["Moonworks:MixPhenomenon","Moonworks:JonathanRush"],"picked":"Moonworks:NicePresent","floor":13}],"player_experience":70779,"relics_obtained":[{"floor":6,"key":"reliquary:PartyBalloon"},{"floor":9,"key":"reliquary:WeakTea"},{"floor":12,"key":"AT_BellowingDragoncrestRing"}],"event_choices":[],"is_beta":false,"boss_relics":[],"items_purged_floors":[],"is_endless":false,"potions_floor_spawned":[6,8,11,12],"killed_by":"Hallownest:BossHornet","ascension_level":0}}