{"host":"0mk07bycsqo1qk03","time":1612617208,"event":{"mods":["BaseMod","Downfall","Hermit","Hubris","Minty Spire (QoL Compilation)","Reliquary","Replay The Spire","StSLib","The Cursed"],"gold_per_floor":[116,127,142,142,160,186,22,53,105,123,123,138,138,154,154,154,154],"floor_reached":16,"language":"ENG","playtime":5598,"items_purged":[],"score":228,"play_id":"76768f6d-80bd-4091-90b1-6bfaa3cee6da","local_time":"20210206141328","is_ascension_mode":true,"campfire_choices":[{"data":"Rampage","floor":11,"key":"SMITH"},{"floor":13,"key":"REST"},{"data":"Havoc","floor":15,"key":"SMITH"}],"circlet_count":0,"master_deck":["AscendersBane","Strike_R","Strike_R","Strike_R","Strike_R","Strike_R","Defend_R","Defend_R","Defend_R","Defend_R","Bash","Clothesline+1","Cleave","Replay:Undeath\u0027s Touch","Shrug It Off","Corruption","Rampage+1","Iron Wave","Seeing Red","Havoc+1"],"relics":["Burning Blood","NeowsBlessing","MealTicket","ClockworkSouvenir","Anchor","hubris:ChampionShield"],"acts_visited":["Exordium"],"potions_floor_usage":[6],"damage_taken":[{"damage":0,"enemies":"Cultist","floor":1,"turns":1},{"damage":0,"enemies":"Jaw Worm","floor":2,"turns":1},{"damage":0,"enemies":"Small Slimes","floor":3,"turns":1},{"damage":10,"enemies":"3 Louse","floor":5,"turns":3},{"damage":39,"enemies":"3 Sentries","floor":6,"turns":9},{"damage":22,"enemies":"Lagavulin","floor":8,"turns":8},{"damage":14,"enemies":"Exordium Wildlife","floor":10,"turns":5},{"damage":24,"enemies":"Gremlin Gang","floor":12,"turns":7},{"damage":9,"enemies":"Blue Slaver","floor":14,"turns":3},{"damage":38,"enemies":"Slime Boss","floor":16,"turns":3}],"seed_played":"-5287031211041636825","potions_obtained":[{"floor":1,"key":"hexamod:SoulburnPotion"},{"floor":5,"key":"Milkshake"}],"is_trial":false,"path_per_floor":["M","M","M","?","M","E","$","E","T","M","R","M","R","M","R","B"],"character_chosen":"IRONCLAD","items_purchased":["ClockworkSouvenir"],"campfire_rested":1,"item_purchase_floors":[7],"current_hp_per_floor":[74,75,75,75,71,38,53,37,37,29,29,11,33,30,30,0,0],"gold":154,"neow_bonus":"THREE_ENEMY_KILL","is_daily":false,"chose_seed":false,"campfire_upgraded":2,"win_rate":0.0,"timestamp":1612617208,"path_taken":["M","M","?","?","M","E","$","E","T","?","R","M","R","M","R","BOSS"],"items_purchased_type":["Relic"],"build_version":"2020-12-22","purchased_purges":0,"victory":false,"max_hp_per_floor":[75,75,75,75,75,75,75,75,75,75,75,75,75,75,75,75,75],"card_choices":[{"not_picked":["Bloodletting","Headbutt"],"picked":"Clothesline","floor":1},{"not_picked":["Twin Strike","Spot Weakness"],"picked":"Cleave","floor":2},{"not_picked":["Body Slam","Rupture"],"picked":"Replay:Undeath\u0027s Touch","floor":3},{"not_picked":["Seeing Red","Anger"],"picked":"Shrug It Off","floor":5},{"not_picked":["ReplayTheSpireMod:Muscle Training","Heavy Blade"],"picked":"Corruption","floor":6},{"not_picked":["Thunderclap","Twin Strike"],"picked":"Rampage","floor":8},{"not_picked":["Wild Strike","Run Through"],"picked":"Iron Wave","floor":10},{"not_picked":["Massacre","ReplayTheSpireMod:Muscle Training"],"picked":"Seeing Red","floor":12},{"not_picked":["Juggernaut","Clothesline"],"picked":"Havoc","floor":14}],"player_experience":1009599,"relics_obtained":[{"floor":6,"key":"MealTicket"},{"floor":8,"key":"Anchor"},{"floor":9,"key":"hubris:ChampionShield"}],"event_choices":[{"damage_healed":0,"gold_gain":0,"player_choice":"Upgraded","damage_taken":0,"max_hp_gain":0,"max_hp_loss":0,"event_name":"Upgrade Shrine","floor":4,"gold_loss":0,"cards_upgraded":["Clothesline"]}],"is_beta":false,"boss_relics":[],"items_purged_floors":[],"is_endless":false,"potions_floor_spawned":[1,5],"killed_by":"Slime Boss","ascension_level":20}}