{"host":"91blwi3hgehj6ch9","time":1612618244,"event":{"mods":["2.2 Compatiblity","AchievementEnabler","BaseMod","Colored Map","DeckTracker","Keyboard Shortcuts","Minty Spire (QoL Compilation)","Permanent Neow","Quick Restart","StSLib","SuperFastMode","everything is the same but u backflip on backflip"],"gold_per_floor":[109,34,34,53,53,53,71,71,71,71,90,90,13,13,13,85,85,97,109,129,141,66,66,66],"floor_reached":23,"language":"KOR","playtime":593,"items_purged":["Bouncing Flask"],"score":326,"play_id":"234cd487-9f0c-4b73-8683-d67a699423c4","local_time":"20210206223044","is_ascension_mode":true,"campfire_choices":[{"data":"Footwork","floor":6,"key":"SMITH"},{"data":"Tactician","floor":10,"key":"SMITH"},{"data":"Reflex","floor":12,"key":"SMITH"},{"floor":15,"key":"REST"}],"circlet_count":0,"master_deck":["AscendersBane","Survivor","Neutralize","Dagger Spray","Footwork+1","Tactician+1","Reflex+1","After Image","Grand Finale","Escape Plan","Crippling Poison","Tactician","Endless Agony","Malaise","Wraith Form v2","Concentrate","Acrobatics","Acrobatics+1"],"relics":["Ring of the Snake","StoneCalendar","Regal Pillow","Blue Candle","Pandora\u0027s Box"],"acts_visited":["Exordium","TheCity"],"potions_floor_usage":[16,16,19],"damage_taken":[{"damage":0,"enemies":"Small Slimes","floor":1,"turns":4},{"damage":0,"enemies":"Jaw Worm","floor":4,"turns":4},{"damage":5,"enemies":"2 Louse","floor":7,"turns":3},{"damage":9,"enemies":"2 Fungi Beasts","floor":11,"turns":3},{"damage":65,"enemies":"Slime Boss","floor":16,"turns":15},{"damage":10,"enemies":"Spheric Guardian","floor":18,"turns":5},{"damage":7,"enemies":"Shell Parasite","floor":19,"turns":6},{"damage":18,"enemies":"3 Cultists","floor":20,"turns":5},{"damage":6,"enemies":"Snake Plant","floor":21,"turns":3},{"damage":15,"enemies":"Slavers","floor":23,"turns":1}],"seed_played":"-905843933738372063","potions_obtained":[{"floor":14,"key":"Regen Potion"},{"floor":14,"key":"Poison Potion"},{"floor":16,"key":"Block Potion"},{"floor":21,"key":"Block Potion"}],"is_trial":false,"path_per_floor":["M","?","?","M","$","R","M","?","T","R","M","R","$","?","R","B",null,"M","M","M","M","$","E"],"character_chosen":"THE_SILENT","items_purchased":["After Image"],"campfire_rested":1,"item_purchase_floors":[13],"current_hp_per_floor":[59,59,41,41,41,41,36,36,36,36,27,27,27,27,61,11,52,42,35,17,11,11,0,0],"gold":66,"neow_bonus":"REMOVE_CARD","is_daily":false,"chose_seed":false,"campfire_upgraded":3,"win_rate":0.0,"timestamp":1612618244,"path_taken":["M","?","?","M","$","R","M","?","T","R","M","R","$","?","R","BOSS","M","M","?","?","$","E"],"items_purchased_type":["Card"],"build_version":"2020-12-22","purchased_purges":1,"victory":false,"max_hp_per_floor":[66,66,66,66,66,66,66,66,66,66,66,66,66,66,66,66,66,66,66,66,66,66,66,66],"card_choices":[{"not_picked":["Dodge and Roll","Deflect"],"picked":"Dagger Spray","floor":1},{"not_picked":["Dodge and Roll","Flechettes"],"picked":"Footwork","floor":4},{"not_picked":["Acrobatics","Backflip"],"picked":"Tactician","floor":7},{"not_picked":["Eviscerate","Tactician"],"picked":"Reflex","floor":11},{"not_picked":["Tools of the Trade","Night Terror"],"picked":"Grand Finale","floor":16},{"not_picked":["Dagger Spray","Blade Dance","Flying Knee"],"picked":"SKIP","floor":18},{"not_picked":["Dash+1","Cloak And Dagger"],"picked":"Acrobatics","floor":19},{"not_picked":["Skewer","Poisoned Stab","Predator"],"picked":"SKIP","floor":20},{"not_picked":["Dagger Throw","Prepared"],"picked":"Acrobatics+1","floor":21}],"player_experience":193998,"relics_obtained":[{"floor":9,"key":"Blue Candle"}],"event_choices":[{"cards_removed":["Defend_G"],"damage_healed":0,"gold_gain":0,"player_choice":"Card Removal","damage_taken":0,"max_hp_gain":0,"max_hp_loss":0,"event_name":"The Cleric","floor":2,"gold_loss":75},{"damage_healed":0,"gold_gain":0,"player_choice":"Success","damage_taken":18,"relics_obtained":["StoneCalendar"],"max_hp_gain":0,"max_hp_loss":0,"event_name":"Scrap Ooze","floor":3,"gold_loss":0},{"damage_healed":0,"gold_gain":0,"player_choice":"Searched \u00271\u0027 times","damage_taken":0,"relics_obtained":["Regal Pillow"],"max_hp_gain":0,"max_hp_loss":0,"event_name":"Dead Adventurer","floor":8,"gold_loss":0},{"damage_healed":0,"gold_gain":0,"player_choice":"Got Potions","damage_taken":0,"max_hp_gain":0,"max_hp_loss":0,"event_name":"Lab","floor":14,"gold_loss":0}],"is_beta":false,"boss_relics":[{"not_picked":["Black Star","Fusion Hammer"],"picked":"Pandora\u0027s Box"}],"items_purged_floors":[22],"is_endless":false,"potions_floor_spawned":[16,21],"killed_by":"Slavers","ascension_level":16}}