{"host":"bwf6jt0gyax88i3l","time":1612648666,"event":{"mods":["AchievementEnabler","Act Like it!","BaseMod","Colored Map","Colored Powertips","Conspire","Downfall","Gensokyo","Hermit","Hero for Fun","Highlight Path","Hubris","Infinite Spire","Jorbs\u0027s Wanderer Trilogy","Koishi","Minty Spire (QoL Compilation)","Quick Restart","Shop Mod","StSLib","Td1madao Mod","The Administrix","The Bladedancer","The Bug Knight","The Cursed","The Mystic","The Wild Card"],"gold_per_floor":[114,44,219,219,237,272,272,305,305,322,322,357,357,357,357,357,357],"floor_reached":16,"language":"ENG","playtime":495,"items_purged":[],"score":141,"play_id":"018d34d0-35b0-45b7-8e14-12107b4e7c4d","local_time":"20210206135746","is_ascension_mode":false,"campfire_choices":[{"data":"theWildCard:Arsene","floor":7,"key":"SMITH"},{"data":"hermit:TakeAim","floor":11,"key":"SMITH"},{"data":"hermit:BlackWind","floor":13,"key":"SMITH"},{"floor":15,"key":"REST"}],"circlet_count":0,"master_deck":["hermit:Strike_Hermit","hermit:Strike_Hermit","hermit:Strike_Hermit","hermit:Strike_Hermit","hermit:Defend_Hermit","hermit:Defend_Hermit","hermit:Defend_Hermit","hermit:Defend_Hermit","hermit:Snapshot","hermit:Covet","hermit:Glare","hermit:TakeAim+1","Doubt","theWildCard:Arsene+1","hermit:BigShot","hermit:Roulette","hermit:Quickdraw","hermit:Dive","hermit:BlackWind+1"],"relics":["hermit:Momento","NeowsBlessing","HollowMod:StagPassRelic","hubris:TenFootPole","Regal Pillow"],"acts_visited":["Exordium"],"potions_floor_usage":[6,8,8,8,16],"damage_taken":[{"damage":0,"enemies":"Cultist","floor":1,"turns":1},{"damage":0,"enemies":"Small Slimes","floor":5,"turns":1},{"damage":0,"enemies":"Lagavulin","floor":6,"turns":1},{"damage":15,"enemies":"Gremlin Nob","floor":8,"turns":4},{"damage":2,"enemies":"Jaw Worm","floor":10,"turns":3},{"damage":31,"enemies":"HollowMod:MossKnight","floor":12,"turns":9},{"damage":66,"enemies":"Slime Boss","floor":16,"turns":9}],"seed_played":"4605160956974492212","potions_obtained":[{"floor":6,"key":"EntropicBrew"},{"floor":12,"key":"Fire Potion"}],"is_trial":false,"path_per_floor":["M","$","?","?","M","E","R","E","T","M","R","E","R","?","R","B"],"character_chosen":"HERMIT","items_purchased":["hermit:TakeAim"],"campfire_rested":1,"item_purchase_floors":[2],"current_hp_per_floor":[75,75,75,75,75,75,75,60,60,58,58,27,27,27,64,0,0],"gold":357,"neow_bonus":"THREE_ENEMY_KILL","is_daily":false,"chose_seed":false,"campfire_upgraded":3,"win_rate":0.0,"timestamp":1612648666,"path_taken":["M","?","?","?","M","E","R","E","T","M","R","E","R","?","R","BOSS"],"items_purchased_type":["Card"],"build_version":"2020-12-22","purchased_purges":0,"victory":false,"max_hp_per_floor":[75,75,75,75,75,75,75,75,75,75,75,75,75,75,75,75,75],"card_choices":[{"not_picked":["hermit:Headshot","hermit:CursedWeapon"],"picked":"hermit:Glare","floor":1},{"not_picked":["hermit:Misfire","hermit:Grudge"],"picked":"hermit:BigShot","floor":5},{"not_picked":["hermit:HoleUp","hermit:Magnum"],"picked":"hermit:Roulette","floor":6},{"not_picked":["hermit:Cheat","hermit:Roulette"],"picked":"hermit:Quickdraw","floor":8},{"not_picked":["hermit:FlashPowder","hermit:Adapt"],"picked":"hermit:Dive","floor":10},{"not_picked":["hermit:Midnight","hermit:LoneWolf"],"picked":"hermit:BlackWind","floor":12}],"player_experience":52801,"relics_obtained":[{"floor":6,"key":"HollowMod:StagPassRelic"},{"floor":8,"key":"hubris:TenFootPole"},{"floor":12,"key":"Regal Pillow"}],"event_choices":[{"damage_healed":0,"gold_gain":175,"player_choice":"AGREE","damage_taken":0,"max_hp_gain":0,"max_hp_loss":0,"event_name":"Liars Game","floor":3,"gold_loss":0,"cards_obtained":["Doubt"]},{"damage_healed":0,"gold_gain":0,"player_choice":"Ignored","damage_taken":0,"max_hp_gain":0,"max_hp_loss":0,"event_name":"Golden Idol","floor":14,"gold_loss":0}],"is_beta":false,"boss_relics":[],"items_purged_floors":[],"is_endless":false,"potions_floor_spawned":[6,12],"killed_by":"Slime Boss","ascension_level":0}}