{"host":"n605f8gctjc87d7h","time":1612584459,"event":{"mods":["Aspiration","Bard","BaseMod","Better Match","Better Note","Better Skull","Better Third Choice","Conspire","Downfall","Halation","Hermit","Infinite Spire","Minty Spire (QoL Compilation)","Replay The Spire","Retaliation","Shade Mod","Spicy Shops","StSLib","The IronCluck","The Jungle"],"gold_per_floor":[113,113,128,128,142,142,152,180,180,191,191,191,203,223,223,223,223],"floor_reached":16,"language":"ENG","playtime":1534,"items_purged":[],"score":177,"play_id":"0736b839-117d-4ec9-8a41-9285a02e5089","local_time":"20210205200739","is_ascension_mode":true,"campfire_choices":[{"data":"Berserk","floor":6,"key":"SMITH"},{"data":"Armaments","floor":12,"key":"SMITH"},{"data":"Searing Blow","floor":15,"key":"SMITH"}],"circlet_count":0,"master_deck":["AscendersBane","Strike_R","Strike_R","Strike_R","Strike_R","Strike_R","Defend_R","Defend_R","Defend_R","Defend_R","Berserk+1","Iron Wave","Survivor","Neutralize","Armaments+1","DDmod:UnstoppableAttack","Searing Blow+1","infinitespire:OneForAll"],"relics":["Burning Blood","halation:YellowSoulGem","Omamori","halation:SelfBoilingWater","Frozen Egg 2"],"acts_visited":["Exordium"],"potions_floor_usage":[5,7,8,14,14],"damage_taken":[{"damage":0,"enemies":"Small Slimes","floor":1,"turns":3},{"damage":1,"enemies":"2 Louse","floor":3,"turns":4},{"damage":7,"enemies":"Jaw Worm","floor":5,"turns":5},{"damage":13,"enemies":"Exordium Thugs","floor":7,"turns":8},{"damage":31,"enemies":"Replay:BlueRogue","floor":8,"turns":11},{"damage":3,"enemies":"Blue Slaver","floor":10,"turns":7},{"damage":5,"enemies":"Lots of Slimes","floor":13,"turns":3},{"damage":6,"enemies":"Exordium Thugs","floor":14,"turns":6},{"damage":65,"enemies":"Slime Boss","floor":16,"turns":19}],"seed_played":"-5409692515433218921","potions_obtained":[{"floor":1,"key":"Adrenaline Potion"},{"floor":3,"key":"DuplicationPotion"},{"floor":5,"key":"Languid Potion"},{"floor":10,"key":"SpeedPotion"},{"floor":13,"key":"Adrenaline Potion"}],"is_trial":false,"path_per_floor":["M","?","M","?","M","R","M","E","T","M","T","R","M","M","R","B"],"character_chosen":"IRONCLAD","items_purchased":[],"campfire_rested":0,"item_purchase_floors":[],"current_hp_per_floor":[74,74,75,75,74,74,68,47,47,55,55,55,56,60,60,0,0],"gold":223,"neow_bonus":"ONE_RANDOM_RARE_CARD","is_daily":false,"chose_seed":false,"campfire_upgraded":3,"win_rate":0.0,"timestamp":1612584459,"path_taken":["M","?","M","?","M","R","M","E","T","M","?","R","?","M","R","BOSS"],"items_purchased_type":[],"build_version":"2020-12-22","purchased_purges":0,"victory":false,"max_hp_per_floor":[75,75,75,75,75,75,75,75,75,75,75,75,75,75,75,75,75],"card_choices":[{"not_picked":["DDmod:RapidStrikeAttack","Sever Soul"],"picked":"Iron Wave","floor":1},{"not_picked":["DDmod:SpikedSkill","ReplayTheSpireMod:LeadingStrike"],"picked":"Armaments","floor":3},{"not_picked":["Disarm","Flex"],"picked":"DDmod:UnstoppableAttack","floor":5},{"not_picked":["Sever Soul","True Grit","Reaper"],"picked":"SKIP","floor":7},{"not_picked":["Evolve","Rupture","Life Link"],"picked":"SKIP","floor":8},{"not_picked":["Perfected Strike","Iron Wave"],"picked":"Searing Blow","floor":10},{"not_picked":["Dropkick","True Grit","Iron Wave"],"picked":"SKIP","floor":13},{"not_picked":["DDmod:CallousedSkill","Heavy Blade"],"picked":"infinitespire:OneForAll","floor":14}],"player_experience":824858,"relics_obtained":[{"floor":8,"key":"Omamori"},{"floor":9,"key":"halation:SelfBoilingWater"},{"floor":11,"key":"Frozen Egg 2"}],"event_choices":[],"is_beta":false,"boss_relics":[],"items_purged_floors":[],"is_endless":false,"potions_floor_spawned":[1,3,5,10,13],"killed_by":"Slime Boss","ascension_level":14}}