{"host":"i0m6ffz3lpe3z1ky","time":1612628170,"event":{"mods":["Aspiration","BaseMod","Bestiary","BetterRewards","Colored Map","Conspire","Energized Spire","Highlight Path","Hubris","Ironclad Rager","Minty Spire (QoL Compilation)","Quick Restart","Reliquary","Shop Mod","Spicy Shops","StSLib","Thieving Mod"],"gold_per_floor":[113,113,128,147,147,147,147],"floor_reached":6,"language":"KOR","playtime":318,"items_purged":[],"score":122,"play_id":"b3c89272-534c-46da-af5a-83f8a3fcd7a9","local_time":"20210207011610","is_ascension_mode":true,"campfire_choices":[],"circlet_count":0,"master_deck":["AscendersBane","conspire:GhostlyStrike","conspire:GhostlyStrike","conspire:GhostlyStrike","conspire:GhostlyStrike","conspire:GhostlyStrike","conspire:GhostlyDefend","conspire:GhostlyDefend","conspire:GhostlyDefend","conspire:GhostlyDefend","Bash","Body Slam+1","Clothesline","Shrug It Off"],"relics":["Burning Blood","reliquary:HotPoker","hubris:Reverence","aspiration:Nostalgia","Ring of the Snake","Strawberry"],"acts_visited":["Exordium"],"potions_floor_usage":[],"damage_taken":[{"damage":2,"enemies":"Jaw Worm","floor":1,"turns":2},{"damage":0,"enemies":"Small Slimes","floor":3,"turns":3},{"damage":0,"enemies":"2 Louse","floor":4,"turns":2},{"damage":55,"enemies":"3 Sentries","floor":6,"turns":10}],"seed_played":"8570775765707904495","potions_obtained":[],"is_trial":false,"path_per_floor":["M","?","M","M","?","E"],"character_chosen":"IRONCLAD","items_purchased":["reliquary:HotPoker","hubris:Reverence","aspiration:Nostalgia","Strawberry","Body Slam"],"campfire_rested":0,"item_purchase_floors":[0,0,0,0,0],"current_hp_per_floor":[44,44,50,56,56,1,1],"gold":147,"neow_bonus":"","is_daily":false,"chose_seed":false,"campfire_upgraded":0,"win_rate":0.0,"timestamp":1612628170,"path_taken":["M","?","M","M","?","E"],"items_purchased_type":["Relic","Relic","Relic","Relic","Card"],"build_version":"2020-12-22","purchased_purges":0,"victory":false,"max_hp_per_floor":[82,82,82,82,82,82,82],"card_choices":[{"not_picked":["Pummel","Anger"],"picked":"Clothesline","floor":1},{"not_picked":["Perfected Strike","Armaments","Havoc"],"picked":"SKIP","floor":3},{"not_picked":["Flex","Heavy Blade"],"picked":"Shrug It Off","floor":4}],"player_experience":500137,"relics_obtained":[],"event_choices":[{"damage_healed":0,"gold_gain":0,"player_choice":"Agree","damage_taken":0,"max_hp_gain":0,"max_hp_loss":0,"event_name":"conspire:LoneGhost","floor":2,"gold_loss":0}],"is_beta":false,"boss_relics":[],"items_purged_floors":[],"is_endless":false,"potions_floor_spawned":[],"killed_by":"3 Sentries","ascension_level":20}}