{"host":"m3qxensetu6036ua","time":1612621595,"event":{"mods":["2.2 Compatiblity","AchievementEnabler","BaseMod","Better Altar","Better Match","Better Sensory Stone","Better Skull","Better Third Choice","Better Vampires","Block Reminder","Colored Powertips","Displayed Cursed Tome","Evolution","Good Game Mod","GungeonMod","Hubris","Jedi Mod","Minty Spire (QoL Compilation)","Rare Cards Sparkle","Remove Card Discount Mod","Replay The Spire","Spicy Shops","StSLib","The Cursed"],"gold_per_floor":[118,218,235,252,263,293,306,143,143,157,186,186,186,136,136,232,232,242,242,242,242,242],"floor_reached":21,"language":"ENG","playtime":1121,"items_purged":["Writhe"],"score":198,"play_id":"9d498ccc-9d38-4a02-9a81-512929688169","local_time":"20210206152635","is_ascension_mode":true,"campfire_choices":[{"floor":12,"key":"REST"},{"data":"Gash","floor":15,"key":"SMITH"}],"circlet_count":0,"master_deck":["Barrage","Barrage","Strike_B","Defend_B","Defend_B","Defend_B","Defend_B","Dualcast","Gash","Genetic Algorithm","Capacitor","Streamline","Gash+1","Cold Snap","jedi:BurstDark+1","Creative AI","Blizzard"],"relics":["Cracked Core","EVO:Axolotl","REME:ComplimentaryCards","hubris:TenFootPole","MealTicket","ReplayTheSpireMod:CursedCoin","Eternal Feather","Bottled Tornado","hubris:OldNail","hubris:ScarierMask"],"acts_visited":["Exordium","TheCity"],"potions_floor_usage":[6,6,18],"damage_taken":[{"damage":0,"enemies":"2 Louse","floor":1,"turns":2},{"damage":1,"enemies":"Cultist","floor":3,"turns":4},{"damage":4,"enemies":"Small Slimes","floor":4,"turns":4},{"damage":10,"enemies":"Looter","floor":5,"turns":4},{"damage":23,"enemies":"3 Sentries","floor":6,"turns":7},{"damage":6,"enemies":"2 Fungi Beasts","floor":7,"turns":3},{"damage":6,"enemies":"Exordium Wildlife","floor":10,"turns":5},{"damage":29,"enemies":"Gremlin Nob","floor":11,"turns":6},{"damage":11,"enemies":"Hexaghost","floor":16,"turns":11},{"damage":6,"enemies":"Chosen","floor":18,"turns":6},{"damage":5,"enemies":"Shell Parasite","floor":21,"turns":1}],"seed_played":"8315425792458014967","potions_obtained":[{"floor":3,"key":"jedi:StrikingPotion"},{"floor":4,"key":"PowerPotion"},{"floor":11,"key":"SneckoOil"},{"floor":18,"key":"SpeedPotion"}],"is_trial":false,"path_per_floor":["M","?","M","M","M","E","M","$","T","M","E","R","?","?","R","B",null,"M","?","?","M"],"character_chosen":"DEFECT","items_purchased":["Cold Snap","ReplayTheSpireMod:CursedCoin","Eternal Feather"],"campfire_rested":1,"item_purchase_floors":[8,8,8],"current_hp_per_floor":[75,75,74,70,60,37,31,46,46,40,11,42,42,42,51,40,75,69,69,69,64,64],"gold":242,"neow_bonus":"RANDOM_COMMON_RELIC","is_daily":false,"chose_seed":false,"campfire_upgraded":1,"win_rate":0.0,"timestamp":1612621595,"path_taken":["M","?","M","?","M","E","M","$","T","M","E","R","?","?","R","BOSS","M","?","?","M"],"items_purchased_type":["Card","Relic","Relic"],"build_version":"2020-12-22","purchased_purges":1,"victory":false,"max_hp_per_floor":[75,75,75,75,75,75,75,75,75,75,75,75,75,75,75,75,75,75,75,75,75,75],"card_choices":[{"not_picked":["Defragment","Beam Cell"],"picked":"Gash","floor":1},{"not_picked":["Steam","Chaos","Turbo"],"picked":"SKIP","floor":3},{"not_picked":["jedi:BurstLightning","Hologram"],"picked":"Capacitor","floor":4},{"not_picked":["Ball Lightning","BasicCrystalCard"],"picked":"Streamline","floor":5},{"not_picked":["jedi:BurstFrost","Beam Cell","Rainbow"],"picked":"SKIP","floor":6},{"not_picked":["Cold Snap","jedi:blockon"],"picked":"Gash","floor":7},{"not_picked":["Darkness","hubris:PowerSurge","Skim"],"picked":"SKIP","floor":10},{"not_picked":["jedi:sharpshooter","Barrage","Redo"],"picked":"SKIP","floor":11},{"not_picked":["jedi:BurstDark","jedi:darknesscall"],"picked":"Creative AI","floor":16},{"not_picked":["jedi:blockon","BasicCrystalCard+1"],"picked":"Blizzard","floor":18}],"player_experience":231338,"relics_obtained":[{"floor":6,"key":"MealTicket"},{"floor":9,"key":"Bottled Tornado"},{"floor":11,"key":"hubris:OldNail"}],"event_choices":[{"damage_healed":0,"gold_gain":100,"player_choice":"Pray","damage_taken":0,"max_hp_gain":0,"max_hp_loss":0,"event_name":"Golden Shrine","floor":2,"gold_loss":0},{"cards_removed":["Strike_B"],"damage_healed":0,"gold_gain":0,"player_choice":"Card Removal","damage_taken":0,"max_hp_gain":0,"max_hp_loss":0,"event_name":"The Cleric","floor":14,"gold_loss":50},{"damage_healed":0,"gold_gain":0,"player_choice":"Ignored","damage_taken":0,"max_hp_gain":0,"max_hp_loss":0,"event_name":"Ghosts","floor":19,"gold_loss":0}],"is_beta":false,"boss_relics":[{"not_picked":["Calling Bell","Abe\u0027s Treasure"],"picked":"hubris:ScarierMask"}],"items_purged_floors":[8],"is_endless":false,"potions_floor_spawned":[3,4,11,18],"killed_by":"Shell Parasite","ascension_level":1}}