{"host":"v2nniiiz7kpx7fwo","time":1612607835,"event":{"mods":["2.2 Compatiblity","AchievementEnabler","BaseMod","Colored Map","Colored Powertips","DeckTracker","Highlight Path","KOR Keyword Fix","Minty Spire (QoL Compilation)","Permanent Neow","Rare Cards Sparkle","StSLib","SuperFastMode"],"gold_per_floor":[116,116,70,70,89,121,133,164,164,496,81,112,112,131,131,229,279,298,311,236,236,250,250,275,275,322,342,374,374,406,23,23,124,124,139,139,152,170,24,59,109,144,144,174,174,174,189,206,206,206,206,206,29,61,61],"floor_reached":56,"language":"KOR","playtime":2738,"items_purged":["Strike_R"],"score":1742,"play_id":"1be61719-80b5-41bd-8c6b-62893b933fa0","local_time":"20210206193715","is_ascension_mode":true,"campfire_choices":[{"data":"Apotheosis","floor":15.0,"key":"SMITH"},{"floor":23.0,"key":"RECALL"},{"data":"Seeing Red","floor":25.0,"key":"SMITH"},{"floor":32.0,"key":"REST"},{"floor":46,"key":"REST"},{"floor":49,"key":"REST"},{"floor":52,"key":"REST"}],"circlet_count":0,"master_deck":["Defend_R+1","Defend_R","Defend_R","Bash","Apotheosis+1","Shrug It Off","Iron Wave","Bludgeon","Sentinel","Fiend Fire","Sword Boomerang","Seeing Red+1","True Grit","Demon Form","Body Slam","Body Slam","Power Through","Inflame+1","Offering","Iron Wave","Berserk","Barricade","Entrench+1","Evolve+1","Feel No Pain+1","Bloodletting","Pommel Strike","Shame","Injury","Spot Weakness+1","Entrench+1"],"relics":["Burning Blood","FaceOfCleric","Calipers","Blue Candle","Magic Flower","Old Coin","White Beast Statue","HornCleat","Tiny House","Nunchaku","PreservedInsect","Prayer Wheel","Toy Ornithopter","Gremlin Horn","Cursed Key","Paper Frog","Happy Flower","Akabeko","Lizard Tail","Letter Opener","Bronze Scales","Turnip","Shuriken"],"acts_visited":["Exordium","TheCity","TheBeyond","TheEnding"],"potions_floor_usage":[47,50,50,55,55,55],"damage_taken":[{"damage":4.0,"enemies":"Jaw Worm","floor":1.0,"turns":3.0},{"damage":11.0,"enemies":"2 Louse","floor":5.0,"turns":3.0},{"damage":29.0,"enemies":"Lagavulin","floor":6.0,"turns":7.0},{"damage":0.0,"enemies":"Cultist","floor":7.0,"turns":2.0},{"damage":8.0,"enemies":"Gremlin Nob","floor":8.0,"turns":3.0},{"damage":14.0,"enemies":"Lagavulin","floor":10.0,"turns":6.0},{"damage":12.0,"enemies":"3 Sentries","floor":12.0,"turns":4.0},{"damage":4.0,"enemies":"Large Slime","floor":14.0,"turns":5.0},{"damage":32.0,"enemies":"Slime Boss","floor":16.0,"turns":6.0},{"damage":9.0,"enemies":"Spheric Guardian","floor":18.0,"turns":4.0},{"damage":0.0,"enemies":"Chosen","floor":19.0,"turns":5.0},{"damage":10.0,"enemies":"Snecko","floor":22.0,"turns":6.0},{"damage":35.0,"enemies":"Slavers","floor":24.0,"turns":5.0},{"damage":11.0,"enemies":"Shelled Parasite and Fungi","floor":27.0,"turns":5.0},{"damage":63.0,"enemies":"Book of Stabbing","floor":28.0,"turns":6.0},{"damage":6.0,"enemies":"Slavers","floor":30.0,"turns":3.0},{"damage":14.0,"enemies":"Champ","floor":33.0,"turns":9.0},{"damage":11.0,"enemies":"3 Shapes","floor":35.0,"turns":4.0},{"damage":6.0,"enemies":"Orb Walker","floor":37.0,"turns":2.0},{"damage":26.0,"enemies":"Transient","floor":38.0,"turns":5.0},{"damage":6.0,"enemies":"Nemesis","floor":40.0,"turns":7.0},{"damage":34.0,"enemies":"Mind Bloom Boss Battle","floor":41.0,"turns":5.0},{"damage":32,"enemies":"Reptomancer","floor":42,"turns":5},{"damage":22,"enemies":"Nemesis","floor":44,"turns":3},{"damage":35,"enemies":"Writhing Mass","floor":47,"turns":5},{"damage":19,"enemies":"Spire Growth","floor":48,"turns":3},{"damage":119,"enemies":"Awakened One","floor":50,"turns":9},{"damage":82,"enemies":"Shield and Spear","floor":54,"turns":5},{"damage":170,"enemies":"The Heart","floor":55,"turns":11}],"seed_played":"7454471595304837571","potions_obtained":[{"floor":1.0,"key":"BlessingOfTheForge"},{"floor":6.0,"key":"ElixirPotion"},{"floor":10.0,"key":"Ancient Potion"},{"floor":12.0,"key":"Strength Potion"},{"floor":14.0,"key":"Energy Potion"},{"floor":16.0,"key":"AttackPotion"},{"floor":17.0,"key":"ElixirPotion"},{"floor":18.0,"key":"DuplicationPotion"},{"floor":24.0,"key":"SteroidPotion"},{"floor":27.0,"key":"Strength Potion"},{"floor":28.0,"key":"Block Potion"},{"floor":30.0,"key":"Explosive Potion"},{"floor":33.0,"key":"Dexterity Potion"},{"floor":35.0,"key":"DuplicationPotion"},{"floor":38.0,"key":"CultistPotion"},{"floor":41.0,"key":"BloodPotion"},{"floor":47,"key":"EssenceOfSteel"}],"is_trial":false,"path_per_floor":["M","?","$","?","M","E","M","E","T","E","$","E","?","M","R","B",null,"M","M","?","?","M","R","E","R","T","M","E","?","E","$","R","B",null,"M","?","M","M","$","E","?","E","T","E","T","R","M","M","R","B",null,"R","$","E","B",null],"character_chosen":"IRONCLAD","items_purchased":["Shrug It Off","White Beast Statue","FairyPotion","BloodPotion","DuplicationPotion","Gremlin Horn","Happy Flower","Regen Potion","BlessingOfTheForge","Dexterity Potion"],"campfire_rested":4,"item_purchase_floors":[3,11,11,31,31,31,39,53,53,53],"current_hp_per_floor":[53,79,79,79,75,53,60,59,59,56,56,55,55,62,62,41,81,83,94,94,94,95,95,71,71,71,71,19,19,24,49,79,84,97,97,97,102,87,87,92,69,48,48,37,37,69,84,76,109,61,99,111,111,40,47],"gold":61,"neow_bonus":"RANDOM_COLORLESS_2","is_daily":false,"chose_seed":false,"campfire_upgraded":2,"win_rate":0.0,"timestamp":1612607835,"path_taken":["M","?","$","?","M","E","?","E","T","E","$","E","?","M","R","BOSS","M","M","?","?","?","R","E","R","T","M","E","?","E","$","R","BOSS","M","?","?","M","$","E","?","E","T","E","?","R","?","M","R","BOSS","R","$","E","BOSS"],"items_purchased_type":["Card","Relic","Potion","Potion","Potion","Relic","Relic","Potion","Potion","Potion"],"build_version":"2020-12-22","purchased_purges":1,"victory":true,"max_hp_per_floor":[80,80,80,80,81,82,83,84,84,85,85,86,86,87,87,88,93,94,95,95,95,96,96,97,97,97,98,99,99,100,100,100,101,101,102,102,103,104,104,105,106,107,107,108,108,108,109,110,110,111,111,111,111,112,113],"card_choices":[{"not_picked":["Chrysalis","Secret Technique"],"picked":"Apotheosis","floor":0.0},{"not_picked":["Armaments","Warcry","Havoc"],"picked":"SKIP","floor":1.0},{"not_picked":["Ghostly Armor","Armaments"],"picked":"Iron Wave","floor":5.0},{"not_picked":["Armaments","Flex"],"picked":"Bludgeon","floor":6.0},{"not_picked":["Hemokinesis","Combust"],"picked":"Sentinel","floor":7.0},{"not_picked":["Combust","Inflame"],"picked":"Fiend Fire","floor":8.0},{"not_picked":["Pummel","Warcry"],"picked":"Sword Boomerang","floor":10.0},{"not_picked":["Thunderclap","Combust","Shrug It Off"],"picked":"SKIP","floor":12.0},{"not_picked":["Pommel Strike","Perfected Strike"],"picked":"True Grit","floor":14.0},{"not_picked":["Brutality","Barricade"],"picked":"Demon Form","floor":16.0},{"not_picked":["Uppercut","Wild Strike"],"picked":"Body Slam","floor":17.0},{"not_picked":["Armaments","Rampage"],"picked":"Second Wind","floor":18.0},{"not_picked":["Pommel Strike","Headbutt+1"],"picked":"Body Slam","floor":19.0},{"not_picked":["Havoc","Iron Wave+1","Shrug It Off+1"],"picked":"SKIP","floor":22.0},{"not_picked":["Rage","Intimidate+1"],"picked":"Inflame+1","floor":24.0},{"not_picked":["Wild Strike","Fire Breathing","Warcry+1"],"picked":"SKIP","floor":27.0},{"not_picked":["Hemokinesis+1","Armaments","Headbutt+1"],"picked":"SKIP","floor":28.0},{"not_picked":["Power Through+1","Intimidate"],"picked":"Berserk","floor":30.0},{"not_picked":["Brutality","Berserk"],"picked":"Barricade","floor":33.0},{"not_picked":["Armaments","True Grit"],"picked":"Entrench+1","floor":35.0},{"not_picked":["Clothesline+1","Iron Wave+1","Sword Boomerang"],"picked":"SKIP","floor":35.0},{"not_picked":["Dropkick+1","Heavy Blade+1"],"picked":"Evolve+1","floor":37.0},{"not_picked":["Shrug It Off","True Grit+1","Clash+1"],"picked":"SKIP","floor":37.0},{"not_picked":["Inflame","Entrench"],"picked":"Feel No Pain+1","floor":38.0},{"not_picked":["Anger","Sever Soul+1","Twin Strike+1"],"picked":"SKIP","floor":38.0},{"not_picked":["Disarm","Shrug It Off+1"],"picked":"Bloodletting","floor":40.0},{"not_picked":["Shrug It Off","Blood for Blood"],"picked":"Pommel Strike","floor":41.0},{"not_picked":["Sword Boomerang+1","Fire Breathing","Rage+1"],"picked":"SKIP","floor":42},{"not_picked":["Warcry+1","Perfected Strike","Berserk"],"picked":"SKIP","floor":44},{"not_picked":["Clash","Warcry+1"],"picked":"Spot Weakness+1","floor":47},{"not_picked":["Heavy Blade","Warcry","Twin Strike"],"picked":"SKIP","floor":47},{"not_picked":["Bloodletting+1","Shrug It Off","Headbutt+1"],"picked":"SKIP","floor":48},{"not_picked":["Double Tap","Clothesline","Power Through+1"],"picked":"SKIP","floor":48},{"not_picked":["Flex","Heavy Blade+1"],"picked":"Entrench+1","floor":54}],"player_experience":363925,"relics_obtained":[{"floor":6.0,"key":"Calipers"},{"floor":8.0,"key":"Blue Candle"},{"floor":9.0,"key":"Magic Flower"},{"floor":10.0,"key":"Old Coin"},{"floor":12.0,"key":"HornCleat"},{"floor":24.0,"key":"Nunchaku"},{"floor":26.0,"key":"PreservedInsect"},{"floor":28.0,"key":"Prayer Wheel"},{"floor":30.0,"key":"Toy Ornithopter"},{"floor":40.0,"key":"Akabeko"},{"floor":41.0,"key":"Lizard Tail"},{"floor":42,"key":"Letter Opener"},{"floor":44,"key":"Bronze Scales"},{"floor":45,"key":"Turnip"},{"floor":54,"key":"Shuriken"}],"event_choices":[{"damage_healed":26.0,"max_hp_gain":0.0,"max_hp_loss":0.0,"gold_gain":0.0,"event_name":"Big Fish","player_choice":"Banana","floor":2.0,"gold_loss":0.0,"damage_taken":0.0},{"damage_healed":0.0,"max_hp_gain":0.0,"max_hp_loss":0.0,"gold_gain":0.0,"event_name":"FaceTrader","player_choice":"Trade","floor":4.0,"gold_loss":0.0,"damage_taken":0.0,"relics_obtained":["FaceOfCleric"]},{"damage_healed":0.0,"max_hp_gain":0.0,"max_hp_loss":0.0,"gold_gain":0.0,"cards_transformed":["Strike_R"],"event_name":"Living Wall","player_choice":"Change","floor":13.0,"gold_loss":0.0,"damage_taken":0.0,"cards_obtained":["Seeing Red"]},{"cards_removed":["Strike_R"],"damage_healed":0.0,"max_hp_gain":0.0,"max_hp_loss":0.0,"gold_gain":0.0,"event_name":"Beggar","player_choice":"Gave Gold","floor":20.0,"gold_loss":75.0,"damage_taken":0.0},{"damage_healed":0.0,"max_hp_gain":0.0,"max_hp_loss":0.0,"gold_gain":0.0,"cards_transformed":["Strike_R"],"event_name":"Transmorgrifier","player_choice":"Transformed","floor":21.0,"gold_loss":0.0,"damage_taken":0.0,"cards_obtained":["Power Through"]},{"damage_healed":0.0,"max_hp_gain":0.0,"max_hp_loss":0.0,"gold_gain":0.0,"cards_transformed":["Strike_R","Defend_R"],"event_name":"Drug Dealer","player_choice":"Became Test Subject","floor":29.0,"gold_loss":0.0,"damage_taken":0.0,"cards_obtained":["Offering","Iron Wave"]},{"cards_removed":["Second Wind"],"damage_healed":0.0,"max_hp_gain":0.0,"max_hp_loss":0.0,"gold_gain":0.0,"event_name":"WeMeetAgain","player_choice":"Gave Card","floor":36.0,"gold_loss":0.0,"damage_taken":0.0,"relics_obtained":["Paper Frog"]},{"damage_healed":0.0,"max_hp_gain":0.0,"max_hp_loss":0.0,"gold_gain":0.0,"event_name":"MindBloom","player_choice":"Fight","floor":41.0,"gold_loss":0.0,"damage_taken":0.0}],"is_beta":false,"boss_relics":[{"not_picked":["Runic Pyramid","Velvet Choker"],"picked":"Tiny House"},{"not_picked":["Coffee Dripper","Astrolabe"],"picked":"Cursed Key"}],"items_purged_floors":[11],"is_endless":false,"potions_floor_spawned":[1,6,10,12,14,16,18,19,22,24,27,28,30,33,35,37,38,40,41,42,44,47,48,54],"ascension_level":6}}