{"host":"c6u7e77myxvw4d0m","time":1612640588,"event":{"mods":["AchievementEnabler","BaseMod","Bestiary","Colored Map","Colored Powertips","Minty Spire (QoL Compilation)","Rare Cards Sparkle","Relic Stats","everything is the same but u backflip on backflip"],"gold_per_floor":[114,133,150,0,12,41,41,67,67,67,83,101,112,138,138,138,138],"floor_reached":16,"language":"ENG","playtime":915,"items_purged":["Strike_G"],"score":248,"play_id":"a7eedcd8-5b8a-47e0-a58f-abceacaf7741","local_time":"20210206214308","is_ascension_mode":true,"campfire_choices":[{"data":"Dash","floor":7,"key":"SMITH"},{"floor":10,"key":"REST"},{"floor":15,"key":"REST"}],"circlet_count":0,"master_deck":["AscendersBane","Strike_G","Strike_G","Strike_G","Strike_G","Defend_G","Defend_G","Defend_G","Defend_G","Defend_G","Survivor","Neutralize","Sucker Punch","Masterful Stab","Cloak And Dagger","Bouncing Flask","Dash+1","Dagger Spray","Predator","Deflect","Crippling Poison","Cloak And Dagger"],"relics":["Ring of the Snake","White Beast Statue","Regal Pillow","Blue Candle","Shovel"],"acts_visited":["Exordium"],"potions_floor_usage":[6,8,14,16,16],"damage_taken":[{"damage":8.0,"enemies":"Cultist","floor":1.0,"turns":4.0},{"damage":1.0,"enemies":"Jaw Worm","floor":2.0,"turns":5.0},{"damage":4.0,"enemies":"2 Louse","floor":3.0,"turns":4.0},{"damage":1,"enemies":"Blue Slaver","floor":5,"turns":4},{"damage":18,"enemies":"Gremlin Nob","floor":6,"turns":4},{"damage":20,"enemies":"Lagavulin","floor":8,"turns":7},{"damage":5,"enemies":"Red Slaver","floor":11,"turns":4},{"damage":1,"enemies":"3 Louse","floor":12,"turns":3},{"damage":16,"enemies":"Exordium Wildlife","floor":13,"turns":6},{"damage":21,"enemies":"Gremlin Nob","floor":14,"turns":4},{"damage":42,"enemies":"Slime Boss","floor":16,"turns":8}],"seed_played":"-8610756658059612719","potions_obtained":[{"floor":2.0,"key":"LiquidMemories"},{"floor":5,"key":"Swift Potion"},{"floor":8,"key":"Weak Potion"},{"floor":11,"key":"GamblersBrew"},{"floor":13,"key":"Poison Potion"},{"floor":14,"key":"PowerPotion"}],"is_trial":false,"path_per_floor":["M","M","M","$","M","E","R","E","T","R","M","M","M","E","R","B"],"character_chosen":"THE_SILENT","items_purchased":["Bouncing Flask"],"campfire_rested":2,"item_purchase_floors":[4],"current_hp_per_floor":[57,56,52,52,51,33,33,13,13,49,44,43,27,6,42,0,0],"gold":138,"neow_bonus":"TEN_PERCENT_HP_BONUS","is_daily":false,"chose_seed":false,"campfire_upgraded":1,"win_rate":0.0,"timestamp":1612640588,"path_taken":["M","M","M","$","M","E","R","E","T","R","M","M","M","E","R","BOSS"],"items_purchased_type":["Card"],"build_version":"2020-12-22","purchased_purges":1,"victory":false,"max_hp_per_floor":[72,72,72,72,72,72,72,72,72,72,72,72,72,72,72,72,72],"relic_stats":{"Regal Pillow":30,"Shovel":0,"counters":[11,53],"Blue Candle":[0],"obtain_stats":[{"Regal Pillow":8,"Shovel":14,"Blue Candle":9,"White Beast Statue":6,"Ring of the Snake":0},{"Regal Pillow":6,"Shovel":10,"Blue Candle":6,"White Beast Statue":5,"Ring of the Snake":0},{"Regal Pillow":28,"Shovel":45,"Blue Candle":28,"White Beast Statue":21,"Ring of the Snake":0}],"Ring of the Snake":[22]},"card_choices":[{"not_picked":["PiercingWail","Underhanded Strike"],"picked":"Sucker Punch","floor":1.0},{"not_picked":["Bane","Sucker Punch"],"picked":"Masterful Stab","floor":2.0},{"not_picked":["Backflip","Riddle With Holes"],"picked":"Cloak And Dagger","floor":3},{"not_picked":["PiercingWail","Deflect"],"picked":"Dash","floor":5},{"not_picked":["Terror","Calculated Gamble"],"picked":"Dagger Spray","floor":6},{"not_picked":["Backstab","Setup"],"picked":"Predator","floor":8},{"not_picked":["Finisher","Distraction"],"picked":"Deflect","floor":11},{"not_picked":["Escape Plan","Underhanded Strike"],"picked":"Crippling Poison","floor":12},{"not_picked":["Dagger Spray","Flechettes"],"picked":"Cloak And Dagger","floor":13},{"not_picked":["Distraction","Bouncing Flask","Reflex"],"picked":"SKIP","floor":14}],"player_experience":704928,"relics_obtained":[{"floor":6,"key":"White Beast Statue"},{"floor":8,"key":"Regal Pillow"},{"floor":9,"key":"Blue Candle"},{"floor":14,"key":"Shovel"}],"event_choices":[],"is_beta":false,"boss_relics":[],"items_purged_floors":[4],"is_endless":false,"potions_floor_spawned":[2,5,8,11,12,13,14],"killed_by":"Slime Boss","ascension_level":20}}