{"host":"6gickdzyi2e936w7","time":1612582832,"event":{"mods":["Ascension Reborn","BaseMod","BetterRewards","Minty Spire (QoL Compilation)","Random Character Button","Replay The Spire","StSLib","Synergy Search"],"gold_per_floor":[114,114,114,8,27,27,42,42,65,75,75,75,103,133,145,262,274,297,334,346,84,9,9],"floor_reached":22,"language":"ENG","playtime":934,"items_purged":["Strike_R","Strike_R"],"score":332,"play_id":"f63fba29-a7a5-4cbd-bbbf-8436027a6560","local_time":"20210205224032","is_ascension_mode":true,"campfire_choices":[{"data":"Inflame","floor":6,"key":"SMITH"},{"data":"Flex","floor":8,"key":"SMITH"},{"data":"Evolve","floor":12,"key":"SMITH"},{"data":"Rupture","floor":15,"key":"SMITH"}],"circlet_count":0,"master_deck":["Strike_R","Strike_R","Strike_R","Defend_R","Defend_R","Defend_R","Bash","Evolve+1","Cleave","Replay:Undeath\u0027s Touch+1","Inflame+1","Flex+1","Flex+1","ReplayTheSpireMod:Muscle Training","Rupture+1","Brutality","Inflame","Spot Weakness","Wild Strike","Armaments","Fire Breathing"],"relics":["Burning Blood","PreservedInsect","MawBank","Runic Cube","Red Mask"],"acts_visited":["Exordium","TheCity"],"potions_floor_usage":[10,14,19,22],"damage_taken":[{"damage":9,"enemies":"Small Slimes","floor":1,"turns":4},{"damage":11,"enemies":"Jaw Worm","floor":5,"turns":3},{"damage":0,"enemies":"Cultist","floor":7,"turns":2},{"damage":10,"enemies":"Gremlin Gang","floor":10,"turns":3},{"damage":16,"enemies":"Gremlin Nob","floor":13,"turns":3},{"damage":11,"enemies":"2 Fungi Beasts","floor":14,"turns":3},{"damage":2,"enemies":"Slime Boss","floor":16,"turns":7},{"damage":19,"enemies":"Shell Parasite","floor":18,"turns":3},{"damage":46,"enemies":"Masked Bandits","floor":19,"turns":4},{"damage":28,"enemies":"2 Thieves","floor":22,"turns":3}],"seed_played":"-210559518732467497","potions_obtained":[{"floor":1,"key":"Block Potion"},{"floor":10,"key":"Adrenaline Potion"},{"floor":13,"key":"SpeedPotion"},{"floor":18,"key":"Block Potion"}],"is_trial":false,"path_per_floor":["M","?","?","$","M","R","M","R","T","M","?","R","E","M","R","B",null,"M","?","?","$","M"],"character_chosen":"IRONCLAD","items_purchased":["Evolve","Inflame","Flex","Wild Strike","Armaments","Fire Breathing"],"campfire_rested":0,"item_purchase_floors":[0,4,4,21,21,21],"current_hp_per_floor":[77,77,77,77,72,72,78,78,78,74,74,74,64,59,59,63,80,67,27,27,27,0,0],"gold":9,"neow_bonus":"","is_daily":false,"chose_seed":false,"campfire_upgraded":4,"win_rate":0.0,"timestamp":1612582832,"path_taken":["M","?","?","$","M","R","?","R","T","?","?","R","E","?","R","BOSS","M","?","?","$","M"],"items_purchased_type":["Card","Card","Card","Card","Card","Card"],"build_version":"2020-12-22","purchased_purges":2,"victory":false,"max_hp_per_floor":[80,80,80,80,80,80,80,80,80,80,80,80,80,80,80,80,80,80,80,80,80,80,80],"card_choices":[{"not_picked":["Shrug It Off","ReplayReversal"],"picked":"Cleave","floor":1},{"not_picked":["Replay:Undeath\u0027s Touch","True Grit","Dark Embrace"],"picked":"SKIP","floor":5},{"not_picked":["Shockwave","ReplayTheSpireMod:Limb From Limb","Dropkick"],"picked":"SKIP","floor":7},{"not_picked":["Run Through","Combust","Entrench"],"picked":"SKIP","floor":10},{"not_picked":["Ghostly Armor","Warcry"],"picked":"ReplayTheSpireMod:Muscle Training","floor":13},{"not_picked":["Rage","True Grit"],"picked":"Rupture","floor":14},{"not_picked":["Exhume","Demonic Infusion"],"picked":"Brutality","floor":16},{"not_picked":["Sword Boomerang+1","ReplayTheSpireMod:Limb From Limb"],"picked":"Inflame","floor":18},{"not_picked":["Warcry","Armaments"],"picked":"Spot Weakness","floor":19}],"player_experience":97347,"relics_obtained":[{"floor":9,"key":"PreservedInsect"},{"floor":13,"key":"MawBank"},{"floor":19,"key":"Red Mask"}],"event_choices":[{"damage_healed":0,"gold_gain":0,"player_choice":"Bought 0 Potions","damage_taken":0,"max_hp_gain":0,"max_hp_loss":0,"event_name":"The Woman in Blue","floor":3,"gold_loss":0},{"damage_healed":0,"gold_gain":0,"player_choice":"Upgraded","damage_taken":0,"max_hp_gain":0,"max_hp_loss":0,"event_name":"Upgrade Shrine","floor":11,"gold_loss":0,"cards_upgraded":["Flex"]},{"damage_healed":0,"gold_gain":0,"player_choice":"Fought Bandits","damage_taken":0,"max_hp_gain":0,"max_hp_loss":0,"event_name":"Masked Bandits","floor":19,"gold_loss":0}],"is_beta":false,"boss_relics":[{"not_picked":["Philosopher\u0027s Stone","Busted Crown"],"picked":"Runic Cube"}],"items_purged_floors":[0,21],"is_endless":false,"potions_floor_spawned":[1,10,13,18],"killed_by":"2 Thieves","ascension_level":0}}