{"host":"gin1e6e6f2y0ngxx","time":1612608485,"event":{"mods":["AchievementEnabler","Act Like it!","BaseMod","Downfall","Hallownest","Infinite Spire","Minty Spire (QoL Compilation)","StSLib","The Bug Knight","The Cursed","The Hierophant"],"gold_per_floor":[99,118,136,148,323,348,373,387,399,399,399,44,63,79,89,194,194,194,208,308,326,98,117,143,162,162,172,186,286,312,332,343,445,445,445,463,532,44,54,54,81,81,92,110,110,110,110],"floor_reached":45,"language":"ENG","playtime":4981,"items_purged":[],"score":547,"play_id":"f83bd440-a115-4d9f-8976-5650cb678810","local_time":"20210206004805","is_ascension_mode":false,"campfire_choices":[{"data":"hexamod:Sear","floor":1,"key":"SMITH"},{"floor":11,"key":"REST"},{"data":"hexamod:ForkedFlame","floor":18,"key":"SMITH"},{"data":"Apotheosis","floor":26,"key":"SMITH"},{"data":"hexamod:VolcanoVisage","floor":35,"key":"SMITH"},{"floor":40,"key":"REST"}],"circlet_count":0,"master_deck":["hexamod:Strike","hexamod:Strike","hexamod:Strike","hexamod:Strike","hexamod:Defend","hexamod:Defend","hexamod:Defend","hexamod:Defend","hexamod:Sear+1","hexamod:Float","hexamod:InspiringFlames","hexamod:RadiantFlame","hexamod:FlamesFromBeyond+1","Doubt","hexamod:EmpoweredFlame","hexamod:PhantomCloak","hexamod:NightmareStrike","hexamod:BurningTouch","hexamod:PhantomFireball","hexamod:ThermalTransfer","hexamod:GhostflameBarrier","hexamod:FirstSeal","hexamod:ForkedFlame+1","hexamod:NecessarySacrifice","hexamod:VolcanoVisage+1","hexamod:EtherealExpedition","hexamod:AdvancingGuard+1","hexamod:CatchUp+1","hexamod:HeatShield","Apotheosis+1","hexamod:HauntingEcho","hexamod:Haunt","hexamod:SwordOfDarkness+1","hexamod:SoulSteal+1","hexamod:RainOfEmbers","hexamod:SpectersWail+1","hexamod:NightmareGuise+1","hexamod:TimeWarp","hexamod:ShieldOfDarkness","hexamod:WildfireWeapon","hexamod:HauntingEcho+1","hexamod:HeatMetal","hexamod:Incineration+1","expansioncontent:QuickStudy","hexamod:ExtraCrispy+1","hexamod:ShieldOfDarkness+1","hexamod:EtherealExpedition+1"],"relics":["hexamod:SpiritBrand","MealTicket","Nunchaku","ClockworkSouvenir","SlaversCollar","Toy Ornithopter","Omamori","downfall:CloakOfManyFaces","CultistMask","FaceOfCleric","NlothsMask","GremlinMask","SsserpentHead","Vajra","hexamod:IceCube","Strange Spoon","Bronze Scales","Molten Egg 2"],"acts_visited":["Exordium","TheCity","TheBeyond"],"potions_floor_usage":[20,28,28,31,32,33,33,44,45],"damage_taken":[{"damage":0,"enemies":"Small Slimes","floor":2,"turns":3},{"damage":0,"enemies":"Cultist","floor":3,"turns":4},{"damage":12,"enemies":"infinitespire:Voidling","floor":4,"turns":4},{"damage":12,"enemies":"Gremlin Nob","floor":6,"turns":4},{"damage":2,"enemies":"2 Fungi Beasts","floor":8,"turns":4},{"damage":17,"enemies":"Gremlin Gang","floor":9,"turns":5},{"damage":5,"enemies":"downfall:FleeingMerchant","floor":12,"turns":4},{"damage":14,"enemies":"Blue Slaver","floor":13,"turns":4},{"damage":12,"enemies":"Exordium Wildlife","floor":14,"turns":5},{"damage":8,"enemies":"Lots of Slimes","floor":15,"turns":5},{"damage":16,"enemies":"IC_STATUS_ARCHETYPE","floor":16,"turns":7},{"damage":42,"enemies":"3 Byrds","floor":19,"turns":6},{"damage":2,"enemies":"downfall:LadyInBlue","floor":20,"turns":6},{"damage":10,"enemies":"Cultist and Chosen","floor":21,"turns":6},{"damage":0,"enemies":"downfall:FleeingMerchant","floor":22,"turns":4},{"damage":5,"enemies":"Snecko","floor":23,"turns":5},{"damage":9,"enemies":"Centurion and Healer","floor":25,"turns":5},{"damage":22,"enemies":"Snake Plant","floor":27,"turns":4},{"damage":20,"enemies":"Sentry and Sphere","floor":28,"turns":7},{"damage":0,"enemies":"downfall:FaceTrader","floor":29,"turns":7},{"damage":2,"enemies":"Nightmare","floor":30,"turns":6},{"damage":2,"enemies":"Snecko","floor":31,"turns":3},{"damage":5,"enemies":"Cultist and Chosen","floor":32,"turns":5},{"damage":14,"enemies":"DF_ARCHETYPE_CLAW","floor":33,"turns":6},{"damage":17,"enemies":"Orb Walker","floor":36,"turns":4},{"damage":0,"enemies":"3 Shapes","floor":37,"turns":3},{"damage":0,"enemies":"downfall:FleeingMerchant","floor":38,"turns":4},{"damage":70,"enemies":"Transient","floor":39,"turns":5},{"damage":0,"enemies":"Writhing Mass","floor":43,"turns":1},{"damage":25,"enemies":"Jaw Worm Horde","floor":44,"turns":4},{"damage":50,"enemies":"Nightmare","floor":45,"turns":7}],"seed_played":"-8333304976344227599","potions_obtained":[{"floor":2,"key":"bronze:BurnAndBuffPotion"},{"floor":3,"key":"AttackPotion"},{"floor":9,"key":"SteroidPotion"},{"floor":13,"key":"Weak Potion"},{"floor":15,"key":"SneckoOil"},{"floor":20,"key":"Dexterity Potion"},{"floor":20,"key":"hexamod:DoubleChargePotion"},{"floor":23,"key":"hexamod:SoulburnPotion"},{"floor":29,"key":"SkillPotion"},{"floor":30,"key":"Fruit Juice"},{"floor":31,"key":"Regen Potion"},{"floor":39,"key":"SkillPotion"},{"floor":43,"key":"DuplicationPotion"},{"floor":44,"key":"hexamod:DoubleChargePotion"}],"is_trial":false,"path_per_floor":["R","M","M","M","?","E","T","M","M","?","R","$","M","M","M","B",null,"R","M","?","M","$","M","T","M","R","M","M","?","NM","M","M","B",null,"R","M","M","$","M","R","T","AVR","M","M","NM"],"character_chosen":"THE_SPIRIT","items_purchased":["hexamod:PhantomFireball","hexamod:ThermalTransfer","hexamod:GhostflameBarrier","ClockworkSouvenir","Apotheosis","hexamod:HauntingEcho","expansioncontent:QuickStudy","Strange Spoon","Bronze Scales"],"campfire_rested":2,"item_purchase_floors":[12,12,12,12,22,22,38,38,38],"current_hp_per_floor":[77,77,77,69,69,57,57,55,38,38,61,71,57,52,51,35,77,77,42,47,44,59,54,54,52,52,37,34,41,47,51,73,79,86,86,77,78,89,27,54,54,54,55,36,0,0,0],"gold":110,"neow_bonus":"TEN_PERCENT_HP_BONUS","is_daily":false,"chose_seed":false,"campfire_upgraded":4,"win_rate":0.0,"timestamp":1612608485,"path_taken":["R","M","M","M","?","E","T","M","M","?","R","$","M","M","M","BOSS","R","M","?","M","$","M","T","M","R","M","?","?","NM","M","M","BOSS","R","M","?","$","M","R","T","AVR","M","M","NM"],"items_purchased_type":["Card","Card","Card","Relic","Card","Card","Card","Relic","Relic"],"build_version":"2020-12-22","purchased_purges":0,"victory":false,"max_hp_per_floor":[77,77,77,77,77,77,77,77,77,77,77,77,77,77,77,77,77,77,77,77,77,77,77,77,77,77,77,77,77,78,79,80,86,86,86,87,88,89,90,90,90,90,91,92,92,92,92],"card_choices":[{"not_picked":["hexamod:FourthSeal","hexamod:BacktrackSmack"],"picked":"hexamod:InspiringFlames","floor":2},{"not_picked":["hexamod:GhostLash","hexamod:DynamicBlow"],"picked":"hexamod:RadiantFlame","floor":3},{"not_picked":["hexamod:FastForward","hexamod:AdvancingGuard"],"picked":"hexamod:FlamesFromBeyond","floor":4},{"not_picked":["hexamod:HeatCrush","hexamod:TimeWarp"],"picked":"hexamod:EmpoweredFlame","floor":6},{"not_picked":["hexamod:SwordOfDarkness","hexamod:Haunt"],"picked":"hexamod:PhantomCloak","floor":8},{"not_picked":["hexamod:NightmareGuise","hexamod:GhostLash"],"picked":"hexamod:NightmareStrike","floor":9},{"not_picked":["hexamod:GhostLash","hexamod:Firestarter"],"picked":"hexamod:BurningTouch","floor":12},{"not_picked":["hexamod:SwordOfDarkness","hexamod:Firestarter"],"picked":"hexamod:FirstSeal","floor":13},{"not_picked":["hexamod:HauntingEcho","hexamod:ShieldOfDarkness"],"picked":"hexamod:ForkedFlame","floor":14},{"not_picked":["hexamod:GhostShield","hexamod:ThermalTransfer"],"picked":"hexamod:NecessarySacrifice","floor":15},{"not_picked":["hexamod:GhostOfSpirePresent","hexamod:UnlimitedPower"],"picked":"hexamod:VolcanoVisage","floor":16},{"not_picked":["hexamod:SpectersWail","hexamod:HauntingEcho"],"picked":"hexamod:EtherealExpedition","floor":19},{"not_picked":["hexamod:BurningTouch","hexamod:InspiringFlames"],"picked":"hexamod:AdvancingGuard+1","floor":20},{"not_picked":["hexamod:AdvancingGuard","hexamod:BurningTouch"],"picked":"hexamod:CatchUp+1","floor":21},{"not_picked":["hexamod:ThermalTransfer","hexamod:FastForward"],"picked":"hexamod:HeatShield","floor":22},{"not_picked":["hexamod:BacktrackSmack+1","hexamod:RetreatToShadows"],"picked":"hexamod:Haunt","floor":23},{"not_picked":["hexamod:GhostLash","hexamod:StepThrough"],"picked":"hexamod:SwordOfDarkness+1","floor":25},{"not_picked":["hexamod:GhostShield","hexamod:NightmareGuise+1"],"picked":"hexamod:SoulSteal+1","floor":27},{"not_picked":["hexamod:GhostLash","hexamod:Hexaguard+1"],"picked":"hexamod:RainOfEmbers","floor":28},{"not_picked":["hexamod:GhostflameInferno","hexamod:HauntingEcho+1"],"picked":"hexamod:SpectersWail+1","floor":29},{"not_picked":["hexamod:SoulSteal","hexamod:EtherealExpedition"],"picked":"hexamod:NightmareGuise+1","floor":30},{"not_picked":["hexamod:FlamesFromBeyond","hexamod:BacktrackSmack+1"],"picked":"hexamod:TimeWarp","floor":31},{"not_picked":["hexamod:GhostflameBarrier","hexamod:GhostOfSpireFuture"],"picked":"hexamod:ShieldOfDarkness","floor":32},{"not_picked":["hexamod:GhostOfSpirePresent","hexamod:SixthSeal"],"picked":"hexamod:WildfireWeapon","floor":33},{"not_picked":["hexamod:AdvancingGuard+1","hexamod:RetreatToShadows"],"picked":"hexamod:HauntingEcho+1","floor":36},{"not_picked":["hexamod:BacktrackSmack+1","hexamod:Firestarter"],"picked":"hexamod:HeatMetal","floor":37},{"not_picked":["hexamod:SpectersWail+1","hexamod:GhostOfSpireFuture+1"],"picked":"hexamod:Incineration+1","floor":38},{"not_picked":["hexamod:Incineration+1","hexamod:Again"],"picked":"hexamod:ExtraCrispy+1","floor":39},{"not_picked":["hexamod:RainOfEmbers+1","hexamod:SkipABeat"],"picked":"hexamod:ShieldOfDarkness+1","floor":43},{"not_picked":["hexamod:GhostShield+1","hexamod:BurningTouch"],"picked":"hexamod:EtherealExpedition+1","floor":44}],"player_experience":144486,"relics_obtained":[{"floor":6,"key":"MealTicket"},{"floor":7,"key":"Nunchaku"},{"floor":20,"key":"Toy Ornithopter"},{"floor":24,"key":"Omamori"},{"floor":29,"key":"downfall:CloakOfManyFaces"},{"floor":30,"key":"Vajra"}],"event_choices":[{"damage_healed":0,"gold_gain":0,"player_choice":"Forge","damage_taken":0,"max_hp_gain":0,"max_hp_loss":0,"event_name":"Accursed Blacksmith","floor":10,"gold_loss":0,"cards_upgraded":["hexamod:FlamesFromBeyond"]}],"is_beta":false,"boss_relics":[{"not_picked":["Fusion Hammer","infinitespire:Cupcake"],"picked":"SlaversCollar"},{"not_picked":["Astrolabe","Sozu"],"picked":"hexamod:IceCube"}],"items_purged_floors":[],"is_endless":true,"potions_floor_spawned":[2,3,9,13,15,19,23,29,30,31,39,43,44],"killed_by":"Nightmare","ascension_level":0}}