{"host":"l5zfpd2l2htson6l","time":1612578111,"event":{"mods":["AchievementEnabler","BaseMod","Colored Map","Colored Powertips","Minty Spire (QoL Compilation)","Permanent Neow","Quick Restart","Rare Cards Sparkle","Relic Stats","SuperFastMode"],"gold_per_floor":[113,188,188,199,216,244,263,289,289,320,335,335,335,347,347,423,423,441,491,20,30,44,78,78,111,111,137,148,148,159,84,84,155,155,165,165,165,180,196,226,226,243,269,287,200,219,231,24,24,24,24],"floor_reached":50,"language":"ENG","playtime":2762,"items_purged":["Strike_R","Normality"],"score":1112,"play_id":"0c93da80-8577-4acd-ae35-b42a06a8c88a","local_time":"20210205182151","is_ascension_mode":true,"campfire_choices":[{"data":"Armaments","floor":13.0,"key":"SMITH"},{"data":"Bludgeon","floor":15.0,"key":"SMITH"},{"floor":24.0,"key":"REST"},{"floor":32.0,"key":"REST"},{"floor":41.0,"key":"REST"},{"floor":49.0,"key":"RECALL"}],"circlet_count":0,"master_deck":["AscendersBane","Strike_R","Defend_R","Defend_R","Defend_R","Defend_R","Bash","Sword Boomerang","Immolate","Seeing Red","Whirlwind","Headbutt","Bludgeon+1","Armaments+1","Havoc","Offering","Feel No Pain+1","Disarm","Flame Barrier","Havoc","Battle Trance","Dark Embrace+1","Ghostly Armor","Uppercut+1","Sentinel","Reaper","Entrench","Inflame","Rage","Disarm"],"relics":["Burning Blood","Oddly Smooth Stone","PreservedInsect","Pen Nib","Letter Opener","Question Card","Philosopher\u0027s Stone","Ginger","Centennial Puzzle","Pear","Ice Cream","Cursed Key","The Courier","Lantern"],"acts_visited":["Exordium","TheCity","TheBeyond"],"potions_floor_usage":[50,50],"damage_taken":[{"damage":7.0,"enemies":"Small Slimes","floor":1.0,"turns":3.0},{"damage":6.0,"enemies":"Jaw Worm","floor":4.0,"turns":4.0},{"damage":0.0,"enemies":"Cultist","floor":5.0,"turns":3.0},{"damage":29.0,"enemies":"Gremlin Nob","floor":6.0,"turns":4.0},{"damage":24.0,"enemies":"Exordium Thugs","floor":7.0,"turns":4.0},{"damage":8.0,"enemies":"Lagavulin","floor":8.0,"turns":4.0},{"damage":8.0,"enemies":"Gremlin Nob","floor":10.0,"turns":3.0},{"damage":3.0,"enemies":"Gremlin Gang","floor":11.0,"turns":2.0},{"damage":0.0,"enemies":"2 Fungi Beasts","floor":14.0,"turns":2.0},{"damage":10.0,"enemies":"Slime Boss","floor":16.0,"turns":6.0},{"damage":6.0,"enemies":"3 Byrds","floor":18.0,"turns":1.0},{"damage":6.0,"enemies":"Chosen","floor":21.0,"turns":3.0},{"damage":6.0,"enemies":"Snecko","floor":22.0,"turns":3.0},{"damage":34.0,"enemies":"Gremlin Leader","floor":23.0,"turns":6.0},{"damage":18.0,"enemies":"Book of Stabbing","floor":25.0,"turns":3.0},{"damage":16.0,"enemies":"Slavers","floor":27.0,"turns":4.0},{"damage":2.0,"enemies":"Snake Plant","floor":28.0,"turns":3.0},{"damage":25.0,"enemies":"Centurion and Healer","floor":30.0,"turns":6.0},{"damage":12.0,"enemies":"Automaton","floor":33.0,"turns":5.0},{"damage":9.0,"enemies":"3 Darklings","floor":35.0,"turns":2.0},{"damage":10.0,"enemies":"Orb Walker","floor":38.0,"turns":4.0},{"damage":61.0,"enemies":"Transient","floor":39.0,"turns":6.0},{"damage":37.0,"enemies":"Reptomancer","floor":40.0,"turns":4.0},{"damage":14.0,"enemies":"Writhing Mass","floor":42.0,"turns":4.0},{"damage":34.0,"enemies":"Jaw Worm Horde","floor":44.0,"turns":3.0},{"damage":0.0,"enemies":"3 Darklings","floor":46.0,"turns":2.0},{"damage":18.0,"enemies":"Sphere and 2 Shapes","floor":47.0,"turns":4.0},{"damage":25,"enemies":"Time Eater","floor":50,"turns":4}],"seed_played":"76744693934562617","potions_obtained":[{"floor":4.0,"key":"BlessingOfTheForge"},{"floor":5.0,"key":"Energy Potion"},{"floor":10.0,"key":"Dexterity Potion"},{"floor":14.0,"key":"CultistPotion"},{"floor":23.0,"key":"Swift Potion"},{"floor":25.0,"key":"FearPotion"},{"floor":27.0,"key":"PowerPotion"},{"floor":33.0,"key":"DuplicationPotion"},{"floor":39.0,"key":"Weak Potion"},{"floor":40.0,"key":"Block Potion"},{"floor":44.0,"key":"AttackPotion"}],"is_trial":false,"path_per_floor":["M","?","T","M","M","E","M","E","T","E","M","?","R","M","R","B",null,"M","?","$","M","M","E","R","E","T","E","M","?","M","?","R","B",null,"M","?","?","M","M","E","R","M","T","M","?","M","M","$","R","B"],"character_chosen":"IRONCLAD","items_purchased":["Ginger","Disarm","Dexterity Potion","BloodPotion","Swift Potion"],"campfire_rested":3,"item_purchase_floors":[20,20,48,48,48],"current_hp_per_floor":[67,56,56,56,62,39,21,19,19,17,20,20,20,26,26,22,57,57,51,51,51,51,23,43,31,41,31,35,35,16,16,39,33,67,75,74,74,70,22,15,37,29,29,9,9,15,11,25,25,0,0],"gold":24,"neow_bonus":"TRANSFORM_TWO_CARDS","is_daily":false,"chose_seed":false,"campfire_upgraded":2,"win_rate":0.0,"timestamp":1612578111,"path_taken":["M","?","?","M","M","E","M","E","T","E","M","?","R","M","R","BOSS","M","?","?","?","M","E","R","E","T","E","M","?","M","?","R","BOSS","M","?","?","M","M","E","R","M","T","M","?","?","M","?","R","BOSS"],"items_purchased_type":["Relic","Card","Potion","Potion","Potion"],"build_version":"2020-12-22","purchased_purges":2,"victory":false,"max_hp_per_floor":[68,68,68,68,68,68,68,68,68,68,68,68,68,68,68,68,68,68,68,68,68,68,68,68,68,78,78,78,78,78,78,78,78,78,78,74,74,74,74,74,74,74,74,74,74,74,74,74,74,74,74],"relic_stats":{"Centennial Puzzle":[39],"counters":[28,102],"PreservedInsect":241,"Pen Nib":[11],"Letter Opener":[245],"Ginger":[11],"Question Card":20,"Cursed Key":1,"obtain_stats":[{"Ice Cream":27,"Lantern":45,"Pear":26,"Oddly Smooth Stone":3,"PreservedInsect":6,"Pen Nib":8,"The Courier":40,"Letter Opener":9,"Ginger":20,"Question Card":10,"Cursed Key":34,"Burning Blood":0,"Centennial Puzzle":23,"Philosopher\u0027s Stone":17},{"Ice Cream":16,"Lantern":25,"Pear":15,"Oddly Smooth Stone":1,"PreservedInsect":4,"Pen Nib":6,"The Courier":23,"Letter Opener":6,"Ginger":11,"Question Card":7,"Cursed Key":19,"Burning Blood":0,"Centennial Puzzle":14,"Philosopher\u0027s Stone":10},{"Ice Cream":55,"Lantern":92,"Pear":51,"Oddly Smooth Stone":3,"PreservedInsect":14,"Pen Nib":22,"The Courier":85,"Letter Opener":22,"Ginger":36,"Question Card":25,"Cursed Key":69,"Burning Blood":0,"Centennial Puzzle":48,"Philosopher\u0027s Stone":35}],"Burning Blood":162},"card_choices":[{"not_picked":["Flex","Heavy Blade"],"picked":"Seeing Red","floor":1.0},{"not_picked":["Sword Boomerang","Flex"],"picked":"Whirlwind","floor":4.0},{"not_picked":["Perfected Strike","Warcry"],"picked":"Headbutt","floor":5.0},{"not_picked":["Clash","Thunderclap"],"picked":"Bludgeon","floor":6.0},{"not_picked":["Pommel Strike","Thunderclap","Uppercut"],"picked":"SKIP","floor":7.0},{"not_picked":["Intimidate","Bludgeon"],"picked":"Armaments","floor":8.0},{"not_picked":["Hemokinesis","Rupture"],"picked":"Shrug It Off","floor":10.0},{"not_picked":["Heavy Blade","Warcry","Wild Strike"],"picked":"Havoc","floor":11.0},{"not_picked":["Carnage","Sword Boomerang","Hemokinesis","Havoc"],"picked":"SKIP","floor":14.0},{"not_picked":["Corruption","Exhume","Brutality"],"picked":"Offering","floor":16.0},{"not_picked":["Twin Strike","Headbutt","Pommel Strike"],"picked":"Feel No Pain+1","floor":18.0},{"not_picked":["Body Slam","Clash","Pommel Strike"],"picked":"Flame Barrier","floor":21.0},{"not_picked":["Hemokinesis","Combust","Shrug It Off"],"picked":"Havoc","floor":22.0},{"not_picked":["Fire Breathing","Brutality","Headbutt"],"picked":"Battle Trance","floor":23.0},{"not_picked":["Sentinel+1","Clothesline","Dropkick"],"picked":"Dark Embrace+1","floor":25.0},{"not_picked":["Anger","Fire Breathing","Pommel Strike"],"picked":"Ghostly Armor","floor":27.0},{"not_picked":["Shockwave","Perfected Strike","Headbutt"],"picked":"Uppercut+1","floor":28.0},{"not_picked":["Flex+1","Wild Strike","Cleave"],"picked":"Sentinel","floor":30.0},{"not_picked":["Demon Form","Double Tap","Juggernaut"],"picked":"Reaper","floor":33.0},{"not_picked":["Heavy Blade","Headbutt","Searing Blow","Havoc+1"],"picked":"SKIP","floor":35.0},{"not_picked":["Inflame","Anger","Armaments"],"picked":"Entrench","floor":38.0},{"not_picked":["Infernal Blade","Power Through","Heavy Blade"],"picked":"Inflame","floor":39.0},{"not_picked":["Sever Soul","Blood for Blood","Cleave"],"picked":"Rage","floor":40.0},{"not_picked":["Thunderclap","Twin Strike","Sword Boomerang"],"picked":"Disarm","floor":42.0},{"not_picked":["Metallicize","Perfected Strike","Entrench","Thunderclap"],"picked":"SKIP","floor":44.0},{"not_picked":["Juggernaut","Warcry","Thunderclap","Body Slam"],"picked":"SKIP","floor":46.0},{"not_picked":["Cleave+1","Anger+1","Iron Wave","Pommel Strike"],"picked":"SKIP","floor":47.0}],"player_experience":900711,"relics_obtained":[{"floor":3.0,"key":"Oddly Smooth Stone"},{"floor":6.0,"key":"PreservedInsect"},{"floor":8.0,"key":"Pen Nib"},{"floor":9.0,"key":"Letter Opener"},{"floor":10.0,"key":"Question Card"},{"floor":23.0,"key":"Centennial Puzzle"},{"floor":26.0,"key":"Pear"},{"floor":27.0,"key":"Ice Cream"},{"floor":40.0,"key":"The Courier"}],"event_choices":[{"damage_healed":0.0,"max_hp_gain":0.0,"max_hp_loss":0.0,"gold_gain":75.0,"event_name":"World of Goop","player_choice":"Gather Gold","floor":2.0,"gold_loss":0.0,"damage_taken":11.0},{"damage_healed":0.0,"max_hp_gain":0.0,"max_hp_loss":0.0,"gold_gain":0.0,"event_name":"Match and Keep!","player_choice":"0 cards matched","floor":12.0,"gold_loss":0.0,"damage_taken":0.0,"cards_obtained":[]},{"damage_healed":0.0,"max_hp_gain":0.0,"max_hp_loss":0.0,"gold_gain":50.0,"event_name":"FaceTrader","player_choice":"Touch","floor":19.0,"gold_loss":0.0,"damage_taken":6.0},{"damage_healed":0.0,"max_hp_gain":0.0,"max_hp_loss":0.0,"gold_gain":0.0,"event_name":"Vampires","player_choice":"Ignored","floor":29.0,"gold_loss":0.0,"damage_taken":0.0},{"cards_removed":["Strike_R"],"damage_healed":0.0,"max_hp_gain":0.0,"max_hp_loss":0.0,"gold_gain":0.0,"event_name":"Beggar","player_choice":"Gave Gold","floor":31.0,"gold_loss":75.0,"damage_taken":0.0},{"damage_healed":0.0,"max_hp_gain":0.0,"max_hp_loss":4.0,"gold_gain":0.0,"event_name":"Winding Halls","player_choice":"Max HP","floor":36.0,"gold_loss":0.0,"damage_taken":0.0},{"cards_removed":["Shrug It Off"],"damage_healed":0.0,"max_hp_gain":0.0,"max_hp_loss":0.0,"gold_gain":0.0,"event_name":"Falling","player_choice":"Removed Skill","floor":37.0,"gold_loss":0.0,"damage_taken":0.0},{"damage_healed":0.0,"max_hp_gain":0.0,"max_hp_loss":0.0,"gold_gain":0.0,"event_name":"WeMeetAgain","player_choice":"Paid Gold","floor":45.0,"gold_loss":87.0,"damage_taken":0.0,"relics_obtained":["Lantern"]}],"is_beta":false,"boss_relics":[{"not_picked":["Black Blood","Coffee Dripper"],"picked":"Philosopher\u0027s Stone"},{"not_picked":["Runic Cube","Tiny House"],"picked":"Cursed Key"}],"items_purged_floors":[20,48],"is_endless":false,"potions_floor_spawned":[4,5,10,14,23,25,27,28,33,39,40,44],"killed_by":"Time Eater","ascension_level":20}}