{"host":"y89x8uui45kcjy42","time":1612578308,"event":{"mods":["2.2 Compatiblity","BaseMod","CapriCore","Colored Map","Colored Powertips","Custom Start","Friendly Minions","Keyboard Shortcuts","Minty Spire (QoL Compilation)","Relic Stats","Slay the Relics Exporter","StSLib","SuperFastMode","Uncapped"],"gold_per_floor":[114,134,409,259,279,279,313,313,313,342,355,369,369,369,369,447,447,461,461,472,384,384,384,415,415,466,498,498,14,40,90,90,165,165,180,180,233,233,69,69,100,100,151,184,184,217,217,167,167,167,167,167,167,140,171,171],"floor_reached":57,"language":"KOR","playtime":1887,"items_purged":["Bash","Armaments+1","Demon Form+1","Pummel+1"],"score":3167,"play_id":"060145d7-c0af-41f2-aef9-6f583942ed27","local_time":"20210206112508","is_ascension_mode":true,"campfire_choices":[{"data":"Immolate","floor":6,"key":"SMITH"},{"data":"Shockwave","floor":8,"key":"SMITH"},{"data":"Berserk","floor":13,"key":"SMITH"},{"data":"Shrug It Off","floor":15,"key":"SMITH"},{"data":"Fire Breathing","floor":23,"key":"SMITH"},{"data":"Pummel","floor":25,"key":"SMITH"},{"data":"Armaments","floor":28,"key":"SMITH"},{"floor":32,"key":"RECALL"},{"data":"Madness","floor":40,"key":"SMITH"},{"data":"Madness","floor":42,"key":"SMITH"},{"data":"Feel No Pain","floor":45,"key":"SMITH"},{"data":"Impervious","floor":49,"key":"SMITH"}],"circlet_count":0,"master_deck":["Reprogram+1","Shrug It Off+1","Immolate+1","Shockwave+1","Berserk+1","Shrug It Off+1","Impervious+1","Feel No Pain+1","Seeing Red+1","Second Wind+1","Evolve+1","Madness+1","Madness+1","Master of Strategy+1","Envenom+1","Infinite Blades+1"],"relics":["Burning Blood","Gambling Chip","Matryoshka","Coffee Dripper","Orichalcum","Bag of Marbles","White Beast Statue","Membership Card","Bag of Preparation","Ginger","Juzu Bracelet","Runic Cube","Ice Cream","Sundial","Potion Belt","War Paint","Red Skull","Smiling Mask","WingedGreaves","Calipers","Snake Skull"],"acts_visited":["Exordium","TheCity","TheBeyond","TheEnding"],"potions_floor_usage":[10,24,30,50,56,56,56,56],"damage_taken":[{"damage":0,"enemies":"2 Louse","floor":1,"turns":4},{"damage":17,"enemies":"Cultist","floor":2,"turns":4},{"damage":3,"enemies":"Small Slimes","floor":5,"turns":3},{"damage":11,"enemies":"Lagavulin","floor":7,"turns":8},{"damage":32,"enemies":"Gremlin Nob","floor":10,"turns":4},{"damage":8,"enemies":"Blue Slaver","floor":11,"turns":5},{"damage":21,"enemies":"Looter","floor":12,"turns":3},{"damage":8,"enemies":"Slime Boss","floor":16,"turns":6},{"damage":32,"enemies":"2 Thieves","floor":18,"turns":3},{"damage":27,"enemies":"3 Byrds","floor":20,"turns":3},{"damage":27,"enemies":"Book of Stabbing","floor":24,"turns":5},{"damage":31,"enemies":"Gremlin Leader","floor":27,"turns":4},{"damage":30,"enemies":"Slavers","floor":30,"turns":2},{"damage":44,"enemies":"Automaton","floor":33,"turns":7},{"damage":0,"enemies":"Orb Walker","floor":35,"turns":4},{"damage":18,"enemies":"2 Orb Walkers","floor":37,"turns":3},{"damage":0,"enemies":"Reptomancer","floor":41,"turns":4},{"damage":0,"enemies":"Nemesis","floor":44,"turns":5},{"damage":0,"enemies":"Reptomancer","floor":46,"turns":4},{"damage":23,"enemies":"Awakened One","floor":50,"turns":13},{"damage":0,"enemies":"Donu and Deca","floor":51,"turns":7},{"damage":84,"enemies":"Shield and Spear","floor":55,"turns":4},{"damage":28,"enemies":"The Heart","floor":56,"turns":7}],"seed_played":"2073654049878727360","potions_obtained":[{"floor":2,"key":"Ancient Potion"},{"floor":5,"key":"Fruit Juice"},{"floor":10,"key":"PowerPotion"},{"floor":18,"key":"FairyPotion"},{"floor":27,"key":"Explosive Potion"},{"floor":30,"key":"Regen Potion"},{"floor":33,"key":"Strength Potion"},{"floor":44,"key":"Explosive Potion"},{"floor":46,"key":"FearPotion"}],"is_trial":false,"path_per_floor":["M","M","?","$","M","R","E","R","T","E","M","M","R","?","R","B",null,"M","?","M","$","?","R","E","R","T","E","R","$","E","$","R","B",null,"M","?","?","?","$","R","E","R","T","E","R","E","?","$","R","B","B",null,"R","$","E","B",null],"character_chosen":"IRONCLAD","items_purchased":["Immolate","Fire Breathing","Membership Card","Bag of Preparation","Ginger","Feel No Pain","Master of Strategy","Energy Potion"],"campfire_rested":0,"item_purchase_floors":[4,21,29,29,29,29,39,54],"current_hp_per_floor":[74,63,63,63,66,66,61,61,61,40,38,23,23,23,23,21,65,39,39,18,18,18,18,26,26,26,55,55,55,31,31,31,43,71,77,77,65,51,51,51,57,57,57,63,63,69,69,69,69,52,58,75,75,75,88,81],"gold":171,"neow_bonus":"ONE_RANDOM_RARE_CARD","is_daily":false,"chose_seed":false,"campfire_upgraded":11,"win_rate":0.0,"timestamp":1612578308,"path_taken":["M","M","?","$","?","R","E","R","T","E","M","M","R","?","R","BOSS","M","?","M","$","?","R","E","R","T","E","R","$","E","?","R","BOSS","M","?","?","?","$","R","E","R","T","E","R","E","?","$","R","BOSS","BOSS","R","$","E","BOSS"],"items_purchased_type":["Card","Card","Relic","Relic","Relic","Card","Card","Potion"],"build_version":"2020-12-22","purchased_purges":4,"victory":true,"max_hp_per_floor":[75,75,75,75,75,75,75,75,75,80,80,80,80,80,80,80,80,80,80,80,80,80,80,80,80,80,80,80,80,80,80,80,80,80,80,80,80,80,80,80,80,80,80,80,80,80,80,80,80,80,80,80,80,80,171,171],"relic_stats":{"counters":[23,112],"Snake Skull":[17],"Bag of Preparation":[22],"Juzu Bracelet":0,"Ginger":[3],"Orichalcum":[42],"War Paint":["Master of Strategy","Shrug It Off"],"Smiling Mask":25,"Burning Blood":138,"Sundial":[58],"Gambling Chip":[32],"obtain_stats":[{"Ice Cream":37,"Potion Belt":43,"Calipers":49,"Snake Skull":55,"Omamori":3,"Bag of Preparation":29,"Juzu Bracelet":30,"Ginger":29,"Orichalcum":19,"War Paint":43,"Smiling Mask":46,"Burning Blood":0,"White Beast Statue":27,"Matryoshka":10,"Sundial":41,"Gambling Chip":7,"WingedGreaves":23,"Coffee Dripper":17,"Bag of Marbles":26,"Membership Card":29,"Red Skull":44,"Runic Cube":34},{"Ice Cream":16,"Potion Belt":17,"Calipers":19,"Snake Skull":22,"Omamori":2,"Bag of Preparation":12,"Juzu Bracelet":13,"Ginger":12,"Orichalcum":9,"War Paint":17,"Smiling Mask":19,"Burning Blood":0,"White Beast Statue":12,"Matryoshka":5,"Sundial":17,"Gambling Chip":4,"WingedGreaves":10,"Coffee Dripper":8,"Bag of Marbles":11,"Membership Card":12,"Red Skull":18,"Runic Cube":14},{"Ice Cream":68,"Potion Belt":72,"Calipers":81,"Snake Skull":104,"Omamori":8,"Bag of Preparation":52,"Juzu Bracelet":54,"Ginger":52,"Orichalcum":40,"War Paint":72,"Smiling Mask":81,"Burning Blood":0,"White Beast Statue":52,"Matryoshka":23,"Sundial":72,"Gambling Chip":19,"WingedGreaves":43,"Coffee Dripper":37,"Bag of Marbles":48,"Membership Card":52,"Red Skull":77,"Runic Cube":61}],"Runic Cube":[19]},"card_choices":[{"not_picked":["Havoc","Warcry","Perfected Strike"],"picked":"SKIP","floor":1},{"not_picked":["Flame Barrier","Spot Weakness"],"picked":"Shrug It Off","floor":2},{"not_picked":["Iron Wave","Flame Barrier","Headbutt"],"picked":"SKIP","floor":5},{"not_picked":["True Grit","Twin Strike"],"picked":"Shockwave","floor":7},{"not_picked":["Heavy Blade","Iron Wave","Carnage"],"picked":"SKIP","floor":10},{"not_picked":["Thunderclap","Heavy Blade"],"picked":"Berserk","floor":11},{"not_picked":["Iron Wave","Anger","Armaments"],"picked":"SKIP","floor":12},{"not_picked":["Twin Strike","Rage"],"picked":"Shrug It Off","floor":18},{"not_picked":["Twin Strike+1","Perfected Strike"],"picked":"Impervious","floor":20},{"not_picked":["Flex","Bloodletting","Clothesline"],"picked":"SKIP","floor":24},{"not_picked":["Flex","Clash","Intimidate"],"picked":"SKIP","floor":27},{"not_picked":["Wild Strike","Demon Form"],"picked":"Seeing Red+1","floor":30},{"not_picked":["Shrug It Off+1","Shockwave","Bloodletting"],"picked":"SKIP","floor":35},{"not_picked":["Inflame+1","Combust","Rage"],"picked":"SKIP","floor":41},{"not_picked":["Warcry","Carnage","Second Wind"],"picked":"SKIP","floor":44},{"not_picked":["Twin Strike","Uppercut","True Grit"],"picked":"SKIP","floor":46},{"not_picked":["Shrug It Off","Rage","Wild Strike"],"picked":"SKIP","floor":55}],"player_experience":680563,"relics_obtained":[{"floor":7,"key":"Gambling Chip"},{"floor":10,"key":"Matryoshka"},{"floor":26,"key":"Bag of Marbles"},{"floor":27,"key":"White Beast Statue"},{"floor":30,"key":"Juzu Bracelet"},{"floor":37,"key":"Ice Cream"},{"floor":41,"key":"Sundial"},{"floor":43,"key":"Potion Belt"},{"floor":43,"key":"War Paint"},{"floor":44,"key":"Red Skull"},{"floor":46,"key":"Smiling Mask"}],"event_choices":[{"damage_healed":0,"gold_gain":275,"player_choice":"Desecrate","damage_taken":0,"max_hp_gain":0,"max_hp_loss":0,"event_name":"Golden Shrine","floor":3,"gold_loss":0,"cards_obtained":["Regret"]},{"damage_healed":0,"gold_gain":0,"player_choice":"Grow","damage_taken":0,"max_hp_gain":0,"max_hp_loss":0,"event_name":"Living Wall","floor":14,"gold_loss":0,"cards_upgraded":["Demon Form"]},{"damage_healed":0,"gold_gain":0,"player_choice":"Opened","damage_taken":0,"relics_obtained":["Orichalcum"],"max_hp_gain":0,"max_hp_loss":0,"event_name":"The Mausoleum","floor":19,"gold_loss":0,"cards_obtained":["Writhe"]},{"damage_healed":0,"gold_gain":0,"cards_transformed":["Strike_R","Defend_R"],"player_choice":"Became Test Subject","damage_taken":0,"max_hp_gain":0,"max_hp_loss":0,"event_name":"Drug Dealer","floor":22,"gold_loss":0,"cards_obtained":["Armaments","Pummel"]},{"cards_removed":["Fire Breathing"],"damage_healed":0,"gold_gain":0,"player_choice":"Removed Power","damage_taken":0,"max_hp_gain":0,"max_hp_loss":0,"event_name":"Falling","floor":36,"gold_loss":0},{"damage_healed":0,"gold_gain":0,"player_choice":"Fight","damage_taken":0,"max_hp_gain":0,"max_hp_loss":0,"event_name":"Mysterious Sphere","floor":37,"gold_loss":0},{"damage_healed":0,"gold_gain":0,"player_choice":"Embrace Madness","damage_taken":14,"max_hp_gain":0,"max_hp_loss":0,"event_name":"Winding Halls","floor":38,"gold_loss":0,"cards_obtained":["Madness","Madness"]},{"damage_healed":0,"gold_gain":0,"player_choice":"Memory 1","damage_taken":0,"max_hp_gain":0,"max_hp_loss":0,"event_name":"SensoryStone","floor":47,"gold_loss":0}],"is_beta":false,"boss_relics":[{"not_picked":["Tiny House","Cursed Key","Philosopher\u0027s Stone"]},{"not_picked":["Runic Pyramid","Pandora\u0027s Box"],"picked":"Runic Cube"}],"items_purged_floors":[29,31,39,48],"is_endless":false,"potions_floor_spawned":[2,5,10,18,27,30,33,35,37,41,44,46,55],"ascension_level":20}}