{"host":"vyjryxuuuxkt43k4","time":1612620949,"event":{"mods":["AchievementEnabler","BaseMod","Colored Map","DeckTracker","Highlight Path","Keyboard Shortcuts","Minty Spire (QoL Compilation)","Permanent Neow","Quick Restart","StSLib","SuperFastMode","everything is the same but u backflip on backflip"],"gold_per_floor":[113,113,113,127,139,139,167,68,143,143,22,38,38,54,54,157,157,176,59,75,95,45,45,71,71,71,90,118,45,45,57,57,162,162,175,28,128,78,89,117,117,117],"floor_reached":41,"language":"KOR","playtime":1329,"items_purged":["Strike_R","Strike_R","Strike_R","Strike_R+1","Defend_R"],"score":439,"play_id":"958f4d46-fc02-4fd9-b760-280910660fad","local_time":"20210206231549","is_ascension_mode":false,"campfire_choices":[{"data":"Wild Strike","floor":6.0,"key":"SMITH"},{"data":"Body Slam","floor":15.0,"key":"SMITH"},{"data":"Feel No Pain","floor":23.0,"key":"SMITH"},{"data":"Double Tap","floor":25,"key":"SMITH"},{"data":"Dark Embrace","floor":32,"key":"SMITH"}],"circlet_count":0,"master_deck":["Defend_R","Defend_R","Defend_R","Bash","Double Tap+1","Second Wind","Inflame+1","Wild Strike+1","Pummel","Shrug It Off","Fire Breathing","Body Slam+1","Shrug It Off","Impervious","Infernal Blade+1","Feel No Pain+1","Reckless Charge","Impervious","Dark Embrace+1","Barricade","Battle Trance"],"relics":["Burning Blood","Smiling Mask","Pantograph","Runic Pyramid","Bottled Flame","Molten Egg 2","Red Mask","Sozu","TheAbacus","Blue Candle"],"acts_visited":["Exordium","TheCity","TheBeyond"],"potions_floor_usage":[28,35],"damage_taken":[{"damage":1.0,"enemies":"Jaw Worm","floor":1.0,"turns":3.0},{"damage":7.0,"enemies":"2 Louse","floor":4.0,"turns":3.0},{"damage":0.0,"enemies":"Cultist","floor":5.0,"turns":3.0},{"damage":40.0,"enemies":"3 Sentries","floor":7.0,"turns":9.0},{"damage":0.0,"enemies":"Lots of Slimes","floor":12.0,"turns":1.0},{"damage":7.0,"enemies":"Looter","floor":14.0,"turns":3.0},{"damage":10.0,"enemies":"Slime Boss","floor":16.0,"turns":7.0},{"damage":0.0,"enemies":"Chosen","floor":18.0,"turns":3.0},{"damage":17.0,"enemies":"Shell Parasite","floor":20.0,"turns":3.0},{"damage":0.0,"enemies":"Snake Plant","floor":21.0,"turns":4.0},{"damage":19.0,"enemies":"Book of Stabbing","floor":24.0,"turns":6.0},{"damage":12,"enemies":"Centurion and Healer","floor":27,"turns":5},{"damage":0,"enemies":"Masked Bandits","floor":28,"turns":5},{"damage":0,"enemies":"Cultist and Chosen","floor":31,"turns":5},{"damage":42,"enemies":"Collector","floor":33,"turns":9},{"damage":18,"enemies":"3 Darklings","floor":35,"turns":6},{"damage":11,"enemies":"3 Shapes","floor":39,"turns":5},{"damage":51,"enemies":"Reptomancer","floor":40,"turns":6}],"seed_played":"-4416175601352619489","potions_obtained":[{"floor":4.0,"key":"Block Potion"},{"floor":7.0,"key":"Explosive Potion"},{"floor":12.0,"key":"Weak Potion"},{"floor":27,"key":"DistilledChaos"},{"floor":33,"key":"AttackPotion"}],"is_trial":false,"path_per_floor":["M","?","?","M","M","R","E","$","T","?","$","M","$","M","R","B",null,"M","$","M","M","$","R","E","R","T","M","?","$","?","M","R","B",null,"M","$","?","$","M","E","R"],"character_chosen":"IRONCLAD","items_purchased":["Shrug It Off","Fire Breathing","Feel No Pain","Dark Embrace","TheAbacus"],"campfire_rested":0,"item_purchase_floors":[8,11,19,29,36],"current_hp_per_floor":[72,72,65,64,70,70,36,36,36,22,22,28,28,27,27,48,72,72,72,61,67,67,67,54,54,54,48,54,54,54,60,60,36,72,60,60,60,60,55,10,10,10],"gold":117,"neow_bonus":"THREE_RARE_CARDS","is_daily":false,"chose_seed":false,"campfire_upgraded":5,"win_rate":0.0,"timestamp":1612620949,"path_taken":["M","?","?","M","M","R","E","$","T","?","$","M","?","M","R","BOSS","M","?","M","M","$","R","E","R","T","?","?","$","?","M","R","BOSS","M","$","?","$","M","E","R"],"items_purchased_type":["Card","Card","Card","Card","Relic"],"build_version":"2020-12-22","purchased_purges":5,"victory":false,"max_hp_per_floor":[72,72,72,72,72,72,72,72,72,72,72,72,72,72,72,72,72,72,72,72,72,72,72,72,72,72,72,72,72,72,72,72,72,72,72,72,72,72,72,72,72,72],"card_choices":[{"not_picked":["Berserk","Juggernaut"],"picked":"Double Tap","floor":0.0},{"not_picked":["Warcry","Iron Wave"],"picked":"Second Wind","floor":1.0},{"not_picked":["Uppercut","Wild Strike"],"picked":"Inflame","floor":4.0},{"not_picked":["Pommel Strike","Double Tap"],"picked":"Wild Strike","floor":5.0},{"not_picked":["Sever Soul","Thunderclap"],"picked":"Pummel","floor":7.0},{"not_picked":["Disarm","Sword Boomerang"],"picked":"Body Slam","floor":12.0},{"not_picked":["Sword Boomerang","Hemokinesis"],"picked":"Shrug It Off","floor":14.0},{"not_picked":["Reaper","Juggernaut"],"picked":"Impervious","floor":16.0},{"not_picked":["Twin Strike+1","Searing Blow"],"picked":"Infernal Blade+1","floor":18.0},{"not_picked":["Iron Wave","Perfected Strike","Flex"],"picked":"SKIP","floor":20.0},{"not_picked":["Reckless Charge","Armaments","Body Slam"],"picked":"SKIP","floor":21.0},{"not_picked":["Armaments","Body Slam"],"picked":"Reckless Charge","floor":21.0},{"not_picked":["True Grit","Thunderclap","Wild Strike"],"picked":"SKIP","floor":24},{"not_picked":["Body Slam+1","Havoc+1"],"picked":"Impervious","floor":27},{"not_picked":["Headbutt+1","Havoc","Whirlwind+1"],"picked":"SKIP","floor":31},{"not_picked":["Offering","Feed+1"],"picked":"Barricade","floor":33},{"not_picked":["Pummel+1","Uppercut+1","Rage+1"],"picked":"SKIP","floor":35},{"not_picked":["Dropkick+1","Dual Wield"],"picked":"Battle Trance","floor":39},{"not_picked":["Clash+1","Sentinel+1","Thunderclap+1"],"picked":"SKIP","floor":40}],"player_experience":802366,"relics_obtained":[{"floor":7.0,"key":"Smiling Mask"},{"floor":9.0,"key":"Pantograph"},{"floor":24,"key":"Bottled Flame"},{"floor":26,"key":"Molten Egg 2"},{"floor":28,"key":"Red Mask"},{"floor":40,"key":"Blue Candle"}],"event_choices":[{"damage_healed":0.0,"max_hp_gain":0.0,"max_hp_loss":0.0,"gold_gain":0.0,"event_name":"Liars Game","player_choice":"Ignored","floor":2.0,"gold_loss":0.0,"damage_taken":0.0},{"cards_removed":["Strike_R"],"damage_healed":0.0,"max_hp_gain":0.0,"max_hp_loss":0.0,"gold_gain":0.0,"event_name":"Golden Wing","player_choice":"Card Removal","floor":3.0,"gold_loss":0.0,"damage_taken":7.0},{"damage_healed":0.0,"max_hp_gain":0.0,"max_hp_loss":0.0,"gold_gain":0.0,"event_name":"Shining Light","player_choice":"Entered Light","floor":10.0,"gold_loss":0.0,"damage_taken":14.0,"cards_upgraded":["Inflame","Strike_R"]},{"damage_healed":0,"gold_gain":0,"player_choice":"Fought Bandits","damage_taken":0,"max_hp_gain":0,"max_hp_loss":0,"event_name":"Masked Bandits","floor":28,"gold_loss":0},{"damage_healed":0,"gold_gain":0,"player_choice":"Ignored","damage_taken":0,"max_hp_gain":0,"max_hp_loss":0,"event_name":"The Mausoleum","floor":30,"gold_loss":0},{"damage_healed":0,"gold_gain":100,"player_choice":"Pray","damage_taken":0,"max_hp_gain":0,"max_hp_loss":0,"event_name":"Golden Shrine","floor":37,"gold_loss":0}],"is_beta":false,"boss_relics":[{"not_picked":["Busted Crown","Calling Bell"],"picked":"Runic Pyramid"},{"not_picked":["Velvet Choker","SlaversCollar"],"picked":"Sozu"}],"items_purged_floors":[8,11,19,22,38],"is_endless":false,"potions_floor_spawned":[4,7,12,27,33],"ascension_level":0}}