{"host":"f5gffvlv6a66yqkd","time":1612588648,"event":{"mods":["2.2 Compatiblity","BaseMod","Colored Map","Custom Start","DeckTracker","Keyboard Shortcuts","Minty Spire (QoL Compilation)","Permanent Neow","Quick Restart","Relic Stats","StSLib","SuperFastMode"],"gold_per_floor":[116,116,128,128,146,180,180,192,217,217,236,280,280,20,20,118,118,143,143,163,163,182,182,225,225,225,275,275,291,291,305,305,305,305],"floor_reached":33,"language":"KOR","playtime":734,"items_purged":[],"score":550,"play_id":"317ad1be-f5a2-476c-87be-bfe419ce6e70","local_time":"20210206141728","is_ascension_mode":true,"campfire_choices":[{"data":"Bludgeon","floor":7.0,"key":"SMITH"},{"data":"Armaments","floor":13.0,"key":"SMITH"},{"floor":15.0,"key":"REST"},{"floor":23.0,"key":"REST"},{"data":"Battle Trance","floor":25.0,"key":"SMITH"},{"data":"Body Slam","floor":28.0,"key":"SMITH"},{"floor":30.0,"key":"REST"},{"floor":32,"key":"REST"}],"circlet_count":0,"master_deck":["AscendersBane","Strike_R","Strike_R","Strike_R+1","Strike_R+1","Strike_R","Defend_R+1","Defend_R","Defend_R+1","Defend_R","Bash","Bludgeon+1","Bloodletting","Armaments+1","Dual Wield","Clothesline","Battle Trance+1","Ghostly Armor","Disarm","Shrug It Off","Double Tap+1","Shockwave","Havoc","Body Slam+1","Dropkick","Shockwave","Intimidate"],"relics":["Burning Blood","Orichalcum","Dream Catcher","Golden Idol","Whetstone","OrangePellets","Philosopher\u0027s Stone","Bottled Lightning","White Beast Statue","Ancient Tea Set"],"acts_visited":["Exordium","TheCity"],"potions_floor_usage":[33,33],"damage_taken":[{"damage":7.0,"enemies":"2 Louse","floor":1.0,"turns":3.0},{"damage":7.0,"enemies":"Jaw Worm","floor":3.0,"turns":2.0},{"damage":3.0,"enemies":"Small Slimes","floor":5.0,"turns":2.0},{"damage":25.0,"enemies":"Gremlin Nob","floor":6.0,"turns":4.0},{"damage":2.0,"enemies":"Blue Slaver","floor":8.0,"turns":2.0},{"damage":4.0,"enemies":"Red Slaver","floor":11.0,"turns":3.0},{"damage":16.0,"enemies":"Lagavulin","floor":12.0,"turns":6.0},{"damage":31.0,"enemies":"The Guardian","floor":16.0,"turns":13.0},{"damage":20.0,"enemies":"3 Byrds","floor":18.0,"turns":3.0},{"damage":4.0,"enemies":"Chosen","floor":20.0,"turns":3.0},{"damage":17.0,"enemies":"Snecko","floor":22.0,"turns":6.0},{"damage":36.0,"enemies":"Slavers","floor":24.0,"turns":5.0},{"damage":0.0,"enemies":"Snake Plant","floor":29.0,"turns":2.0},{"damage":17,"enemies":"3 Cultists","floor":31,"turns":5},{"damage":63,"enemies":"Automaton","floor":33,"turns":8}],"seed_played":"-2413661682389523177","potions_obtained":[{"floor":5.0,"key":"FearPotion"},{"floor":6.0,"key":"LiquidBronze"},{"floor":8.0,"key":"LiquidMemories"},{"floor":18.0,"key":"Strength Potion"},{"floor":29.0,"key":"Explosive Potion"},{"floor":31,"key":"LiquidBronze"}],"is_trial":false,"path_per_floor":["M","?","M","?","M","E","R","M","T","?","M","E","R","$","R","B",null,"M","?","M","?","M","R","E","R","T","T","R","M","R","M","R","B"],"character_chosen":"IRONCLAD","items_purchased":["OrangePellets","Disarm"],"campfire_rested":4,"item_purchase_floors":[14,14],"current_hp_per_floor":[67,44,43,48,51,32,32,36,36,36,38,28,28,28,49,24,60,46,46,48,48,37,58,28,28,28,28,28,34,55,44,65,2,2],"gold":305,"neow_bonus":"ONE_RANDOM_RARE_CARD","is_daily":false,"chose_seed":false,"campfire_upgraded":4,"win_rate":0.0,"timestamp":1612588648,"path_taken":["M","?","M","?","M","E","R","M","T","?","M","E","R","?","R","BOSS","M","?","M","?","?","R","E","R","T","?","R","?","R","M","R","BOSS"],"items_purchased_type":["Relic","Card"],"build_version":"2020-12-22","purchased_purges":0,"victory":false,"max_hp_per_floor":[75,75,75,80,80,80,80,80,80,72,72,72,72,72,72,72,72,72,72,72,72,72,72,72,72,72,72,72,72,72,72,72,72,72],"relic_stats":{"OrangePellets":[0],"Dream Catcher":4,"counters":[15,67],"Golden Idol":74,"Whetstone":["Strike_R","Strike_R"],"Orichalcum":[102],"obtain_stats":[{"OrangePellets":14,"Dream Catcher":9,"Golden Idol":10,"Philosopher\u0027s Stone":17,"Whetstone":12,"Bottled Lightning":24,"Orichalcum":6,"Ancient Tea Set":27,"Burning Blood":0,"White Beast Statue":26},{"OrangePellets":7,"Dream Catcher":5,"Golden Idol":5,"Philosopher\u0027s Stone":8,"Whetstone":7,"Bottled Lightning":12,"Orichalcum":4,"Ancient Tea Set":12,"Burning Blood":0,"White Beast Statue":12},{"OrangePellets":22,"Dream Catcher":13,"Golden Idol":13,"Philosopher\u0027s Stone":35,"Whetstone":22,"Bottled Lightning":52,"Orichalcum":11,"Ancient Tea Set":52,"Burning Blood":0,"White Beast Statue":52}],"Burning Blood":84},"card_choices":[{"not_picked":["Havoc","Spot Weakness","Combust"],"picked":"SKIP","floor":1.0},{"not_picked":["Hemokinesis","Thunderclap"],"picked":"Bloodletting","floor":3.0},{"not_picked":["Clash","Inflame"],"picked":"Armaments","floor":5.0},{"not_picked":["True Grit","Sword Boomerang"],"picked":"Dual Wield","floor":6.0},{"not_picked":["Cleave","Twin Strike"],"picked":"Clothesline","floor":8.0},{"not_picked":["Clash","Iron Wave"],"picked":"Battle Trance","floor":11.0},{"not_picked":["Iron Wave","Reckless Charge"],"picked":"Ghostly Armor","floor":12.0},{"not_picked":["Clothesline","Reaper"],"picked":"Shrug It Off","floor":15.0},{"not_picked":["Fiend Fire","Offering"],"picked":"Double Tap","floor":16.0},{"not_picked":["Heavy Blade","Headbutt"],"picked":"Shockwave","floor":18.0},{"not_picked":["Pommel Strike","Inflame","Pummel"],"picked":"SKIP","floor":20.0},{"not_picked":["Whirlwind","Spot Weakness","Anger+1"],"picked":"SKIP","floor":22.0},{"not_picked":["Pummel","Thunderclap"],"picked":"Havoc","floor":23.0},{"not_picked":["Brutality","Iron Wave+1"],"picked":"Body Slam","floor":24.0},{"not_picked":["Flex","Carnage"],"picked":"Dropkick","floor":29.0},{"not_picked":["Burning Pact","Heavy Blade"],"picked":"Shockwave","floor":30.0},{"not_picked":["Thunderclap","Rupture","Searing Blow"],"picked":"SKIP","floor":31},{"not_picked":["Combust","Fire Breathing"],"picked":"Intimidate","floor":32}],"player_experience":1663943,"relics_obtained":[{"floor":6.0,"key":"Orichalcum"},{"floor":9.0,"key":"Dream Catcher"},{"floor":12.0,"key":"Whetstone"},{"floor":24.0,"key":"Bottled Lightning"},{"floor":26.0,"key":"White Beast Statue"},{"floor":27.0,"key":"Ancient Tea Set"}],"event_choices":[{"damage_healed":0.0,"max_hp_gain":0.0,"max_hp_loss":0.0,"gold_gain":0.0,"event_name":"Shining Light","player_choice":"Entered Light","floor":2.0,"gold_loss":0.0,"damage_taken":23.0,"cards_upgraded":["Defend_R","Defend_R"]},{"damage_healed":0.0,"max_hp_gain":5.0,"max_hp_loss":0.0,"gold_gain":0.0,"event_name":"Big Fish","player_choice":"Donut","floor":4.0,"gold_loss":0.0,"damage_taken":0.0},{"damage_healed":0.0,"max_hp_gain":0.0,"max_hp_loss":8.0,"gold_gain":0.0,"event_name":"Golden Idol","player_choice":"Lose Max HP","floor":10.0,"gold_loss":0.0,"damage_taken":0.0,"relics_obtained":["Golden Idol"]},{"damage_healed":0.0,"max_hp_gain":0.0,"max_hp_loss":0.0,"gold_gain":0.0,"event_name":"The Mausoleum","player_choice":"Ignored","floor":19.0,"gold_loss":0.0,"damage_taken":0.0},{"damage_healed":0.0,"max_hp_gain":0.0,"max_hp_loss":0.0,"gold_gain":0.0,"event_name":"Upgrade Shrine","player_choice":"Upgraded","floor":21.0,"gold_loss":0.0,"damage_taken":0.0,"cards_upgraded":["Double Tap"]}],"is_beta":false,"boss_relics":[{"not_picked":["Busted Crown","Black Blood"],"picked":"Philosopher\u0027s Stone"}],"items_purged_floors":[],"is_endless":false,"potions_floor_spawned":[5,6,8,12,18,29,31],"killed_by":"Automaton","ascension_level":20}}