{"host":"Areaser","time":1612637091,"event":{"mods":["AchievementEnabler","BaseMod","BetterRewards","Colored Map","Hubris","Infinite Spire","Minty Spire (QoL Compilation)","Replay The Spire","StSLib","The Animator","The Bug Knight","The Cursed","The Disciple","The Necromancer","The Servant 0.9.4"],"gold_per_floor":[118,293,191,191,208,242,253,253,276,99,109,109,120,42,42,138,138,148,23,43,43,53,53,53,53],"floor_reached":24,"language":"ENG","playtime":1871,"items_purged":["Doubt","Strike_G","Sickly"],"score":221,"play_id":"7d71b7ea-6541-4ce0-848e-2c3b6985f0a1","local_time":"20210206194451","is_ascension_mode":false,"campfire_choices":[{"data":"Poisoned Stab","floor":8,"key":"SMITH"},{"data":"Catalyst","floor":15,"key":"SMITH"},{"data":"ReplayTheSpireMod:Necrosis","floor":23,"key":"SMITH"}],"circlet_count":0,"master_deck":["Strike_G","Strike_G","Strike_G","Defend_G","Defend_G","Defend_G","Defend_G","Defend_G","Survivor","Neutralize","Backflip","Poisoned Stab","Poisoned Stab","Poisoned Stab+1","Footwork","Replay:Poison Smokescreen","Catalyst+1","ReplayTheSpireMod:Necrosis+1","Sickly","ReplayTheSpireMod:Splinters","Prepared","Acrobatics+1","Shame"],"relics":["Ring of the Snake","NeowsBlessing","infinitespire:BottledMercury","Replay:Towering Pillar of Hats","hubris:ToyBattleship","Replay:Ancient Bell","Potion Belt","infinitespire:FocusingShard","Ice Cream","hubris:AncientText"],"acts_visited":["Exordium","TheCity"],"potions_floor_usage":[16,18],"damage_taken":[{"damage":0,"enemies":"2 Louse","floor":1,"turns":1},{"damage":0,"enemies":"Small Slimes","floor":5,"turns":1},{"damage":0,"enemies":"Replay:BlueRogue","floor":6,"turns":1},{"damage":10,"enemies":"infinitespire:Voidling","floor":7,"turns":4},{"damage":0,"enemies":"2 Fungi Beasts","floor":11,"turns":4},{"damage":3,"enemies":"Exordium Wildlife","floor":13,"turns":4},{"damage":16,"enemies":"Fading Forest","floor":16,"turns":11},{"damage":27,"enemies":"2 Thieves","floor":18,"turns":5},{"damage":2,"enemies":"Chosen","floor":20,"turns":5},{"damage":0,"enemies":"Snecko","floor":22,"turns":6},{"damage":52,"enemies":"3 Cultists","floor":24,"turns":5}],"seed_played":"-2510189830291756220","potions_obtained":[{"floor":11,"key":"Poison Potion"},{"floor":13,"key":"SpeedPotion"},{"floor":16,"key":"SteroidPotion"},{"floor":20,"key":"FearPotion"}],"is_trial":false,"path_per_floor":["M","?","$","?","M","E","M","R","T","$","M","?","M","$","R","B",null,"M","$","M","?","M","R","M"],"character_chosen":"THE_SILENT","items_purchased":["Slice","Footwork","Catalyst"],"campfire_rested":0,"item_purchase_floors":[3,10,14],"current_hp_per_floor":[70,70,70,70,70,70,69,69,69,69,69,69,66,66,66,50,70,43,43,41,41,41,41,0,0],"gold":53,"neow_bonus":"THREE_ENEMY_KILL","is_daily":false,"chose_seed":false,"campfire_upgraded":3,"win_rate":0.0,"timestamp":1612637091,"path_taken":["M","?","$","?","?","E","M","R","T","$","M","?","M","?","R","BOSS","M","$","M","?","M","R","M"],"items_purchased_type":["Card","Card","Card"],"build_version":"2020-12-18","purchased_purges":3,"victory":false,"max_hp_per_floor":[70,70,70,70,70,70,70,70,70,70,70,70,70,70,70,70,70,70,70,70,70,70,70,70,70],"card_choices":[{"not_picked":["ReplayTheSpireMod:Speed Training","Bane"],"picked":"Backflip","floor":1},{"not_picked":["hubris:TrickCloak","Dodge and Roll"],"picked":"Poisoned Stab","floor":5},{"not_picked":["Sucker Punch","hubris:TrickCloak"],"picked":"Poisoned Stab","floor":6},{"not_picked":["hubris:Sniper","Flechettes"],"picked":"Poisoned Stab","floor":7},{"not_picked":["Outmaneuver","ReplayTheSpireMod:From All Sides"],"picked":"Replay:Poison Smokescreen","floor":11},{"not_picked":["Sneak Up","PiercingWail","Sucker Punch"],"picked":"SKIP","floor":13},{"not_picked":["Adrenaline","ReplayTheSpireMod:From All Sides"],"picked":"ReplayTheSpireMod:Necrosis","floor":16},{"not_picked":["hubris:Wrath","hubris:Compulsion"],"picked":"Sickly","floor":17},{"not_picked":["Normality","Hallucinations"],"picked":"Sickly","floor":17},{"not_picked":["animator:Curse_Greed","hubris:Disease"],"picked":"ReplayTheSpireMod:Splinters","floor":17},{"not_picked":["Distraction","Dagger Throw"],"picked":"Prepared","floor":18},{"not_picked":["ReplayTheSpireMod:Exploit Weakness","hubris:TrickCloak+1"],"picked":"Acrobatics+1","floor":20},{"not_picked":["Blur+1","ReplayTheSpireMod:Necrosis","Hidden Blade+1"],"picked":"SKIP","floor":22}],"player_experience":9149,"relics_obtained":[{"floor":6,"key":"Replay:Towering Pillar of Hats"},{"floor":9,"key":"hubris:ToyBattleship"}],"event_choices":[{"damage_healed":0,"gold_gain":175,"player_choice":"AGREE","damage_taken":0,"max_hp_gain":0,"max_hp_loss":0,"event_name":"Liars Game","floor":2,"gold_loss":0,"cards_obtained":["Doubt"]},{"cards_removed":["Slice"],"damage_healed":0,"gold_gain":0,"player_choice":"Gave Card","damage_taken":0,"relics_obtained":["infinitespire:BottledMercury"],"max_hp_gain":0,"max_hp_loss":0,"event_name":"WeMeetAgain","floor":4,"gold_loss":0},{"cards_removed":["Strike_G"],"damage_healed":0,"gold_gain":0,"player_choice":"Forget","damage_taken":0,"max_hp_gain":0,"max_hp_loss":0,"event_name":"Living Wall","floor":12,"gold_loss":0},{"damage_healed":0,"gold_gain":0,"player_choice":"Stole Relic","damage_taken":0,"relics_obtained":["hubris:AncientText"],"max_hp_gain":0,"max_hp_loss":0,"event_name":"Addict","floor":21,"gold_loss":0,"cards_obtained":["Shame"]}],"is_beta":true,"boss_relics":[{"not_picked":["HoveringKite","hubris:Backtick"],"picked":"Replay:Ancient Bell"},{"not_picked":["Replay:Rubber Ducky","Bag of Preparation"],"picked":"Potion Belt"},{"not_picked":["Frozen Egg 2","Replay:Bottled Snecko"],"picked":"infinitespire:FocusingShard"},{"not_picked":["hubris:GlazedTorus","Old Coin"],"picked":"Ice Cream"}],"items_purged_floors":[3,10,19],"is_endless":false,"potions_floor_spawned":[11,13,16,20],"killed_by":"3 Cultists","ascension_level":0}}