{"host":"f5gffvlv6a66yqkd","time":1612634515,"event":{"mods":["2.2 Compatiblity","BaseMod","Colored Map","Custom Start","DeckTracker","Keyboard Shortcuts","Minty Spire (QoL Compilation)","Permanent Neow","Quick Restart","Relic Stats","StSLib","SuperFastMode"],"gold_per_floor":[113,133,133,8,8,44,44,84,84,84,84,100,100,113,113,209,209,224,224,238,163,163,163],"floor_reached":22,"language":"KOR","playtime":339,"items_purged":[],"score":434,"play_id":"6b5ce43a-533d-4652-9b71-09f0f1db59a2","local_time":"20210207030155","is_ascension_mode":true,"campfire_choices":[{"floor":11.0,"key":"REST"},{"data":"Defragment","floor":13.0,"key":"SMITH"},{"data":"Biased Cognition","floor":15.0,"key":"SMITH"}],"circlet_count":0,"master_deck":["AscendersBane","Strike_B","Defend_B","Defend_B","Defend_B","Defend_B","Zap","Dualcast+1","Streamline+1","Undo","Defragment+1","FTL","Ball Lightning+1","Coolheaded","Cold Snap+1","Biased Cognition+1","Fission","Turbo+1","All For One+1","Creative AI+1","White Noise+1","Defragment"],"relics":["Cracked Core","NeowsBlessing","Golden Idol","Molten Egg 2","MealTicket","Regal Pillow","Astrolabe","Art of War"],"acts_visited":["Exordium","TheCity"],"potions_floor_usage":[],"damage_taken":[{"damage":0.0,"enemies":"Cultist","floor":1.0,"turns":1.0},{"damage":0.0,"enemies":"2 Louse","floor":2.0,"turns":1.0},{"damage":0.0,"enemies":"Lagavulin","floor":6.0,"turns":1.0},{"damage":4.0,"enemies":"3 Sentries","floor":8.0,"turns":4.0},{"damage":2.0,"enemies":"Jaw Worm","floor":12.0,"turns":2.0},{"damage":0.0,"enemies":"Looter","floor":14.0,"turns":2.0},{"damage":1.0,"enemies":"Slime Boss","floor":16.0,"turns":5.0},{"damage":6.0,"enemies":"3 Byrds","floor":18.0,"turns":5.0},{"damage":23.0,"enemies":"Shell Parasite","floor":20.0,"turns":4.0},{"damage":50,"enemies":"Masked Bandits","floor":22,"turns":3}],"seed_played":"-4404654512113408021","potions_obtained":[{"floor":1.0,"key":"ColorlessPotion"},{"floor":6.0,"key":"Explosive Potion"},{"floor":14.0,"key":"AttackPotion"},{"floor":16.0,"key":"AttackPotion"}],"is_trial":false,"path_per_floor":["M","M","?","$","?","E","?","E","T","?","R","M","R","M","R","B",null,"M","?","M","?","?"],"character_chosen":"DEFECT","items_purchased":["Defragment","FTL"],"campfire_rested":1,"item_purchase_floors":[4,4],"current_hp_per_floor":[64,64,40,40,19,19,19,15,15,20,57,55,55,55,55,54,71,65,65,42,42,0,0],"gold":163,"neow_bonus":"THREE_ENEMY_KILL","is_daily":false,"chose_seed":false,"campfire_upgraded":2,"win_rate":0.0,"timestamp":1612634515,"path_taken":["M","?","?","$","?","E","?","E","T","?","R","M","R","M","R","BOSS","M","?","M","?","?"],"items_purchased_type":["Card","Card"],"build_version":"2020-12-22","purchased_purges":0,"victory":false,"max_hp_per_floor":[71,71,71,71,71,71,71,71,71,76,76,76,76,76,76,76,76,76,76,76,76,76,76],"relic_stats":{"Regal Pillow":15,"counters":[10,28],"Golden Idol":53,"Astrolabe":["Turbo","All For One","Creative AI"],"MealTicket":0,"Art of War":[2],"obtain_stats":[{"Regal Pillow":9,"NeowsBlessing":0,"Golden Idol":3,"Astrolabe":17,"Molten Egg 2":6,"MealTicket":8,"Art of War":19,"Cracked Core":0},{"Regal Pillow":4,"NeowsBlessing":0,"Golden Idol":2,"Astrolabe":7,"Molten Egg 2":3,"MealTicket":4,"Art of War":8,"Cracked Core":0},{"Regal Pillow":7,"NeowsBlessing":0,"Golden Idol":2,"Astrolabe":16,"Molten Egg 2":3,"MealTicket":7,"Art of War":21,"Cracked Core":0}]},"card_choices":[{"not_picked":["Reprogram","Auto Shields"],"picked":"Streamline","floor":1.0},{"not_picked":["Cold Snap","Fusion"],"picked":"Undo","floor":2.0},{"not_picked":["Steam","Fusion"],"picked":"Ball Lightning+1","floor":6.0},{"not_picked":["Gash+1","Capacitor"],"picked":"Coolheaded","floor":8.0},{"not_picked":["Recycle","Leap"],"picked":"Cold Snap+1","floor":12.0},{"not_picked":["Defragment","Rebound+1"],"picked":"Biased Cognition","floor":14.0},{"not_picked":["Buffer","Hyperbeam+1"],"picked":"Fission","floor":16.0},{"not_picked":["BootSequence","Streamline+1"],"picked":"White Noise+1","floor":18.0},{"not_picked":["Storm","Compile Driver+1"],"picked":"Defragment","floor":20.0}],"player_experience":1689749,"relics_obtained":[{"floor":6.0,"key":"Molten Egg 2"},{"floor":8.0,"key":"MealTicket"},{"floor":9.0,"key":"Regal Pillow"}],"event_choices":[{"damage_healed":0.0,"max_hp_gain":0.0,"max_hp_loss":0.0,"gold_gain":0.0,"event_name":"Golden Idol","player_choice":"Take Damage","floor":3.0,"gold_loss":0.0,"damage_taken":24.0,"relics_obtained":["Golden Idol"]},{"damage_healed":0.0,"max_hp_gain":0.0,"max_hp_loss":0.0,"gold_gain":0.0,"event_name":"Shining Light","player_choice":"Entered Light","floor":5.0,"gold_loss":0.0,"damage_taken":21.0,"cards_upgraded":["Dualcast","Streamline"]},{"damage_healed":0.0,"max_hp_gain":0.0,"max_hp_loss":0.0,"gold_gain":0.0,"event_name":"Scrap Ooze","player_choice":"Fled","floor":7.0,"gold_loss":0.0,"damage_taken":0.0},{"damage_healed":0.0,"max_hp_gain":5.0,"max_hp_loss":0.0,"gold_gain":0.0,"event_name":"Big Fish","player_choice":"Donut","floor":10.0,"gold_loss":0.0,"damage_taken":0.0},{"damage_healed":0.0,"max_hp_gain":0.0,"max_hp_loss":0.0,"gold_gain":0.0,"event_name":"The Mausoleum","player_choice":"Opened","floor":19.0,"gold_loss":0.0,"damage_taken":0.0,"relics_obtained":["Art of War"],"cards_obtained":["Writhe"]},{"cards_removed":["Writhe"],"damage_healed":0.0,"max_hp_gain":0.0,"max_hp_loss":0.0,"gold_gain":0.0,"event_name":"Beggar","player_choice":"Gave Gold","floor":21.0,"gold_loss":75.0,"damage_taken":0.0},{"damage_healed":0,"gold_gain":0,"player_choice":"Fought Bandits","damage_taken":0,"max_hp_gain":0,"max_hp_loss":0,"event_name":"Masked Bandits","floor":22,"gold_loss":0}],"is_beta":false,"boss_relics":[{"not_picked":["Sozu","Runic Pyramid"],"picked":"Astrolabe"}],"items_purged_floors":[],"is_endless":false,"potions_floor_spawned":[1,6,14,16],"killed_by":"Masked Bandits","ascension_level":20}}