{"host":"sav7uxregyirlf69","time":1612618221,"event":{"mods":["AchievementEnabler","BaseMod","Colored Map","DeckTracker","Keyboard Shortcuts","Minty Spire (QoL Compilation)","READ ME - Guardian Mod","StSLib","SuperFastMode"],"gold_per_floor":[118,43,43,43,53,79,1,36,88,88,88],"floor_reached":10,"language":"KOR","playtime":133,"items_purged":["Strike_G"],"score":198,"play_id":"34b623d7-10a8-4ee7-b9ce-d266757f01f7","local_time":"20210206223021","is_ascension_mode":true,"campfire_choices":[],"circlet_count":0,"master_deck":["AscendersBane","Strike_G","Strike_G","Strike_G","Strike_G","Defend_G","Defend_G","Defend_G","Defend_G","Defend_G","Survivor","Neutralize","Blade Dance","Reflex","Predator"],"relics":["Ring of the Snake","NeowsBlessing","Omamori","Sundial","Regal Pillow"],"acts_visited":["Exordium"],"potions_floor_usage":[8],"damage_taken":[{"damage":0.0,"enemies":"Small Slimes","floor":1.0,"turns":1.0},{"damage":0.0,"enemies":"Jaw Worm","floor":5.0,"turns":1.0},{"damage":0.0,"enemies":"Gremlin Nob","floor":6.0,"turns":1.0},{"damage":19,"enemies":"3 Sentries","floor":8,"turns":10},{"damage":59,"enemies":"Lagavulin","floor":10,"turns":7}],"seed_played":"-8453959138591451935","potions_obtained":[{"floor":5.0,"key":"Energy Potion"}],"is_trial":false,"path_per_floor":["M","$","?","?","M","E","$","E","T","E"],"character_chosen":"THE_SILENT","items_purchased":["Predator"],"campfire_rested":0,"item_purchase_floors":[7],"current_hp_per_floor":[59,59,64,64,64,64,64,45,45,0,0],"gold":88,"neow_bonus":"THREE_ENEMY_KILL","is_daily":false,"chose_seed":false,"campfire_upgraded":0,"win_rate":0.0,"timestamp":1612618221,"path_taken":["M","$","?","?","?","E","$","E","T","E"],"items_purchased_type":["Card"],"build_version":"2020-12-22","purchased_purges":1,"victory":false,"max_hp_per_floor":[66,66,71,71,71,71,71,71,71,71,71],"card_choices":[{"not_picked":["Deflect","Backflip"],"picked":"Eviscerate","floor":1.0},{"not_picked":["Deadly Poison","Caltrops"],"picked":"Blade Dance","floor":5.0},{"not_picked":["Backflip","Wraith Form v2"],"picked":"Reflex","floor":6},{"not_picked":["Cloak And Dagger","Deadly Poison","Underhanded Strike"],"picked":"SKIP","floor":8}],"player_experience":1511764,"relics_obtained":[{"floor":8,"key":"Sundial"},{"floor":9,"key":"Regal Pillow"}],"event_choices":[{"damage_healed":0.0,"max_hp_gain":5.0,"max_hp_loss":0.0,"gold_gain":0.0,"event_name":"Big Fish","player_choice":"Donut","floor":3.0,"gold_loss":0.0,"damage_taken":0.0},{"cards_removed":["Eviscerate"],"damage_healed":0.0,"max_hp_gain":0.0,"max_hp_loss":0.0,"gold_gain":0.0,"event_name":"WeMeetAgain","player_choice":"Gave Card","floor":4.0,"gold_loss":0.0,"damage_taken":0.0,"relics_obtained":["Omamori"]}],"is_beta":false,"boss_relics":[],"items_purged_floors":[2],"is_endless":false,"potions_floor_spawned":[5],"killed_by":"Lagavulin","ascension_level":20}}