{"host":"4mtkxmludbi9f02d","time":1612572334,"event":{"mods":["BaseMod","Minty Spire (QoL Compilation)","StSLib"],"gold_per_floor":[363,383,383,383,234,234,275,293,318,332,72,97,97,97,97,228,228,253,271,289,289,307,307,6,41,41,41,41,41,41,77,77,207,207,220,220,77,102,102,435,435,435,435,435,283,283,283],"floor_reached":46,"language":"ENG","playtime":2114,"items_purged":[],"score":577,"play_id":"9122d9ed-2073-4991-8ac9-389ec7a875ec","local_time":"20210205204534","is_ascension_mode":true,"campfire_choices":[{"floor":6,"key":"REST"},{"floor":13,"key":"REST"},{"floor":15,"key":"REST"},{"floor":23,"key":"REST"},{"floor":27,"key":"REST"},{"floor":28,"key":"REST"},{"floor":32,"key":"REST"},{"floor":42,"key":"REST"},{"data":"ForeignInfluence","floor":44,"key":"SMITH"}],"circlet_count":0,"master_deck":["Strike_P","Strike_P","Defend_P","Defend_P","Defend_P","Defend_P","Eruption","Vigilance","BattleHymn","ForeignInfluence+1","ClearTheMind","Prostrate","WindmillStrike","Pray","WaveOfTheHand","Brilliance","TalkToTheHand"],"relics":["PureWater","Vajra","Orichalcum","Omamori","Singing Bowl","WarpedTongs","Calling Bell","Dream Catcher","StrikeDummy","Ice Cream","Sling","Boot","WingedGreaves","Ornamental Fan","MealTicket","Centennial Puzzle","VioletLotus","OrangePellets","Lantern","Bag of Preparation"],"acts_visited":["Exordium","TheCity","TheBeyond"],"potions_floor_usage":[7,12,20,20,25,25],"damage_taken":[{"damage":7,"enemies":"Cultist","floor":1,"turns":3},{"damage":3,"enemies":"Jaw Worm","floor":2,"turns":3},{"damage":23,"enemies":"Gremlin Nob","floor":7,"turns":5},{"damage":0,"enemies":"2 Louse","floor":8,"turns":3},{"damage":12,"enemies":"Gremlin Gang","floor":10,"turns":4},{"damage":0,"enemies":"Looter","floor":12,"turns":4},{"damage":0,"enemies":"Slime Boss","floor":16,"turns":5},{"damage":18,"enemies":"Shell Parasite","floor":18,"turns":4},{"damage":17,"enemies":"3 Byrds","floor":19,"turns":6},{"damage":20,"enemies":"Centurion and Healer","floor":20,"turns":4},{"damage":15,"enemies":"Snake Plant","floor":22,"turns":3},{"damage":23,"enemies":"Slavers","floor":25,"turns":4},{"damage":21,"enemies":"Book of Stabbing","floor":31,"turns":6},{"damage":54,"enemies":"Collector","floor":33,"turns":8},{"damage":25,"enemies":"Orb Walker","floor":35,"turns":5},{"damage":12,"enemies":"3 Shapes","floor":38,"turns":4},{"damage":98,"enemies":"Reptomancer","floor":46,"turns":5}],"seed_played":"7131711031464514522","potions_obtained":[{"floor":2,"key":"EssenceOfSteel"},{"floor":7,"key":"Explosive Potion"},{"floor":8,"key":"Swift Potion"},{"floor":19,"key":"BottledMiracle"},{"floor":20,"key":"BottledMiracle"},{"floor":22,"key":"Strength Potion"}],"is_trial":false,"path_per_floor":["M","M","?","?","$","R","E","M","T","M","$","M","R","?","R","B",null,"M","M","M","?","M","R","$","E","T","R","R","?","$","E","R","B",null,"M","?","$","M","$","?","?","R","T","R","$","E"],"character_chosen":"WATCHER","items_purchased":["Vajra","Singing Bowl","Sling","Boot","OrangePellets","Bag of Preparation"],"campfire_rested":8,"item_purchase_floors":[5,11,24,24,37,45],"current_hp_per_floor":[44,41,41,23,23,44,21,21,21,9,9,11,33,33,55,57,76,58,41,23,23,10,34,34,13,13,39,66,66,81,62,90,36,90,67,67,82,72,87,87,87,94,94,94,94,0,0],"gold":283,"neow_bonus":"TWO_FIFTY_GOLD","is_daily":false,"chose_seed":false,"campfire_upgraded":1,"win_rate":0.0,"timestamp":1612572334,"path_taken":["M","M","?","?","$","R","E","M","T","?","?","M","R","?","R","BOSS","M","M","?","?","M","R","$","E","T","R","R","?","?","E","R","BOSS","M","?","$","?","$","?","?","R","T","R","?","E"],"items_purchased_type":["Relic","Relic","Relic","Relic","Relic","Relic"],"build_version":"2020-12-22","purchased_purges":0,"victory":false,"max_hp_per_floor":[72,72,72,72,72,72,72,72,72,72,72,74,74,74,74,76,76,76,76,78,78,80,80,80,82,82,84,86,86,86,88,90,90,90,92,92,92,94,94,94,94,94,94,94,94,94,94],"card_choices":[{"not_picked":["FlyingSleeves","Protect"],"picked":"BattleHymn","floor":1},{"not_picked":["CarveReality","Crescendo"],"picked":"ForeignInfluence","floor":2},{"not_picked":["JustLucky","WheelKick"],"picked":"ClearTheMind","floor":7},{"not_picked":["ThirdEye","WindmillStrike"],"picked":"Scrawl","floor":8},{"not_picked":["DeceiveReality","Crescendo"],"picked":"Prostrate","floor":10},{"not_picked":["Adaptation","ClearTheMind","FollowUp"],"picked":"Singing Bowl","floor":12},{"not_picked":["Ragnarok","Blasphemy","Vault"],"picked":"Singing Bowl","floor":16},{"not_picked":["Sanctity","WheelKick"],"picked":"WindmillStrike","floor":18},{"not_picked":["WindmillStrike","Vengeance"],"picked":"Pray","floor":19},{"not_picked":["Halt","Consecrate","SandsOfTime"],"picked":"Singing Bowl","floor":20},{"not_picked":["CrushJoints","EmptyFist","PathToVictory"],"picked":"Singing Bowl","floor":22},{"not_picked":["WheelKick","Collect"],"picked":"WaveOfTheHand","floor":23},{"not_picked":["InnerPeace","WaveOfTheHand","Evaluate"],"picked":"Singing Bowl","floor":25},{"not_picked":["Consecrate","Conclude","ClearTheMind+1"],"picked":"Singing Bowl","floor":27},{"not_picked":["CrushJoints","JustLucky+1","FlurryOfBlows"],"picked":"Singing Bowl","floor":28},{"not_picked":["EmptyMind","Vengeance","WaveOfTheHand"],"picked":"Singing Bowl","floor":31},{"not_picked":["BattleHymn","SashWhip","Consecrate"],"picked":"Singing Bowl","floor":32},{"not_picked":["SpiritShield","Ragnarok"],"picked":"Brilliance","floor":33},{"not_picked":["Consecrate+1","CrushJoints","SignatureMove+1"],"picked":"Singing Bowl","floor":35},{"not_picked":["CrushJoints+1","Adaptation","ClearTheMind+1"],"picked":"Singing Bowl","floor":38},{"not_picked":["Crescendo+1","EmptyBody"],"picked":"TalkToTheHand","floor":42}],"player_experience":263014,"relics_obtained":[{"floor":7,"key":"Orichalcum"},{"floor":9,"key":"Omamori"},{"floor":17,"key":"Dream Catcher"},{"floor":17,"key":"StrikeDummy"},{"floor":17,"key":"Ice Cream"},{"floor":25,"key":"WingedGreaves"},{"floor":26,"key":"Ornamental Fan"},{"floor":31,"key":"Centennial Puzzle"},{"floor":43,"key":"Lantern"}],"event_choices":[{"cards_removed":["Strike_P"],"damage_healed":0,"gold_gain":0,"player_choice":"Forget","damage_taken":0,"max_hp_gain":0,"max_hp_loss":0,"event_name":"Living Wall","floor":3,"gold_loss":0},{"damage_healed":0,"gold_gain":0,"player_choice":"Take Damage","damage_taken":18,"relics_obtained":["Golden Idol"],"max_hp_gain":0,"max_hp_loss":0,"event_name":"Golden Idol","floor":4,"gold_loss":0},{"damage_healed":0,"gold_gain":0,"player_choice":"Rummage","damage_taken":0,"relics_obtained":["WarpedTongs"],"max_hp_gain":0,"max_hp_loss":0,"event_name":"Accursed Blacksmith","floor":14,"gold_loss":0,"cards_obtained":["Pain"]},{"damage_healed":0,"gold_gain":0,"player_choice":"Ignored","damage_taken":0,"max_hp_gain":0,"max_hp_loss":0,"event_name":"Vampires","floor":21,"gold_loss":0},{"damage_healed":0,"gold_gain":0,"player_choice":"Opened","damage_taken":0,"relics_obtained":["MealTicket"],"max_hp_gain":0,"max_hp_loss":0,"event_name":"The Mausoleum","floor":29,"gold_loss":0},{"cards_removed":["Scrawl"],"damage_healed":0,"gold_gain":0,"player_choice":"Purged","damage_taken":0,"max_hp_gain":0,"max_hp_loss":0,"event_name":"Purifier","floor":36,"gold_loss":0},{"damage_healed":0,"gold_gain":333,"player_choice":"Gave Idol","damage_taken":0,"max_hp_gain":0,"max_hp_loss":0,"event_name":"The Moai Head","floor":40,"relics_lost":["Golden Idol"],"gold_loss":0},{"cards_removed":["Strike_P"],"damage_healed":0,"gold_gain":0,"player_choice":"Removed Attack","damage_taken":0,"max_hp_gain":0,"max_hp_loss":0,"event_name":"Falling","floor":41,"gold_loss":0}],"is_beta":false,"boss_relics":[{"not_picked":["Black Star","Sozu"],"picked":"Calling Bell"},{"not_picked":["HolyWater","Runic Pyramid"],"picked":"VioletLotus"}],"items_purged_floors":[],"is_endless":false,"potions_floor_spawned":[2,7,8,19,20,22],"killed_by":"Reptomancer","ascension_level":1}}