{"host":"og2dufvjgkards7m","time":1612575984,"event":{"mods":["AchievementEnabler","BaseMod","Better Match","Better Note","Better Sensory Stone","Block Reminder","Colored Map","Colored Powertips","DeckTracker","Highlight Path","Minty Spire (QoL Compilation)","Rare Cards Sparkle","Relic Sorter","StSLib","SuperFastMode"],"gold_per_floor":[112,62,72,72,72,72,72,86,86,86,114,114,114,143,143,143,143],"floor_reached":16,"language":"SPA","playtime":526,"items_purged":[],"score":125,"play_id":"6e108865-6bea-4e58-963f-3903fe345088","local_time":"20210205174624","is_ascension_mode":true,"campfire_choices":[{"floor":6.0,"key":"DIG"},{"floor":13,"key":"REST"},{"floor":15,"key":"DIG"}],"circlet_count":0,"master_deck":["Strike_B","Strike_B","Strike_B","Defend_B","Defend_B","Defend_B+1","Defend_B","Zap","Dualcast+1","Chill","Regret","Core Surge","BootSequence"],"relics":["Cracked Core","Shovel","Matryoshka","Juzu Bracelet","Pantograph","Toy Ornithopter","The Courier","MealTicket","Odd Mushroom","Mercury Hourglass"],"acts_visited":["Exordium"],"potions_floor_usage":[16],"damage_taken":[{"damage":3.0,"enemies":"2 Louse","floor":1.0,"turns":2.0},{"damage":4.0,"enemies":"Small Slimes","floor":3.0,"turns":3.0},{"damage":2.0,"enemies":"Jaw Worm","floor":8.0,"turns":3.0},{"damage":25.0,"enemies":"3 Sentries","floor":11.0,"turns":11.0},{"damage":6,"enemies":"The Mushroom Lair","floor":14,"turns":6},{"damage":48,"enemies":"Hexaghost","floor":16,"turns":15}],"seed_played":"-3064027383486033616","potions_obtained":[{"floor":3.0,"key":"Dexterity Potion"},{"floor":14,"key":"SkillPotion"}],"is_trial":false,"path_per_floor":["M","?","M","$","?","R","$","M","T","?","E","T","R","?","R","B"],"character_chosen":"DEFECT","items_purchased":[],"campfire_rested":1,"item_purchase_floors":[],"current_hp_per_floor":[47,47,43,43,28,28,28,26,26,26,1,1,23,17,17,0,0],"gold":143,"neow_bonus":"ONE_RARE_RELIC","is_daily":false,"chose_seed":false,"campfire_upgraded":0,"win_rate":0.0,"timestamp":1612575984,"path_taken":["M","?","M","$","?","R","$","M","T","?","E","?","R","?","R","BOSS"],"items_purchased_type":[],"build_version":"2020-12-22","purchased_purges":0,"victory":false,"max_hp_per_floor":[75,75,75,75,75,75,75,75,75,75,75,75,75,75,75,75,75],"card_choices":[{"not_picked":["Cold Snap","Rebound","Ball Lightning"],"picked":"SKIP","floor":1.0},{"not_picked":["Go for the Eyes","Ball Lightning","Streamline"],"picked":"SKIP","floor":3.0},{"not_picked":["Coolheaded","Turbo"],"picked":"Chill","floor":8.0},{"not_picked":["Consume","Gash"],"picked":"Core Surge","floor":11.0},{"not_picked":["Rebound","Coolheaded"],"picked":"BootSequence","floor":14}],"player_experience":180543,"relics_obtained":[{"floor":6.0,"key":"Matryoshka"},{"floor":9.0,"key":"Juzu Bracelet"},{"floor":11.0,"key":"Toy Ornithopter"},{"floor":12.0,"key":"The Courier"},{"floor":12.0,"key":"MealTicket"},{"floor":14,"key":"Odd Mushroom"},{"floor":15,"key":"Mercury Hourglass"}],"event_choices":[{"cards_removed":["Strike_B"],"damage_healed":0.0,"max_hp_gain":0.0,"max_hp_loss":0.0,"gold_gain":0.0,"event_name":"The Cleric","player_choice":"Card Removal","floor":2.0,"gold_loss":50.0,"damage_taken":0.0},{"damage_healed":0.0,"max_hp_gain":0.0,"max_hp_loss":0.0,"gold_gain":0.0,"event_name":"Shining Light","player_choice":"Entered Light","floor":5.0,"gold_loss":0.0,"damage_taken":15.0,"cards_upgraded":["Defend_B","Dualcast"]},{"damage_healed":0.0,"max_hp_gain":0.0,"max_hp_loss":0.0,"gold_gain":0.0,"event_name":"Big Fish","player_choice":"Box","floor":10.0,"gold_loss":0.0,"damage_taken":0.0,"relics_obtained":["Pantograph"],"cards_obtained":["Regret"]},{"damage_healed":0,"gold_gain":0,"player_choice":"Fought Mushrooms","damage_taken":0,"max_hp_gain":0,"max_hp_loss":0,"event_name":"Mushrooms","floor":14,"gold_loss":0}],"is_beta":false,"boss_relics":[],"items_purged_floors":[],"is_endless":false,"potions_floor_spawned":[3,14],"killed_by":"Hexaghost","ascension_level":6}}