{"host":"artti7o26te9gn1a","time":1612637507,"event":{"mods":["AchievementEnabler","BaseMod","Beaked The Cultist","BetterRewards","Downfall","Minty Spire (QoL Compilation)","StSLib","Trackpad"],"gold_per_floor":[119,41,59,59,59,59,100,100,123,137,137,137,137,157,157,246,246,270,320,41,54,75,75,113,113,139,170,2,23,36,36,36,129,129,145,71,91,109,0,0,0],"floor_reached":40,"language":"ENG","playtime":1540,"items_purged":["Strike_R"],"score":1138,"play_id":"ae57ba51-873c-46aa-95e0-1a5b0e198e83","local_time":"20210206195147","is_ascension_mode":true,"campfire_choices":[{"data":"Combust","floor":6,"key":"SMITH"},{"floor":8,"key":"REST"},{"data":"Uppercut","floor":11,"key":"SMITH"},{"floor":15,"key":"REST"},{"floor":23,"key":"REST"},{"floor":25,"key":"REST"},{"floor":32,"key":"REST"}],"circlet_count":0,"master_deck":["AscendersBane","Strike_R","Strike_R","Strike_R","Strike_R","Defend_R","Defend_R","Defend_R","Defend_R","Bash","Combust+1","Uppercut+1","Rupture","Pommel Strike","Battle Trance","Shrug It Off","Dropkick","Brutality","Dropkick","Pummel","Heavy Blade","Limit Break","Reaper","Burning Pact"],"relics":["Burning Blood","trackpad:PetRock","Golden Idol","Shuriken","Happy Flower","Singing Bowl","Fusion Hammer","Self Forming Clay","Omamori","trackpad:CultistFigurine","Toy Ornithopter","Blue Candle","Busted Crown","Red Mask"],"acts_visited":["Exordium","TheCity","TheBeyond"],"potions_floor_usage":[16,16,24,24,38],"damage_taken":[{"damage":10,"enemies":"2 Louse","floor":1,"turns":2},{"damage":8,"enemies":"Small Slimes","floor":3,"turns":4},{"damage":34,"enemies":"3 Sentries","floor":7,"turns":5},{"damage":7,"enemies":"Jaw Worm","floor":10,"turns":3},{"damage":3,"enemies":"2 Fungi Beasts","floor":14,"turns":2},{"damage":21,"enemies":"Slime Boss","floor":16,"turns":8},{"damage":19,"enemies":"2 Thieves","floor":18,"turns":4},{"damage":5,"enemies":"Spheric Guardian","floor":21,"turns":3},{"damage":26,"enemies":"Cultist and Chosen","floor":22,"turns":6},{"damage":18,"enemies":"Gremlin Leader","floor":24,"turns":4},{"damage":21,"enemies":"Book of Stabbing","floor":27,"turns":5},{"damage":10,"enemies":"Centurion and Healer","floor":29,"turns":3},{"damage":5,"enemies":"Snecko","floor":30,"turns":3},{"damage":52,"enemies":"Automaton","floor":33,"turns":7},{"damage":10,"enemies":"Orb Walker","floor":35,"turns":3},{"damage":47,"enemies":"3 Shapes","floor":37,"turns":5},{"damage":26,"enemies":"Transient","floor":38,"turns":6},{"damage":48,"enemies":"Reptomancer","floor":40,"turns":3}],"seed_played":"1903415609697939299","potions_obtained":[{"floor":1,"key":"Dexterity Potion"},{"floor":7,"key":"Dexterity Potion"},{"floor":18,"key":"SteroidPotion"},{"floor":22,"key":"BlessingOfTheForge"},{"floor":29,"key":"EssenceOfSteel"},{"floor":30,"key":"CultistPotion"},{"floor":33,"key":"sneckomod:MuddlingPotion"}],"is_trial":false,"path_per_floor":["M","$","M","?","?","R","E","R","T","M","R","?","?","M","R","B",null,"M","?","$","M","M","R","E","R","T","E","$","M","M","?","R","B",null,"M","$","M","M","?","E"],"character_chosen":"IRONCLAD","items_purchased":["Combust","trackpad:PetRock","Rupture","Self Forming Clay","Limit Break","Burning Pact"],"campfire_rested":5,"item_purchase_floors":[0,0,2,20,28,36],"current_hp_per_floor":[64,64,62,62,62,62,34,54,54,53,53,18,18,21,41,26,58,45,45,45,48,28,49,37,58,58,45,45,43,46,46,68,22,63,61,61,22,16,16,0,0],"gold":0,"neow_bonus":"","is_daily":false,"chose_seed":false,"campfire_upgraded":2,"win_rate":0.0,"timestamp":1612637507,"path_taken":["M","$","M","?","?","R","E","R","T","M","R","?","?","M","R","BOSS","M","?","$","M","M","R","E","R","T","E","$","M","?","?","R","BOSS","M","$","M","?","?","E"],"items_purchased_type":["Card","Relic","Card","Relic","Card","Card"],"build_version":"2020-12-22","purchased_purges":1,"victory":false,"max_hp_per_floor":[75,75,75,75,68,68,68,68,68,68,68,68,68,68,68,68,68,68,68,68,70,70,70,70,70,70,72,72,74,76,76,76,76,76,78,78,80,82,82,82,82],"card_choices":[{"not_picked":["Fire Breathing","Heavy Blade"],"picked":"Uppercut","floor":1},{"not_picked":["Perfected Strike","Evolve"],"picked":"Pommel Strike","floor":3},{"not_picked":["Clash","Disarm"],"picked":"Battle Trance","floor":7},{"not_picked":["Warcry","Dark Embrace"],"picked":"Shrug It Off","floor":10},{"not_picked":["Infernal Blade","Metallicize"],"picked":"Dropkick","floor":14},{"not_picked":["Double Tap","Immolate"],"picked":"Brutality","floor":16},{"not_picked":["Thunderclap","Rampage"],"picked":"Dropkick","floor":18},{"not_picked":["Headbutt","Flame Barrier","Intimidate"],"picked":"Singing Bowl","floor":21},{"not_picked":["Warcry","Cleave"],"picked":"Pummel","floor":22},{"not_picked":["Clothesline","Whirlwind"],"picked":"Heavy Blade","floor":24},{"not_picked":["Rupture","True Grit","Shrug It Off"],"picked":"Singing Bowl","floor":27},{"not_picked":["Perfected Strike","Sword Boomerang","Inflame"],"picked":"Singing Bowl","floor":29},{"not_picked":["Cleave+1","Battle Trance","Rupture"],"picked":"Singing Bowl","floor":30},{"not_picked":["Exhume","Brutality"],"picked":"Reaper","floor":33},{"not_picked":["Hemokinesis"],"picked":"Singing Bowl","floor":35},{"not_picked":["Armaments+1"],"picked":"Singing Bowl","floor":37},{"not_picked":["Sword Boomerang"],"picked":"Singing Bowl","floor":38}],"player_experience":778623,"relics_obtained":[{"floor":7,"key":"Shuriken"},{"floor":9,"key":"Happy Flower"},{"floor":24,"key":"Omamori"},{"floor":26,"key":"trackpad:CultistFigurine"},{"floor":27,"key":"Toy Ornithopter"}],"event_choices":[{"damage_healed":0,"gold_gain":0,"player_choice":"Leave","damage_taken":0,"max_hp_gain":0,"max_hp_loss":0,"event_name":"The Cleric","floor":4,"gold_loss":0},{"damage_healed":0,"gold_gain":0,"player_choice":"Lose Max HP","damage_taken":0,"relics_obtained":["Golden Idol"],"max_hp_gain":0,"max_hp_loss":7,"event_name":"Golden Idol","floor":5,"gold_loss":0},{"damage_healed":0,"gold_gain":0,"player_choice":"Success","damage_taken":35,"relics_obtained":["Singing Bowl"],"max_hp_gain":0,"max_hp_loss":0,"event_name":"Scrap Ooze","floor":12,"gold_loss":0},{"damage_healed":0,"gold_gain":0,"player_choice":"Searched \u00270\u0027 times","damage_taken":0,"max_hp_gain":0,"max_hp_loss":0,"event_name":"Dead Adventurer","floor":13,"gold_loss":0},{"damage_healed":0,"gold_gain":100,"player_choice":"Bet on Murderer","damage_taken":0,"max_hp_gain":0,"max_hp_loss":0,"event_name":"The Joust","floor":19,"gold_loss":50},{"damage_healed":0,"gold_gain":0,"player_choice":"Gave Potion","damage_taken":0,"relics_obtained":["Blue Candle"],"max_hp_gain":0,"max_hp_loss":0,"event_name":"WeMeetAgain","floor":31,"gold_loss":0},{"damage_healed":0,"gold_gain":0,"player_choice":"Paid","damage_taken":0,"relics_obtained":["Red Mask"],"max_hp_gain":0,"max_hp_loss":0,"event_name":"Tomb of Lord Red Mask","floor":39,"gold_loss":109}],"is_beta":false,"boss_relics":[{"not_picked":["Runic Cube","trackpad:StolenKidneys"],"picked":"Fusion Hammer"},{"not_picked":["Empty Cage","Snecko Eye"],"picked":"Busted Crown"}],"items_purged_floors":[0],"is_endless":false,"potions_floor_spawned":[1,7,18,22,29,30,33],"killed_by":"Reptomancer","ascension_level":18}}