{"host":"j019w4cyowrad0mf","time":1612653042,"event":{"mods":["2.2 Compatiblity","Act Like it!","BaseMod","CapriCore","Gensokyo","HololiveMod","Marisa????????","Minty Spire (QoL Compilation)","Reimu??????","StSLib","Waifu the Spire","WarShipGirlsR/????R mod"],"gold_per_floor":[82,96,96,26,43,76,94,94,120,152,73,73,20,39,39,138,138,658,658,675,217,217,72,103,103,157,157,157,178,178,210,210,310,310,322,322,337,237,237,271,271,271,343,295,323,323,343,30,30,30,30,30,30,64,66],"floor_reached":56,"language":"ENG","playtime":9687,"items_purged":["Pain","Hololive_CallRoboco"],"score":1688,"play_id":"9a2900cf-5744-4c52-a91e-560b0357ba3f","local_time":"20210206151042","is_ascension_mode":true,"campfire_choices":[{"data":"Hololive_Nanodesu","floor":15.0,"key":"SMITH"},{"data":"Apotheosis","floor":25.0,"key":"SMITH"},{"data":"Gensokyo:FourOfAKind","floor":30.0,"key":"SMITH"},{"data":"Gensokyo:FourOfAKind","floor":32.0,"key":"SMITH"},{"data":"Gensokyo:FourOfAKind","floor":41,"key":"SMITH"},{"data":"Gensokyo:FourOfAKind","floor":46,"key":"SMITH"},{"floor":49,"key":"RECALL"},{"data":"Gensokyo:ShootingStar","floor":52,"key":"SMITH"}],"circlet_count":0,"master_deck":["Hololive_CallNatsuiroMatsuri","Hololive_CallAkaiHaato","Hololive_CallNekomataOkayu","Hololive_CallSpadeEcho+1","Hololive_CallYogiri","Hololive_FlyingPonyTail","Hololive_CallInugamiKorone","Hololive_Nanodesu+1","Hololive_FlyingPonyTail","Hololive_FlyingPonyTail","Hololive_CallHoushouMarine","Hololive_FlyingPonyTail","Hololive_CallYukihanaLamy","Hololive_CallUsadaPekora","Hololive_CallAZKi","Hololive_FlareMind","Hololive_CallShiroganeNoel+1","Hololive_CallTokoyamiTowa+1","Hololive_DurableLive+1","Hololive_Yoholoon","Apotheosis+1","Hololive_CallKiryuuCoco","Hololive_CallYozoraMel","Gensokyo:FourOfAKind+1","Gensokyo:FourOfAKind+1","Gensokyo:FourOfAKind+1","Gensokyo:FourOfAKind+1","Hololive_CallShiranuiFlare","Hololive_HighAtkLowDef","Gensokyo:ShootingStar+1","Hololive_StarCraft","Hololive_CallShirakamiFubuki+1","Hololive_CandyCastle+1","Gensokyo:HouraiInAPot+1","Hololive_BringToTrial+1","Hololive_CallMurasakiShion+1","Gensokyo:RustyChest","Hololive_BringToTrial+1"],"relics":["Hololive_TheStar","Toy Ornithopter","Pen Nib","Regal Pillow","Anchor","Shuriken","Gensokyo:LunaticRedEyes","Astrolabe","Art of War","Gensokyo:RedStar","Frozen Eye","Bronze Scales","SlaversCollar","Frozen Egg 2","Turnip","Pear","Bottled Lightning","Bottled Flame","Calipers","Mastiff:ReiMu"],"acts_visited":["Exordium","Gensokyo:Gensokyo","Gensokyo:Gensokyoer","TheEnding"],"potions_floor_usage":[39,45,55,55],"damage_taken":[{"damage":0.0,"enemies":"Gensokyo:Python","floor":1.0,"turns":3.0},{"damage":0.0,"enemies":"Gensokyo:2_Kodama","floor":2.0,"turns":2.0},{"damage":0.0,"enemies":"Gensokyo:3_Fairies","floor":5.0,"turns":4.0},{"damage":0.0,"enemies":"Gensokyo:Aya","floor":6.0,"turns":4.0},{"damage":0.0,"enemies":"Gensokyo:3_Kodama","floor":7.0,"turns":3.0},{"damage":0.0,"enemies":"Gensokyo:Cirno","floor":10.0,"turns":5.0},{"damage":0.0,"enemies":"Gensokyo:LivingMonolith","floor":14.0,"turns":3.0},{"damage":0.0,"enemies":"Gensokyo:Reimu","floor":16.0,"turns":9.0},{"damage":0.0,"enemies":"Gensokyo:3_Dogs","floor":18.0,"turns":4.0},{"damage":0.0,"enemies":"Gensokyo:Chomper","floor":20.0,"turns":4.0},{"damage":0.0,"enemies":"Gensokyo:Tenshi","floor":24.0,"turns":3.0},{"damage":0.0,"enemies":"Gensokyo:Slime_Group","floor":29.0,"turns":3.0},{"damage":0.0,"enemies":"Gensokyo:Wraith","floor":31.0,"turns":3.0},{"damage":0.0,"enemies":"Gensokyo:Eternal_Rivals","floor":33.0,"turns":6.0},{"damage":0.0,"enemies":"Gensokyo:3_Bats","floor":35.0,"turns":4.0},{"damage":0,"enemies":"Gensokyo:AncientGuardian","floor":37,"turns":6},{"damage":2,"enemies":"Gensokyo:AncientGuardian","floor":39,"turns":7},{"damage":0,"enemies":"Gensokyo:Kasen","floor":40,"turns":5},{"damage":0,"enemies":"Gensokyo:Marisa","floor":45,"turns":4},{"damage":0,"enemies":"Gensokyo:Rafflesia","floor":47,"turns":5},{"damage":0,"enemies":"Gensokyo:Yuyuko","floor":50,"turns":7},{"damage":0,"enemies":"Shield and Spear","floor":54,"turns":5},{"damage":0,"enemies":"The Heart","floor":55,"turns":8}],"seed_played":"-7096743224197048977","potions_obtained":[{"floor":2.0,"key":"Fire Potion"},{"floor":6.0,"key":"SpeedPotion"},{"floor":16.0,"key":"Dexterity Potion"},{"floor":20.0,"key":"Swift Potion"},{"floor":29.0,"key":"PowerPotion"},{"floor":33.0,"key":"Fire Potion"},{"floor":45,"key":"Block Potion"},{"floor":54,"key":"Dexterity Potion"}],"is_trial":false,"path_per_floor":["M","M","?","?","M","E","M","?","T","E","$","?","COS","M","R","B",null,"M","?","M","$","?","COS","E","R","T","?","?","M","R","M","R","B",null,"M","?","M","$","?","E","R","?","T","$","E","R","M","COS","R","B",null,"R","$","E","B",null],"character_chosen":"Hololive_HololiveCharacter","items_purchased":["Hololive_CallUsadaPekora","Apotheosis","Art of War","Hololive_CallKiryuuCoco","Dexterity Potion"],"campfire_rested":0,"item_purchase_floors":[11,21,21,21,44],"current_hp_per_floor":[35,35,35,35,35,35,35,28,28,28,28,28,28,28,28,33,35,35,35,35,35,35,35,35,35,35,35,25,25,25,25,25,25,25,25,25,25,25,25,25,25,15,25,25,30,30,30,30,30,30,35,35,35,35,35],"gold":66,"neow_bonus":"UPGRADE_CARD","is_daily":false,"chose_seed":false,"campfire_upgraded":7,"win_rate":0.0,"timestamp":1612653042,"path_taken":["M","M","?","?","M","E","M","?","T","E","$","?","COS","M","R","BOSS","M","?","M","$","?","COS","E","R","T","?","?","?","R","M","R","BOSS","M","?","M","$","?","E","R","?","T","?","E","R","M","COS","R","BOSS","R","$","E","BOSS"],"items_purchased_type":["Card","Card","Relic","Card","Potion"],"build_version":"2020-12-22","purchased_purges":2,"victory":true,"max_hp_per_floor":[35,35,35,35,35,35,35,35,35,35,35,35,35,35,35,35,35,35,35,35,35,35,35,35,35,35,35,25,25,25,25,25,25,25,25,25,25,25,25,25,25,25,35,35,35,35,35,35,35,35,35,35,35,35,35],"card_choices":[{"not_picked":["Hololive_Trident","Hololive_Breathe","Hololive_CallDoris"],"picked":"Hololive_CallInugamiKorone","floor":1.0},{"not_picked":["Hololive_LuckPotion","Hololive_CallAkaiHaato","Hololive_HuntDinosaur"],"picked":"Hololive_Nanodesu","floor":2.0},{"not_picked":["Hololive_OvertimeWork","Hololive_Psychosis","Hololive_Sequa"],"picked":"Hololive_FlyingPonyTail","floor":3.0},{"not_picked":["Hololive_Rebound","Hololive_Breathe","Hololive_StrengthChampion"],"picked":"Hololive_FlyingPonyTail","floor":3.0},{"not_picked":["Hololive_Rebound","Hololive_StrengthChampion","Hololive_Sequa"],"picked":"Hololive_CallRoboco","floor":5.0},{"not_picked":["Hololive_Trident","Hololive_Nanodesu","Hololive_CallOmaruPolka"],"picked":"Hololive_CallHoushouMarine","floor":6.0},{"not_picked":["Hololive_LuckPotion","Hololive_Psychosis","Hololive_Drill"],"picked":"Hololive_FlyingPonyTail","floor":7.0},{"not_picked":["Hololive_Sequa","Hololive_Drill","Hololive_CallNakiriAyame"],"picked":"Hololive_CallYukihanaLamy","floor":10.0},{"not_picked":["Hololive_CallNatsuiroMatsuri","Hololive_Watashimo","Hololive_Rebound"],"picked":"Hololive_CallAZKi","floor":14.0},{"not_picked":["Hololive_MaximGun","Hololive_DurableLive","Hololive_StarCraft"],"picked":"Hololive_FlareMind","floor":16.0},{"not_picked":["Hololive_Breathe","Hololive_Rebound","Hololive_Psychosis+1","Hololive_OvertimeWork"],"picked":"SKIP","floor":18.0},{"not_picked":["Hololive_Psychosis+1","Hololive_CocoNews+1","Hololive_Sequa"],"picked":"Hololive_Yoholoon","floor":20.0},{"not_picked":["Hololive_HuntDinosaur+1","Hololive_RevenueBasedLive","Hololive_Psychosis"],"picked":"Hololive_CallYozoraMel","floor":24.0},{"not_picked":["Hololive_CallFriendA","Hololive_Breathe","Hololive_Rebound"],"picked":"Hololive_CallShiranuiFlare","floor":29.0},{"not_picked":["Hololive_FlyingPonyTail","Hololive_Breathe","Hololive_CocoNews+1"],"picked":"Hololive_HighAtkLowDef","floor":31.0},{"not_picked":[],"picked":"Gensokyo:ShootingStar","floor":33.0},{"not_picked":["Hololive_DiamondStrike","Hololive_FlareMind","Hololive_ScarfAndHalo"],"picked":"Hololive_StarCraft","floor":33.0},{"not_picked":["Hololive_StrengthChampion","Hololive_Rebound","Hololive_LuckPotion"],"picked":"Hololive_CallShirakamiFubuki+1","floor":35},{"not_picked":["Hololive_CallNekomataOkayu+1","Hololive_FlyingPonyTail","Hololive_CocoNews"],"picked":"Hololive_CandyCastle+1","floor":37},{"not_picked":["Gensokyo:MorningStar+1","Gensokyo:RisingWorld+1"],"picked":"Gensokyo:HouraiInAPot+1","floor":39},{"not_picked":["Hololive_Rebound","Hololive_Trident+1","Hololive_CallNekomataOkayu+1","Hololive_Sequa"],"picked":"SKIP","floor":40},{"not_picked":["Hololive_CallShiranuiFlare+1","Hololive_CocoNews+1","Hololive_Sequa+1"],"picked":"Hololive_BringToTrial+1","floor":45},{"not_picked":["Hololive_Trident+1","Hololive_CallShiranuiFlare+1","Hololive_FlyingPonyTail+1"],"picked":"Hololive_CallMurasakiShion+1","floor":47},{"not_picked":["Hololive_OvertimeWork","Hololive_LuckPotion+1","Hololive_Spy"],"picked":"Hololive_BringToTrial+1","floor":54}],"player_experience":345796,"relics_obtained":[{"floor":6.0,"key":"Pen Nib"},{"floor":9.0,"key":"Anchor"},{"floor":10.0,"key":"Shuriken"},{"floor":24.0,"key":"Bronze Scales"},{"floor":40,"key":"Frozen Egg 2"},{"floor":43,"key":"Pear"},{"floor":45,"key":"Bottled Lightning"},{"floor":54,"key":"Calipers"}],"event_choices":[],"is_beta":false,"boss_relics":[{"not_picked":["Cursed Key","Hololive_TopUpMoneyS"],"picked":"Astrolabe"},{"not_picked":["Hololive_ChaosS","Sozu"],"picked":"SlaversCollar"}],"items_purged_floors":[21,38],"is_endless":false,"potions_floor_spawned":[2,6,16,20,29,33,45,54],"ascension_level":1}}