{"host":"qhbbxt9nia1s4hz5","time":1612578466,"event":{"mods":["2.2 Compatiblity","Act Like it!","AlwaysNeverKeys","Arknights","Aspiration","BaseMod","Better Altar","Better Note","Better Sensory Stone","Better Skull","Better Third Choice","Better Vampires","BetterRewards","Block Reminder","Booster Modes","Colored Map","Colored Powertips","Energized Spire","Faster Ascension Climbing","Friendly Minions","GifTheSpireLib","Gold Saver","Hallownest","Infinite Spire","Minty Spire (QoL Compilation)","Permanent Neow","Rare Cards Sparkle","Relic Filter","Reliquary","Replay The Spire","Robot Space Explorer","Shop Mod","StSLib","The Dragon Tamer"],"gold_per_floor":[117,117,117,129,129,129,141,141,168,200,48,48,48,62,62,161,161,179,190,190,190,204,204,7,7,76,132,132,80,114,127,127,224,224,237,250,250,330,430,430,460,174,197,197,213,229,229,256,256,256],"floor_reached":51,"language":"ENG","playtime":5892,"items_purged":["DTMod:Threaten+1"],"score":997,"play_id":"330fe0d3-8dde-4475-b863-fad81dfad9aa","local_time":"20210206042746","daily_mods":["SealedDeck","Heirloom"],"is_ascension_mode":true,"metric_token":2195,"campfire_choices":[{"data":"DTMod:Threaten","floor":6,"key":"SMITH"},{"data":"DTMod:Training","floor":8,"key":"SMITH"},{"data":"DTMod:FlameSlash","floor":13,"key":"SMITH"},{"data":"DTMod:SealedStrike","floor":23,"key":"SMITH"},{"data":"DTMod:SealedStrike+1","floor":25,"key":"SMITH"},{"data":"DTMod:SealedStrike+2","floor":28,"key":"SMITH"},{"data":"DTMod:SealedStrike+3","floor":32,"key":"SMITH"},{"data":"DTMod:SealedStrike+4","floor":40,"key":"SMITH"}],"dtmod_dragon_data":[34,50,3,1,10,8],"circlet_count":0,"master_deck":["DTMod:BlazingStrike+1","DTMod:ShieldDrain+1","DTMod:Training+1","DTMod:ShieldDrain+1","DTMod:PurifyingFlame+1","DTMod:TagTeam+1","DTMod:MagiciansMark+1","DTMod:LightShield+1","DTMod:HeadStart+1","DTMod:Cover+1","DTMod:BreakAttack+1","DTMod:BalancedStrike+1","DTMod:FlameSlash+1","DTMod:FlameSlash+1","DTMod:SealedStrike+5","DTMod:BurningForce+1","DTMod:QuickFly+1","Metamorphosis+1","DTMod:MagicField+1","DTMod:HeatWave+1","DTMod:CrossStep+1","DTMod:Threaten+1","DTMod:Multitask+1","DTMod:BlazingStrike+1","DTMod:Observe+1","DTMod:TauntingStrike+1","DTMod:MaximumCharge+1","DTMod:BurningEnergy+1"],"relics":["DTMod:PactStone","Mango","reliquary:TuningFork","aspiration:HiddenCompartment","DTMod:SwitchButton","ReplayTheSpireMod:DimensionalGlitch","reliquary:BoilingFlask","Whetstone","Chameleon Ring","Vajra","aspiration:SecretTechniqueScroll","reliquary:BallBearing","Eternal Feather","Potion Belt","Blue Candle","Gremlin Food"],"acts_visited":["Hallownest:Greenpath","Hallownest:CityofTears","Hallownest:KingdomsEdge"],"potions_floor_usage":[10,18,33,33,33,33,33,46,48,50,50,50],"damage_taken":[{"damage":0,"enemies":"Hallownest:2_MossCreeps","floor":1,"turns":3},{"damage":0,"enemies":"Hallownest:monsterHuskWarrior","floor":4,"turns":2},{"damage":0,"enemies":"Hallownest:monsterHuskGuard","floor":7,"turns":2},{"damage":3,"enemies":"Hallownest:eliteVengeflyKing","floor":10,"turns":5},{"damage":0,"enemies":"Hallownest:monsterAspidMother","floor":12,"turns":2},{"damage":0,"enemies":"Hallownest:1_Ooma_and_2_Uuma","floor":14,"turns":3},{"damage":0,"enemies":"Hallownest:BossFalseKnight","floor":16,"turns":6},{"damage":0,"enemies":"Hallownest:2_Mistakes","floor":18,"turns":3},{"damage":0,"enemies":"Hallownest:Guard_and_Sentry","floor":19,"turns":3},{"damage":0,"enemies":"Hallownest:Warrior_and_Youth","floor":22,"turns":3},{"damage":0,"enemies":"Hallownest:Glutton_and_Coward","floor":27,"turns":3},{"damage":9,"enemies":"Hallownest:eliteWatcherKnight","floor":30,"turns":7},{"damage":0,"enemies":"Hallownest:monsterShrumalOgre","floor":31,"turns":3},{"damage":11,"enemies":"Hallownest:BossGrimm","floor":33,"turns":4},{"damage":0,"enemies":"Hallownest:3_Siblings","floor":35,"turns":4},{"damage":0,"enemies":"Hallownest:2_Littles","floor":36,"turns":4},{"damage":0,"enemies":"Hallownest:2_Littles","floor":38,"turns":3},{"damage":0,"enemies":"Hallownest:2_Littles","floor":38,"turns":2},{"damage":0,"enemies":"Hallownest:eliteCollector","floor":41,"turns":3},{"damage":0,"enemies":"Hallownest:Shield_Sturdy","floor":45,"turns":3},{"damage":0,"enemies":"Hallownest:Xero_Hu_Marmu","floor":46,"turns":2},{"damage":18,"enemies":"Hallownest:eliteHiveKnight","floor":48,"turns":3},{"damage":0,"enemies":"Hallownest:Radiance","floor":50,"turns":3}],"seed_played":"-8680606246705828757","potions_obtained":[{"floor":7,"key":"Energy Potion"},{"floor":14,"key":"Ancient Potion"},{"floor":16,"key":"BlessingOfTheForge"},{"floor":22,"key":"EntropicBrew"},{"floor":36,"key":"LifebloodPotion"},{"floor":44,"key":"DistilledChaos"},{"floor":44,"key":"Toxic Potion"},{"floor":45,"key":"Flashbang"},{"floor":46,"key":"Block Potion"},{"floor":49,"key":"Swift Potion"},{"floor":49,"key":"Swift Potion"}],"is_trial":true,"path_per_floor":["M","?","?","M","?","R","M","R","T","E","$","M","R","M","R_BF","B",null,"M","M","AVR","?","M","R","$","R","T","M","R","$","E","M","R","B",null,"M","M","?","?","?","R","E","$","T","R","M","M","AVR","E","R_BF","B",null],"character_chosen":"THE_DT","items_purchased":["DTMod:SwitchButton","Whetstone","Adrenaline Potion","DTMod:HeatWave","Eternal Feather","Block Potion"],"campfire_rested":0,"item_purchase_floors":[11,24,24,29,42,42],"current_hp_per_floor":[59,59,59,59,50,50,50,50,50,47,47,47,47,47,59,59,59,59,59,59,59,59,59,59,59,59,59,59,59,50,50,50,39,59,59,59,59,59,45,45,45,45,45,59,59,59,59,41,56,56],"gold":256,"neow_bonus":"","is_daily":false,"chose_seed":false,"campfire_upgraded":8,"win_rate":0.0,"timestamp":1612578466,"path_taken":["M","?","?","M","?","R","?","R","T","E","$","M","R","M","R_BF","BOSS","M","M","AVR","?","M","R","$","R","T","M","R","$","E","M","R","BOSS","M","M","?","?","?","R","E","$","T","R","M","M","AVR","E","R_BF","BOSS"],"items_purchased_type":["Relic","Relic","Potion","Card","Relic","Potion"],"build_version":"2020-12-22","purchased_purges":1,"victory":true,"max_hp_per_floor":[59,59,59,59,59,59,59,59,59,59,59,59,59,59,59,59,59,59,59,59,59,59,59,59,59,59,59,59,59,59,59,59,59,59,59,59,59,59,59,59,59,59,59,59,59,59,59,59,59,59],"card_choices":[{"not_picked":["DTMod:RunningTactic","DTMod:BizarreTactic"],"picked":"DTMod:Cover","floor":1},{"not_picked":["DTMod:RunningTactic","DTMod:Cover"],"picked":"DTMod:BreakAttack","floor":4},{"not_picked":["DTMod:Training","DTMod:BizarreTactic"],"picked":"DTMod:BalancedStrike","floor":7},{"not_picked":["DTMod:DarkBreath","DTMod:MagicField"],"picked":"DTMod:FlameSlash","floor":10},{"not_picked":["DTMod:Training","DTMod:BuildUp","DTMod:MagicField"],"picked":"SKIP","floor":12},{"not_picked":["DTMod:MasterPlan","DTMod:BalancedStrike"],"picked":"DTMod:FlameSlash","floor":14},{"not_picked":["DTMod:Prediction","DTMod:RepeatStrike"],"picked":"DTMod:SealedStrike","floor":16},{"not_picked":["DTMod:Feint","DTMod:Weaken"],"picked":"DTMod:BurningForce+1","floor":18},{"not_picked":["DTMod:BuildUp","DTMod:BurningForce+1"],"picked":"DTMod:QuickFly+1","floor":19},{"not_picked":["Jack Of All Trades","Specialist"],"picked":"Metamorphosis","floor":21},{"not_picked":["DTMod:BreakAttack","DTMod:MasterPlan","DTMod:FlameSlash"],"picked":"SKIP","floor":22},{"not_picked":["DTMod:Punisher","DTMod:Hide"],"picked":"DTMod:MagicField","floor":27},{"not_picked":["DTMod:HeatWave","DTMod:ExcessFootwork"],"picked":"DTMod:CrossStep","floor":30},{"not_picked":["DTMod:FlameSlash","DTMod:HeatWave"],"picked":"DTMod:Threaten+1","floor":31},{"not_picked":["DTMod:Prediction","DTMod:ResonanceForm"],"picked":"DTMod:Multitask","floor":33},{"not_picked":["DTMod:BizarreTactic","DTMod:Weaken"],"picked":"DTMod:BlazingStrike","floor":35},{"not_picked":["DTMod:BizarreTactic","DTMod:MagicField","DTMod:DarkBreath"],"picked":"SKIP","floor":36},{"not_picked":["DTMod:Threaten+1","DTMod:DragonDance+1"],"picked":"DTMod:Observe","floor":39},{"not_picked":["DTMod:BlazingStrike","DTMod:Threaten+1"],"picked":"DTMod:TauntingStrike","floor":39},{"not_picked":["DTMod:FlameSlash","DTMod:StunTrap","DTMod:LowKick"],"picked":"SKIP","floor":41},{"not_picked":["DTMod:Hide","DTMod:BlazingStrike"],"picked":"DTMod:MaximumCharge+1","floor":45},{"not_picked":["DTMod:TagTeam+1","DTMod:Weaken","DTMod:BlazingStrike+1"],"picked":"SKIP","floor":46},{"not_picked":["DTMod:BizarreTactic","DTMod:ResonanceForm"],"picked":"DTMod:BurningEnergy+1","floor":48}],"player_experience":875276,"relics_obtained":[{"floor":9,"key":"reliquary:TuningFork"},{"floor":10,"key":"aspiration:HiddenCompartment"},{"floor":26,"key":"Chameleon Ring"},{"floor":30,"key":"Vajra"},{"floor":41,"key":"reliquary:BallBearing"},{"floor":43,"key":"Potion Belt"},{"floor":48,"key":"Gremlin Food"}],"event_choices":[{"damage_healed":0,"gold_gain":2,"player_choice":"1","damage_taken":0,"max_hp_gain":0,"max_hp_loss":0,"event_name":"betterStone:BetterStone","floor":21,"gold_loss":0}],"is_beta":false,"boss_relics":[{"not_picked":["reliquary:Ember","Replay:Bronze Core"],"picked":"ReplayTheSpireMod:DimensionalGlitch"},{"not_picked":["Replay:Ancient Bell","Cursed Key"],"picked":"aspiration:SecretTechniqueScroll"}],"items_purged_floors":[20],"is_endless":false,"potions_floor_spawned":[7,14,16,22,27,31,36,38,45,46],"ascension_level":4}}