{"host":"nugqxfgozafdbmsu","time":1612604832,"event":{"mods":["BaseMod","Block Reminder","Downfall","Highlight Path","Minty Spire (QoL Compilation)","Quick Restart","Relic Stats","StSLib","Unceasing Turn Reminder","everything is the same but u backflip on backflip"],"gold_per_floor":[99,109,125,140,140,152,175,240,257,257,257,432,432,457,477,580,580,580,597,610,610,622,147,215,149,149,249,249,276,428,462,484,592,604,616,638,666,696,728,407,419,451,477,489,513,544,588,600,623,635,635,635],"floor_reached":50,"language":"ENG","playtime":4903,"items_purged":["Doubt","Slimebound:Strike_Slimebound"],"score":643,"play_id":"4589f475-11dc-4326-9ac9-cbc130c2e42d","local_time":"20210206034712","is_ascension_mode":false,"campfire_choices":[{"data":"Slimebound:Split","floor":1,"key":"SMITH"},{"data":"Slimebound:AcidTongue","floor":10,"key":"SMITH"},{"data":"Slimebound:CorrosiveSpit","floor":13,"key":"SMITH"},{"data":"Slimebound:MassFeed","floor":18,"key":"SMITH"},{"floor":26,"key":"REST"},{"floor":28,"key":"REST"},{"floor":35,"key":"RECALL"},{"floor":44,"key":"REST"},{"floor":48,"key":"REST"}],"circlet_count":0,"master_deck":["Slimebound:Strike_Slimebound","Slimebound:Strike_Slimebound+1","Slimebound:Tackle","Slimebound:Defend_Slimebound","Slimebound:Defend_Slimebound","Slimebound:Defend_Slimebound","Slimebound:Defend_Slimebound","Slimebound:Split+1","Slimebound:CorrosiveSpit+1","Slimebound:RejuvenatingLick","Slimebound:RainOfGoop+1","Slimebound:ViciousTackle+1","Slimebound:MegaLick","Slimebound:AcidTongue+1","Slimebound:HauntingLick","Slimebound:Gluttony","Slimebound:MassFeed+1","Slimebound:SamplingLick","Slimebound:Repurpose","Slimebound:Schlurp+1","Slimebound:Prepare+1","Slimebound:Schlurp+1","Slimebound:RainOfGoop+1","Slimebound:SlimeTap+1","Slimebound:LivingWall+1","Slimebound:RejuvenatingLick+1","Slimebound:ItLooksTasty+1","Slimebound:AcidTongue","Slimebound:SamplingLick+1","Slimebound:Prepare+1","Slimebound:LeechingTouch","Slimebound:LeechEnergy+1","Slimebound:MegaLick+1","Parasite","Slimebound:PrepareCrush+1"],"relics":["Slimebound:AbsorbEndCombat","Boot","Whetstone","Darkstone Periapt","Thread and Needle","Slimebound:TarBlob","Toxic Egg 2","Pear","White Beast Statue","Oddly Smooth Stone","MawBank","Philosopher\u0027s Stone","Blue Candle"],"acts_visited":["Exordium","TheCity","TheBeyond"],"potions_floor_usage":[8,30,31,33,33,33,33,33,33,38,43,47,49,50],"damage_taken":[{"damage":10,"enemies":"Jaw Worm","floor":2,"turns":4},{"damage":2,"enemies":"Small Slimes","floor":3,"turns":3},{"damage":0,"enemies":"2 Louse","floor":4,"turns":4},{"damage":12,"enemies":"3 Louse","floor":6,"turns":4},{"damage":6,"enemies":"Lagavulin Event","floor":8,"turns":4},{"damage":5,"enemies":"Red Slaver","floor":9,"turns":4},{"damage":12,"enemies":"Gremlin Nob","floor":14,"turns":3},{"damage":8,"enemies":"Blue Slaver","floor":15,"turns":2},{"damage":30,"enemies":"IC_STATUS_ARCHETYPE","floor":16,"turns":5},{"damage":10,"enemies":"3 Byrds","floor":19,"turns":4},{"damage":7,"enemies":"Centurion and Healer","floor":20,"turns":3},{"damage":57,"enemies":"Chosen and Byrds","floor":22,"turns":7},{"damage":1,"enemies":"downfall:FleeingMerchant","floor":23,"turns":4},{"damage":3,"enemies":"downfall:FleeingMerchant","floor":25,"turns":4},{"damage":11,"enemies":"downfall:LadyInBlue","floor":27,"turns":6},{"damage":12,"enemies":"Book of Stabbing","floor":29,"turns":5},{"damage":3,"enemies":"downfall:FleeingMerchant","floor":30,"turns":4},{"damage":25,"enemies":"Slavers","floor":31,"turns":5},{"damage":5,"enemies":"Snake Plant","floor":32,"turns":3},{"damage":40,"enemies":"SI_MIRROR_ARCHETYPE","floor":33,"turns":9},{"damage":7,"enemies":"Orb Walker","floor":36,"turns":4},{"damage":22,"enemies":"3 Darklings","floor":37,"turns":7},{"damage":37,"enemies":"4 Shapes","floor":38,"turns":5},{"damage":58,"enemies":"Transient","floor":39,"turns":5},{"damage":16,"enemies":"Maw","floor":42,"turns":6},{"damage":30,"enemies":"3 Darklings","floor":43,"turns":8},{"damage":13,"enemies":"Jaw Worm Horde","floor":45,"turns":7},{"damage":0,"enemies":"Maw","floor":46,"turns":8},{"damage":26,"enemies":"Giant Head","floor":47,"turns":7},{"damage":39,"enemies":"Writhing Mass","floor":49,"turns":5},{"damage":225,"enemies":"WA_ARCHETYPE_DIVINITY","floor":50,"turns":7}],"seed_played":"268028383830661312","potions_obtained":[{"floor":3,"key":"Block Potion"},{"floor":4,"key":"Strength Potion"},{"floor":8,"key":"champ:CounterPotion"},{"floor":9,"key":"Fire Potion"},{"floor":27,"key":"Slimebound:ThreeZeroPotion"},{"floor":30,"key":"SkillPotion"},{"floor":31,"key":"sneckomod:MuddlingPotion"},{"floor":33,"key":"EssenceOfSteel"},{"floor":36,"key":"Slimebound:SpawnSlimePotion"},{"floor":37,"key":"Weak Potion"},{"floor":38,"key":"Slimebound:SpawnSlimePotion"},{"floor":42,"key":"LiquidMemories"},{"floor":43,"key":"SkillPotion"},{"floor":45,"key":"FairyPotion"},{"floor":49,"key":"FearPotion"}],"is_trial":false,"path_per_floor":["R","M","M","M","?","M","T","?","M","R","?","?","R","E","M","B",null,"R","M","M","?","M","$","T","$","R","?","R","E","$","E","M","B",null,"R","M","M","M","M","?","T","M","M","R","M","M","E","R","M","B"],"character_chosen":"SLIMEBOUND","items_purchased":["Toxic Egg 2","Slimebound:Prepare+1","EntropicBrew","Slimebound:Schlurp+1","Slimebound:RejuvenatingLick+1"],"campfire_rested":4,"item_purchase_floors":[23,23,23,25,30],"current_hp_per_floor":[71,65,65,69,69,63,63,61,58,58,51,57,57,47,41,15,77,77,81,82,74,29,30,40,41,71,64,94,88,87,76,73,41,115,115,110,96,73,19,138,138,128,108,146,145,153,129,154,125,0,0,0],"gold":635,"neow_bonus":"TEN_PERCENT_HP_BONUS","is_daily":false,"chose_seed":false,"campfire_upgraded":4,"win_rate":0.0,"timestamp":1612604832,"path_taken":["R","M","M","M","?","M","T","?","?","R","?","?","R","E","M","BOSS","R","M","M","?","?","$","T","?","R","?","R","E","$","E","M","BOSS","R","M","M","M","?","?","T","M","M","R","M","M","E","R","M","BOSS"],"items_purchased_type":["Relic","Card","Potion","Card","Card"],"build_version":"2020-12-22","purchased_purges":2,"victory":false,"max_hp_per_floor":[71,71,71,71,71,71,71,71,71,71,71,77,77,77,77,77,77,77,85,89,89,93,93,103,103,103,103,103,107,107,115,115,115,115,115,115,115,123,123,138,138,142,146,146,154,154,154,154,160,160,160,160],"relic_stats":{"Darkstone Periapt":12,"counters":[31,155],"Blue Candle":[0],"Whetstone":["Slimebound:Strike_Slimebound","Slimebound:ViciousTackle"],"Boot":[4],"MawBank":228,"obtain_stats":[{"Darkstone Periapt":11,"Pear":24,"Blue Candle":47,"Oddly Smooth Stone":29,"Thread and Needle":14,"Whetstone":8,"Boot":7,"MawBank":31,"White Beast Statue":27,"Slimebound:TarBlob":17,"Philosopher\u0027s Stone":34,"Slimebound:AbsorbEndCombat":0,"Toxic Egg 2":23},{"Darkstone Periapt":6,"Pear":13,"Blue Candle":29,"Oddly Smooth Stone":16,"Thread and Needle":7,"Whetstone":5,"Boot":4,"MawBank":18,"White Beast Statue":15,"Slimebound:TarBlob":9,"Philosopher\u0027s Stone":20,"Slimebound:AbsorbEndCombat":0,"Toxic Egg 2":13},{"Darkstone Periapt":23,"Pear":51,"Blue Candle":143,"Oddly Smooth Stone":66,"Thread and Needle":26,"Whetstone":19,"Boot":15,"MawBank":74,"White Beast Statue":61,"Slimebound:TarBlob":33,"Philosopher\u0027s Stone":86,"Slimebound:AbsorbEndCombat":0,"Toxic Egg 2":51}]},"card_choices":[{"not_picked":["Slimebound:FinishingTackle","Slimebound:ViciousTackle"],"picked":"Slimebound:RejuvenatingLick","floor":2},{"not_picked":["Slimebound:FinishingTackle","Slimebound:ItLooksTasty"],"picked":"Slimebound:RainOfGoop","floor":3},{"not_picked":["Slimebound:Replication","Slimebound:HauntingLick"],"picked":"Slimebound:ViciousTackle","floor":4},{"not_picked":["Slimebound:HauntingLick","Slimebound:SplitLeeching"],"picked":"Slimebound:MegaLick","floor":6},{"not_picked":["Slimebound:SplitMire","Slimebound:LeechEnergy"],"picked":"Slimebound:AcidTongue","floor":8},{"not_picked":["Slimebound:SplitBruiser","Slimebound:SlimeSpikes"],"picked":"Slimebound:HauntingLick","floor":9},{"not_picked":["Slimebound:SplitBruiser","Slimebound:RollThrough","Slimebound:SlimeBrawl"],"picked":"SKIP","floor":14},{"not_picked":["Slimebound:PressTheAttack","Slimebound:SplitAcid"],"picked":"Slimebound:Gluttony","floor":15},{"not_picked":["Slimebound:MassRepurpose","Slimebound:DuplicatedForm"],"picked":"Slimebound:MassFeed","floor":16},{"not_picked":["Slimebound:Prepare","Slimebound:HauntingLick"],"picked":"Slimebound:SamplingLick","floor":19},{"not_picked":["Slimebound:HauntingLick","Slimebound:FormOfPuddle"],"picked":"Slimebound:Repurpose","floor":20},{"not_picked":["Slimebound:LevelUp","Slimebound:SplitBruiser+1","Slimebound:ViciousTackle"],"picked":"SKIP","floor":22},{"not_picked":["Slimebound:Replication","Slimebound:GoopTackle"],"picked":"Slimebound:Schlurp+1","floor":23},{"not_picked":["Slimebound:RollThrough","Slimebound:LeechEnergy+1","Slimebound:Chomp"],"picked":"SKIP","floor":25},{"not_picked":["Slimebound:HauntingLick+1","Slimebound:FinishingTackle+1"],"picked":"Slimebound:RainOfGoop+1","floor":27},{"not_picked":["Slimebound:OneTwoCombo","Slimebound:GoopTackle"],"picked":"Slimebound:SlimeTap+1","floor":29},{"not_picked":["Slimebound:HauntingLick+1","Slimebound:SplitAcid+1"],"picked":"Slimebound:LivingWall+1","floor":30},{"not_picked":["Slimebound:ProtectTheBoss","Slimebound:PressTheAttack+1","Slimebound:ViciousTackle"],"picked":"SKIP","floor":31},{"not_picked":["Slimebound:GoopTackle","Slimebound:BestDefense+1"],"picked":"Slimebound:ItLooksTasty+1","floor":32},{"not_picked":["Slimebound:DisruptingSlam+1","Slimebound:PressTheAttack","Slimebound:Grow"],"picked":"SKIP","floor":36},{"not_picked":["Slimebound:ItLooksTasty","Slimebound:SamplingLick+1"],"picked":"Slimebound:AcidTongue","floor":37},{"not_picked":["Slimebound:PressTheAttack+1","Slimebound:MinionMaster","Slimebound:SplitBruiser+1"],"picked":"SKIP","floor":38},{"not_picked":["Slimebound:BestDefense+1","Slimebound:ForwardTackle"],"picked":"Slimebound:SamplingLick+1","floor":39},{"not_picked":["Slimebound:Schlurp+1","Slimebound:FlameTackle+1"],"picked":"Slimebound:Prepare+1","floor":42},{"not_picked":["Slimebound:Prepare+1","Slimebound:SlimeBrawl+1","Slimebound:SlimeSpikes+1"],"picked":"SKIP","floor":43},{"not_picked":["Slimebound:LevelUp+1","Slimebound:ComboTackle+1"],"picked":"Slimebound:LeechingTouch","floor":45},{"not_picked":["Slimebound:ComboTackle+1","Slimebound:RollThrough"],"picked":"Slimebound:LeechEnergy+1","floor":46},{"not_picked":["Slimebound:HauntingLick+1","Slimebound:PressTheAttack+1"],"picked":"Slimebound:MegaLick+1","floor":47},{"not_picked":["Slimebound:SplitAcid+1","Slimebound:Schlurp+1"],"picked":"Slimebound:PrepareCrush+1","floor":49}],"player_experience":45813,"relics_obtained":[{"floor":7,"key":"Boot"},{"floor":8,"key":"Whetstone"},{"floor":14,"key":"Thread and Needle"},{"floor":24,"key":"Pear"},{"floor":27,"key":"White Beast Statue"},{"floor":29,"key":"Oddly Smooth Stone"},{"floor":31,"key":"MawBank"},{"floor":47,"key":"Blue Candle"}],"event_choices":[{"damage_healed":0,"gold_gain":0,"player_choice":"Grow","damage_taken":0,"max_hp_gain":0,"max_hp_loss":0,"event_name":"Living Wall","floor":5,"gold_loss":0,"cards_upgraded":["Slimebound:RainOfGoop"]},{"damage_healed":0,"gold_gain":0,"player_choice":"Success","damage_taken":7,"relics_obtained":["Darkstone Periapt"],"max_hp_gain":0,"max_hp_loss":0,"event_name":"Scrap Ooze","floor":11,"gold_loss":0},{"damage_healed":0,"gold_gain":0,"player_choice":"Damaged","damage_taken":8,"max_hp_gain":0,"max_hp_loss":0,"event_name":"Wheel of Change","floor":21,"gold_loss":0}],"is_beta":false,"boss_relics":[{"not_picked":["SacredBark","Empty Cage"],"picked":"Slimebound:TarBlob"},{"not_picked":["Tiny House","bronze:MakeshiftBattery"],"picked":"Philosopher\u0027s Stone"}],"items_purged_floors":[23,30],"is_endless":false,"potions_floor_spawned":[3,4,8,9,15,20,22,29,30,31,32,33,36,37,38,39,42,43,45,46,47,49],"killed_by":"WA_ARCHETYPE_DIVINITY","ascension_level":0}}