{"host":"0rw6szqh3yi1u2jw","time":1612598259,"event":{"mods":["BaseMod","Bestiary","Minty Spire (QoL Compilation)"],"gold_per_floor":[119,119,119,135,210,210,235,78,101,112,126,158,136,136,136,231,231,245,255,15,114,114,145,165,165,190,215,81,108,108,108,108,207,207,217,17,17,33,53,64,81,112,112,132,132,164,24,41,41,41,41,41,23,50,50],"floor_reached":56,"language":"ENG","playtime":5013,"items_purged":["Defend_B","Defend_B","Strike_B"],"score":1507,"play_id":"22687297-d38a-453f-8ce0-d4f4d088d9fb","local_time":"20210206025739","is_ascension_mode":true,"campfire_choices":[{"data":"Lockon","floor":6.0,"key":"SMITH"},{"floor":15.0,"key":"REST"},{"data":"Echo Form","floor":25.0,"key":"SMITH"},{"data":"Ghostly","floor":30,"key":"SMITH"},{"data":"Apotheosis","floor":32,"key":"SMITH"},{"data":"Strike_B","floor":45,"key":"PURGE"},{"floor":49,"key":"RECALL"},{"floor":52,"key":"REST"}],"circlet_count":0,"master_deck":["Strike_B+1","Strike_B","Defend_B+1","Zap","Dualcast","Lockon+1","Auto Shields","Seek","Leap","Coolheaded","Darkness","Streamline+1","Undo","Echo Form+1","Conserve Battery","Apotheosis+1","Ghostly+1","Ghostly","Ghostly","Ghostly","Ghostly","Self Repair","Melter","Defragment+1","Parasite","Conserve Battery","Fusion","Redo+1"],"relics":["Cracked Core","NeowsBlessing","Bronze Scales","Dream Catcher","War Paint","Orichalcum","Oddly Smooth Stone","Whetstone","Runic Pyramid","Membership Card","Bag of Marbles","Centennial Puzzle","MealTicket","Lantern","Pantograph","Philosopher\u0027s Stone","Ice Cream","Peace Pipe","Eternal Feather","Pen Nib","Blood Vial"],"acts_visited":["Exordium","TheCity","TheBeyond","TheEnding"],"potions_floor_usage":[39,39,55,55,55],"damage_taken":[{"damage":0.0,"enemies":"Cultist","floor":1.0,"turns":1.0},{"damage":0.0,"enemies":"2 Louse","floor":4.0,"turns":1.0},{"damage":0.0,"enemies":"3 Sentries","floor":7.0,"turns":1.0},{"damage":0.0,"enemies":"Jaw Worm","floor":10.0,"turns":2.0},{"damage":12.0,"enemies":"Exordium Thugs","floor":11.0,"turns":4.0},{"damage":32.0,"enemies":"Gremlin Nob","floor":12.0,"turns":6.0},{"damage":8.0,"enemies":"Hexaghost","floor":16.0,"turns":8.0},{"damage":12.0,"enemies":"Shell Parasite","floor":18.0,"turns":5.0},{"damage":21.0,"enemies":"Spheric Guardian","floor":19.0,"turns":7.0},{"damage":0.0,"enemies":"Gremlin Leader","floor":23.0,"turns":7.0},{"damage":0.0,"enemies":"Snecko","floor":24.0,"turns":5.0},{"damage":26.0,"enemies":"Slavers","floor":27.0,"turns":10.0},{"damage":0,"enemies":"Book of Stabbing","floor":29,"turns":5},{"damage":0,"enemies":"Automaton","floor":33,"turns":12},{"damage":0,"enemies":"3 Darklings","floor":35,"turns":7},{"damage":14,"enemies":"3 Shapes","floor":38,"turns":6},{"damage":4,"enemies":"Jaw Worm Horde","floor":39,"turns":6},{"damage":6,"enemies":"Spire Growth","floor":40,"turns":5},{"damage":0,"enemies":"3 Darklings","floor":41,"turns":7},{"damage":0,"enemies":"Reptomancer","floor":42,"turns":9},{"damage":6,"enemies":"Jaw Worm Horde","floor":44,"turns":5},{"damage":11,"enemies":"Nemesis","floor":46,"turns":7},{"damage":2,"enemies":"Writhing Mass","floor":48,"turns":5},{"damage":0,"enemies":"Time Eater","floor":50,"turns":12},{"damage":0,"enemies":"Shield and Spear","floor":54,"turns":9},{"damage":37,"enemies":"The Heart","floor":55,"turns":11}],"seed_played":"2025036352905181853","potions_obtained":[{"floor":7.0,"key":"LiquidMemories"},{"floor":11.0,"key":"SkillPotion"},{"floor":16.0,"key":"Ancient Potion"},{"floor":19.0,"key":"LiquidMemories"},{"floor":23.0,"key":"AttackPotion"},{"floor":39,"key":"Fruit Juice"},{"floor":40,"key":"Fire Potion"},{"floor":44,"key":"LiquidBronze"},{"floor":54,"key":"LiquidBronze"}],"is_trial":false,"path_per_floor":["M","$","?","M","?","R","E","$","T","M","M","E","$","T","R","B",null,"M","M","$","?","?","E","M","R","T","E","$","E","R","?","R","B",null,"M","$","$","M","M","M","M","E","T","M","R","E","$","M","R","B",null,"R","$","E","B",null],"character_chosen":"DEFECT","items_purchased":["War Paint","Streamline","Membership Card","Apotheosis","Lantern","Fire Potion","Ice Cream","Pen Nib","Fusion"],"campfire_rested":2,"item_purchase_floors":[8,13,20,20,28,28,36,47,53],"current_hp_per_floor":[75,75,72,72,61,61,61,61,61,61,49,17,17,17,39,31,75,63,42,42,42,37,37,37,37,37,11,26,26,26,26,26,37,37,37,37,37,33,42,42,42,42,42,42,42,41,42,42,42,42,42,42,42,42,15],"gold":50,"neow_bonus":"THREE_ENEMY_KILL","is_daily":false,"chose_seed":false,"campfire_upgraded":4,"win_rate":0.0,"timestamp":1612598259,"path_taken":["M","?","?","M","?","R","E","?","T","?","M","E","$","?","R","BOSS","M","M","$","?","?","E","M","R","T","E","$","E","R","?","R","BOSS","M","?","$","M","M","M","M","E","T","M","R","E","$","M","R","BOSS","R","$","E","BOSS"],"items_purchased_type":["Relic","Card","Relic","Card","Relic","Potion","Relic","Relic","Card"],"build_version":"2020-12-22","purchased_purges":3,"victory":true,"max_hp_per_floor":[75,75,75,75,75,75,75,75,75,75,75,75,75,75,75,75,75,75,75,75,75,37,37,37,37,37,37,37,37,37,37,37,37,37,37,37,37,37,42,42,42,42,42,42,42,42,42,42,42,42,42,42,42,42,42],"card_choices":[{"not_picked":["Streamline","FTL"],"picked":"Lockon","floor":1.0},{"not_picked":["Consume","Chaos"],"picked":"Auto Shields","floor":4.0},{"not_picked":["Stack","Compile Driver"],"picked":"Seek","floor":7.0},{"not_picked":["Hologram","Turbo"],"picked":"Leap","floor":10.0},{"not_picked":["Gash","Barrage"],"picked":"Coolheaded","floor":11.0},{"not_picked":["Hello World","Redo"],"picked":"Darkness","floor":12.0},{"not_picked":["Cold Snap","Hello World"],"picked":"Undo","floor":15.0},{"not_picked":["Creative AI","Biased Cognition"],"picked":"Echo Form","floor":16.0},{"not_picked":["Rebound+1","Redo"],"picked":"Conserve Battery","floor":18.0},{"not_picked":["Coolheaded","Steam+1","Hologram"],"picked":"SKIP","floor":19.0},{"not_picked":["Hologram","Storm","Beam Cell+1"],"picked":"SKIP","floor":23.0},{"not_picked":["Compile Driver","Conserve Battery","Turbo"],"picked":"SKIP","floor":24.0},{"not_picked":["Streamline","Barrage","BootSequence"],"picked":"SKIP","floor":27.0},{"not_picked":["Gash","Compile Driver"],"picked":"Self Repair","floor":29},{"not_picked":["Self Repair+1","Beam Cell","Compile Driver"],"picked":"SKIP","floor":35},{"not_picked":["Steam","Sweeping Beam+1","Darkness"],"picked":"SKIP","floor":38},{"not_picked":["All For One","Ball Lightning+1"],"picked":"Melter","floor":39},{"not_picked":["Compile Driver+1","Blizzard","Hologram"],"picked":"SKIP","floor":40},{"not_picked":["Compile Driver","Turbo","Coolheaded"],"picked":"SKIP","floor":41},{"not_picked":["Steam Power","Sweeping Beam+1"],"picked":"Defragment+1","floor":42},{"not_picked":["Barrage+1","Stack+1","Hologram"],"picked":"SKIP","floor":44},{"not_picked":["Hologram","Rebound+1","Turbo"],"picked":"SKIP","floor":46},{"not_picked":["Hologram+1","Leap+1","Seek"],"picked":"SKIP","floor":48},{"not_picked":["Steam","Genetic Algorithm+1"],"picked":"Conserve Battery","floor":52},{"not_picked":["Cold Snap","Sweeping Beam+1"],"picked":"Redo+1","floor":54}],"player_experience":125793,"relics_obtained":[{"floor":7.0,"key":"Dream Catcher"},{"floor":9.0,"key":"Orichalcum"},{"floor":12.0,"key":"Oddly Smooth Stone"},{"floor":14.0,"key":"Whetstone"},{"floor":23.0,"key":"Bag of Marbles"},{"floor":26.0,"key":"Centennial Puzzle"},{"floor":27.0,"key":"MealTicket"},{"floor":29,"key":"Pantograph"},{"floor":42,"key":"Peace Pipe"},{"floor":46,"key":"Eternal Feather"},{"floor":54,"key":"Blood Vial"}],"event_choices":[{"damage_healed":0.0,"max_hp_gain":0.0,"max_hp_loss":0.0,"gold_gain":0.0,"event_name":"Scrap Ooze","player_choice":"Success","floor":3.0,"gold_loss":0.0,"damage_taken":3.0,"relics_obtained":["Bronze Scales"]},{"damage_healed":0.0,"max_hp_gain":0.0,"max_hp_loss":0.0,"gold_gain":75.0,"event_name":"World of Goop","player_choice":"Gather Gold","floor":5.0,"gold_loss":0.0,"damage_taken":11.0},{"damage_healed":0.0,"max_hp_gain":0.0,"max_hp_loss":0.0,"gold_gain":99.0,"event_name":"Nest","player_choice":"Stole From Cult","floor":21.0,"gold_loss":0.0,"damage_taken":0.0},{"damage_healed":0.0,"max_hp_gain":0.0,"max_hp_loss":38.0,"gold_gain":0.0,"event_name":"Ghosts","player_choice":"Became a Ghost","floor":22.0,"gold_loss":0.0,"damage_taken":0.0,"cards_obtained":["Ghostly","Ghostly","Ghostly","Ghostly","Ghostly"]},{"cards_removed":["Defend_B"],"damage_healed":0,"gold_gain":0,"player_choice":"Offered Basic","damage_taken":0,"max_hp_gain":0,"max_hp_loss":0,"event_name":"Bonfire Elementals","floor":31,"gold_loss":0}],"is_beta":false,"boss_relics":[{"not_picked":["Calling Bell","Cursed Key"],"picked":"Runic Pyramid"},{"not_picked":["Fusion Hammer","SlaversCollar"],"picked":"Philosopher\u0027s Stone"}],"items_purged_floors":[28,36,47],"is_endless":false,"potions_floor_spawned":[7,11,16,19,23,39,40,44,54],"ascension_level":1}}