{"host":"aygt75jb8cs7sa4f","time":1612582060,"event":{"mods":["Act Like it!","BaseMod","Better Third Choice","BetterRewards","Colored Map","Conspire","GifTheSpireLib","Halation","Hallownest","Hermit","Marisa????????","Minty Spire (QoL Compilation)","Permanent Neow","Replay The Spire","Spikes Relics","StSLib","The Animator","The Bug Knight","The Cursed","The Servant 0.9.4"],"gold_per_floor":[115,130,130,149,168,168,193,45,72,72,72,72,72,98,98,202,202,222,238,238,250,0,0,0,25,25,58,58,83,83,113,113,211,211,221,237,237],"floor_reached":36,"language":"ENG","playtime":3925,"items_purged":[],"score":548,"play_id":"58804fe4-3fa7-46a1-bede-f3e76388dd11","local_time":"20210205222740","daily_mods":["SealedDeck","Flight","Elite Swarm"],"is_ascension_mode":false,"campfire_choices":[{"data":"TheCursedMod:HellsGateOpen","floor":6.0,"key":"SMITH"},{"data":"TheCursedMod:FleshFromBone","floor":10.0,"key":"SMITH"},{"data":"TheCursedMod:FleshFromBone","floor":11.0,"key":"SMITH"},{"data":"TheCursedMod:FleshFromBone","floor":12.0,"key":"SMITH"},{"data":"TheCursedMod:WearCloak","floor":13.0,"key":"SMITH"},{"data":"TheCursedMod:CollectTribute","floor":15.0,"key":"SMITH"},{"data":"TheCursedMod:ManaBullet","floor":23.0,"key":"SMITH"},{"floor":24.0,"key":"REST"},{"data":"TheCursedMod:NeowsMight","floor":28.0,"key":"SMITH"},{"data":"TheCursedMod:ManaCirculation","floor":30.0,"key":"SMITH"},{"floor":32.0,"key":"REST"}],"circlet_count":0,"master_deck":["TheCursedMod:CursedMace","TheCursedMod:CursedMace","TheCursedMod:SpitefulStrike","TheCursedMod:CursedBlade","TheCursedMod:FleshFromBone+1","TheCursedMod:FleshFromBone+1","TheCursedMod:FleshFromBone+1","TheCursedMod:WearCloak+1","TheCursedMod:HellsGateOpen+1","TheCursedMod:CursedSpellbook+1","TheCursedMod:RapidMovement+1","TheCursedMod:WearCloak+1","TheCursedMod:SpitefulPlan","TheCursedMod:WearCloak","TheCursedMod:CollectTribute+1","TheCursedMod:CollectTribute","TheCursedMod:RapidMovement","TheCursedMod:ManaBullet+1","TheCursedMod:DemonSword","TheCursedMod:NeowsMight+1","TheCursedMod:LuckyCharm","TheCursedMod:ManaCirculation+1","TheCursedMod:CursedShiv+1"],"relics":["TheCursedMod:BlackMagic101","replay:Trail_Library","Hallownest:DreamNailRelic","Kunai","Guide Book","MiniBlackHole","Art of War","Black Star","Hallownest:UnbreakableCardRelic","Question Card","halation:SelfBoilingWater","Mercury Hourglass","Pantograph","conspire:TopHat","Ice Cream","War Paint","Pondfish Scales","Replay:PocketPolymizer","halation:Risk"],"acts_visited":["Hallownest:Greenpath","Hallownest:CityofTears","Hallownest:KingdomsEdge"],"potions_floor_usage":[],"damage_taken":[{"damage":7.0,"enemies":"Hallownest:monsterHuskGuard","floor":1.0,"turns":3.0},{"damage":2.0,"enemies":"2_ Uuma","floor":2.0,"turns":5.0},{"damage":4.0,"enemies":"Hallownest:2_Baldur","floor":4.0,"turns":3.0},{"damage":10.0,"enemies":"Hallownest:monsterFoolEater","floor":5.0,"turns":4.0},{"damage":7.0,"enemies":"Hallownest:eliteCrystalGuardian","floor":7.0,"turns":7.0},{"damage":0.0,"enemies":"Hallownest:eliteMossKnight","floor":14.0,"turns":3.0},{"damage":8.0,"enemies":"Hallownest:BossFalseKnight","floor":16.0,"turns":10.0},{"damage":28.0,"enemies":"Hallownest:Guard_and_Sentry","floor":18.0,"turns":5.0},{"damage":0.0,"enemies":"Hallownest:2_Mistakes","floor":19.0,"turns":5.0},{"damage":12.0,"enemies":"Hallownest:Master_and_Novice","floor":21.0,"turns":3.0},{"damage":29.0,"enemies":"Hallownest:eliteWatcherKnight","floor":25.0,"turns":13.0},{"damage":4.0,"enemies":"Hallownest:eliteSoulWarrior","floor":27.0,"turns":5.0},{"damage":5.0,"enemies":"Hallownest:eliteWatcherKnight","floor":29.0,"turns":9.0},{"damage":0.0,"enemies":"Hallownest:eliteSoulWarrior","floor":31.0,"turns":5.0},{"damage":25.0,"enemies":"Hallownest:BossSoulMaster","floor":33.0,"turns":6.0},{"damage":36.0,"enemies":"Hallownest:2_Littles","floor":35.0,"turns":5.0},{"damage":19.0,"enemies":"Hallownest:3_Siblings","floor":36.0,"turns":7.0}],"seed_played":"3544933619618037122","potions_obtained":[{"floor":2.0,"key":"PowerPotion"},{"floor":5.0,"key":"ColorlessPotion"},{"floor":14.0,"key":"Weak Potion"}],"is_trial":true,"path_per_floor":["M","M","?","M","M","R","E","$","T","R","R","R","R","E","R","B",null,"M","M","?","M","?","R","R","E","T","E","R","E","R","E","R","B",null,"M","M"],"character_chosen":"THE_CURSED","items_purchased":["Guide Book"],"campfire_rested":2,"item_purchase_floors":[8],"current_hp_per_floor":[68,66,66,62,52,52,45,45,45,45,45,45,45,45,45,37,75,47,47,47,35,35,35,57,28,28,24,24,19,19,19,41,41,75,39,20,20],"gold":237,"neow_bonus":"","is_daily":false,"chose_seed":false,"campfire_upgraded":9,"win_rate":0.0,"timestamp":1612582060,"path_taken":["M","M","?","M","M","R","E","$","T","R","R","R","R","E","R","BOSS","M","M","?","M","?","R","R","E","T","E","R","E","R","E","R","BOSS","M","M"],"items_purchased_type":["Relic"],"build_version":"2020-12-22","purchased_purges":0,"victory":false,"max_hp_per_floor":[75,75,75,75,75,75,75,75,75,75,75,75,75,75,75,75,75,75,75,75,75,75,75,75,75,75,75,75,75,75,75,75,75,75,75,75,75],"card_choices":[{"not_picked":["TheCursedMod:Stretching","TheCursedMod:Evocation"],"picked":"TheCursedMod:RapidMovement","floor":1.0},{"not_picked":["TheCursedMod:CircleOfFlame","TheCursedMod:TroublousMinions"],"picked":"TheCursedMod:WearCloak","floor":2.0},{"not_picked":["TheCursedMod:Grudge","TheCursedMod:AshesToAshes","TheCursedMod:Torture"],"picked":"SKIP","floor":4.0},{"not_picked":["TheCursedMod:Wield","TheCursedMod:BloodBarrier"],"picked":"TheCursedMod:SpitefulPlan","floor":5.0},{"not_picked":["TheCursedMod:CursedRelics","TheCursedMod:AntiAging"],"picked":"TheCursedMod:NeowsMight","floor":7.0},{"not_picked":["TheCursedMod:DemonicPact","TheCursedMod:ManaCirculation"],"picked":"TheCursedMod:CollectTribute","floor":14.0},{"not_picked":["TheCursedMod:CursedRelics","TheCursedMod:ShockAndAwe"],"picked":"TheCursedMod:CollectTribute","floor":16.0},{"not_picked":["TheCursedMod:EmpowerCircles","TheCursedMod:Torture+1"],"picked":"TheCursedMod:RapidMovement","floor":18.0},{"not_picked":["TheCursedMod:Evocation","TheCursedMod:CircleOfFlame+1"],"picked":"TheCursedMod:ManaBullet","floor":19.0},{"not_picked":["TheCursedMod:CursedBoomerang","TheCursedMod:FleshFromBone","TheCursedMod:CircleOfCorruption"],"picked":"SKIP","floor":21.0},{"not_picked":["TheCursedMod:CollectTribute","TheCursedMod:DemonicPact"],"picked":"TheCursedMod:DemonSword","floor":25.0},{"not_picked":["TheCursedMod:CircleOfAbyss","TheCursedMod:ForbiddenAlchemy","TheCursedMod:UltimatePain"],"picked":"TheCursedMod:NeowsMight","floor":27.0},{"not_picked":["TheCursedMod:OutForBlood","TheCursedMod:CircleOfAbyss","TheCursedMod:CursedRelics"],"picked":"TheCursedMod:ManaCirculation","floor":29.0},{"not_picked":["TheCursedMod:UltimatePain","TheCursedMod:VoidForm","TheCursedMod:DemonicPact","TheCursedMod:ShockAndAwe"],"picked":"SKIP","floor":31.0},{"not_picked":["TheCursedMod:Stretching+1","TheCursedMod:CursedAmulet+1","TheCursedMod:FuryStrike"],"picked":"TheCursedMod:CursedShiv+1","floor":35.0}],"player_experience":423104,"relics_obtained":[{"floor":7.0,"key":"Kunai"},{"floor":9.0,"key":"MiniBlackHole"},{"floor":14.0,"key":"Art of War"},{"floor":25.0,"key":"Question Card"},{"floor":25.0,"key":"halation:SelfBoilingWater"},{"floor":26.0,"key":"Mercury Hourglass"},{"floor":27.0,"key":"Pantograph"},{"floor":27.0,"key":"conspire:TopHat"},{"floor":29.0,"key":"Ice Cream"},{"floor":29.0,"key":"War Paint"},{"floor":31.0,"key":"Pondfish Scales"},{"floor":31.0,"key":"Replay:PocketPolymizer"}],"event_choices":[],"is_beta":false,"boss_relics":[{"not_picked":["Replay:Grab Bag","Replay:Ancient Bell"],"picked":"Black Star"},{"not_picked":["halation:CatFaceCupcake","Sandwich"],"picked":"halation:Risk"}],"items_purged_floors":[],"is_endless":true,"potions_floor_spawned":[2,5,14,16,18,25,27,29,35],"killed_by":"Hallownest:3_Siblings","ascension_level":0}}