{"host":"7r2n0tv442aowt09","time":1612575663,"event":{"mods":["BaseMod","Curses Come First","Custom Start","Exacting","Highlight Path","Infinite Spire","Minty Spire (QoL Compilation)","Relic Sorter","StSLib"],"gold_per_floor":[159,198,178,5,5,5,98,199,199,292,304,403,514,607,619,856,868,928,940,952,964,976,1075,1087,1201,1237,1249,531,531,627,146,146,383,533,578,578,413,413,413,413,494,494,518,182,269,271,271,354,354,581,814,814,849,851,851,152,312,312,375,375,375,454,454,522,603,655,655,822,822,866,377,427,443,443,524,524,583,583,659,659,729,805,830,830,991,991,1005,832,1107,734,734,810,810,646,646,711,776,776,776,776,776,924,1070,1070,1070,1050,1099,1252],"floor_reached":109,"language":"JPN","playtime":8411,"items_purged":["Bane","Caltrops","Decay","Regret"],"score":8182,"play_id":"2d035c8f-2527-4881-bee2-be37dced31c3","local_time":"20210206104103","daily_mods":["Flight","Midas"],"is_ascension_mode":true,"campfire_choices":[{"data":"Strike_G","floor":6.0,"key":"PURGE"},{"data":"Defend_G","floor":11.0,"key":"PURGE"},{"data":"Strike_G","floor":15.0,"key":"PURGE"},{"data":"Regret","floor":24.0,"key":"PURGE"},{"data":"Poisoned Stab","floor":27.0,"key":"PURGE"},{"data":"Defend_G","floor":29.0,"key":"PURGE"},{"data":"Strike_G","floor":32.0,"key":"PURGE"},{"data":"Doubt","floor":40.0,"key":"PURGE"},{"data":"Acrobatics","floor":42.0,"key":"PURGE"},{"data":"Strike_G","floor":47.0,"key":"PURGE"},{"data":"Defend_G","floor":49.0,"key":"PURGE"},{"data":"Caltrops+1","floor":58.0,"key":"PURGE"},{"data":"Defend_G","floor":60.0,"key":"PURGE"},{"data":"Defend_G","floor":63.0,"key":"PURGE"},{"floor":67.0,"key":"REST"},{"data":"Decay","floor":84.0,"key":"PURGE"},{"data":"Dash+1","floor":99,"key":"PURGE"},{"floor":101,"key":"REST"},{"floor":105,"key":"REST"}],"circlet_count":0,"master_deck":["AscendersBane","Survivor","Neutralize+1","Escape Plan","Deflect","Burst+1","Deadly Poison+1","Crippling Poison+1","Venomology+1","Poisoned Stab+1","Bane+1","Envenom+1","Acrobatics+1","Cloak And Dagger+1","Corpse Explosion","Blade Dance","Noxious Fumes+1","Accuracy+1","Heel Hook+1","Bouncing Flask","Wraith Form v2+1","Sucker Punch+1","Adrenaline","Terror+1","Footwork+1"],"relics":["Ring of the Serpent","Sundial","Nunchaku","Tiny Chest","Happy Flower","infinitespire:Beetle Shell","Letter Opener","InkBottle","Darkstone Periapt","Singing Bowl","Nuclear Battery","Peace Pipe","Juzu Bracelet","Yang","TwistedFunnel","infinitespire:Lucky Rock","MawBank","Molten Egg 2","Bronze Scales","Meat on the Bone","Blood Vial","SlaversCollar","Question Card","Strawberry","infinitespire:PuzzleCube","Frozen Egg 2","Frozen Eye","Dream Catcher","OrangePellets","Toy Ornithopter","Tiny House","Bag of Preparation","PreservedInsect","War Paint","Medical Kit","infinitespire:Satchel","infinitespire:Midas Blood","Bag of Marbles","Fusion Hammer","ClockworkSouvenir","Orichalcum","Boot","Ninja Scroll","Bottled Flame","Regal Pillow","Odd Mushroom","Chemical X","Potion Belt","Centennial Puzzle","Anchor","Ginger","Lizard Tail","infinitespire:BottledMercury","Whetstone","Art of War","WristBlade","MealTicket","Membership Card","White Beast Statue","Thread and Needle","Bottled Lightning","Lantern","Omamori","StrikeDummy","Akabeko","Snake Skull","Empty Cage","Ornamental Fan"],"acts_visited":["Exordium","TheCity","TheBeyond","Exordium","TheCity","TheBeyond","TheEnding"],"potions_floor_usage":[97,97,102,102,102,102,103,107,107,108,108,108],"damage_taken":[{"damage":0.0,"enemies":"2 Louse","floor":1.0,"turns":4.0},{"damage":0.0,"enemies":"Cultist","floor":2.0,"turns":4.0},{"damage":3.0,"enemies":"Lagavulin","floor":7.0,"turns":5.0},{"damage":30.0,"enemies":"3 Sentries","floor":8.0,"turns":15.0},{"damage":17.0,"enemies":"Gremlin Nob","floor":10.0,"turns":4.0},{"damage":2.0,"enemies":"Lagavulin","floor":12.0,"turns":6.0},{"damage":13.0,"enemies":"3 Sentries","floor":13.0,"turns":8.0},{"damage":0.0,"enemies":"Lagavulin","floor":14.0,"turns":5.0},{"damage":5.0,"enemies":"Hexaghost","floor":16.0,"turns":6.0},{"damage":0.0,"enemies":"Chosen","floor":18.0,"turns":3.0},{"damage":1.0,"enemies":"Nightmare","floor":23.0,"turns":6.0},{"damage":26.0,"enemies":"Slavers","floor":25.0,"turns":4.0},{"damage":0.0,"enemies":"Book of Stabbing","floor":30.0,"turns":4.0},{"damage":0.0,"enemies":"Automaton","floor":33.0,"turns":9.0},{"damage":6.0,"enemies":"3 Shapes","floor":35.0,"turns":4.0},{"damage":21.0,"enemies":"Reptomancer","floor":41.0,"turns":6.0},{"damage":0.0,"enemies":"Nemesis","floor":45.0,"turns":5.0},{"damage":6.0,"enemies":"Reptomancer","floor":48.0,"turns":4.0},{"damage":16.0,"enemies":"infinitespire:MassOfShapes","floor":50.0,"turns":10.0},{"damage":76.0,"enemies":"Time Eater","floor":51.0,"turns":10.0},{"damage":0.0,"enemies":"Jaw Worm","floor":53.0,"turns":1.0},{"damage":0.0,"enemies":"Lagavulin Event","floor":57.0,"turns":3.0},{"damage":0.0,"enemies":"Gremlin Nob","floor":59.0,"turns":2.0},{"damage":0.0,"enemies":"3 Sentries","floor":62.0,"turns":2.0},{"damage":0.0,"enemies":"Gremlin Nob","floor":65.0,"turns":2.0},{"damage":0.0,"enemies":"The Mushroom Lair","floor":66.0,"turns":2.0},{"damage":0.0,"enemies":"The Guardian","floor":68.0,"turns":4.0},{"damage":0.0,"enemies":"2 Thieves","floor":70.0,"turns":2.0},{"damage":0.0,"enemies":"Chosen","floor":73.0,"turns":3.0},{"damage":0.0,"enemies":"Slavers","floor":75.0,"turns":1.0},{"damage":0.0,"enemies":"Book of Stabbing","floor":77.0,"turns":3.0},{"damage":10.0,"enemies":"Slavers","floor":79.0,"turns":2.0},{"damage":0.0,"enemies":"Gremlin Leader","floor":81.0,"turns":3.0},{"damage":0.0,"enemies":"Slavers","floor":82.0,"turns":2.0},{"damage":0.0,"enemies":"Automaton","floor":85.0,"turns":5.0},{"damage":0.0,"enemies":"Orb Walker","floor":87.0,"turns":2.0},{"damage":46.0,"enemies":"Reptomancer","floor":92.0,"turns":4.0},{"damage":0.0,"enemies":"Giant Head","floor":96.0,"turns":4.0},{"damage":21,"enemies":"Reptomancer","floor":97,"turns":2},{"damage":0,"enemies":"infinitespire:MassOfShapes","floor":102,"turns":6},{"damage":25,"enemies":"Time Eater","floor":103,"turns":7},{"damage":0,"enemies":"Shield and Spear","floor":107,"turns":3},{"damage":19,"enemies":"The Heart","floor":108,"turns":6}],"seed_played":"1932584383451913315","potions_obtained":[{"floor":1.0,"key":"PowerPotion"},{"floor":3.0,"key":"Fruit Juice"},{"floor":8.0,"key":"Dexterity Potion"},{"floor":12.0,"key":"FearPotion"},{"floor":14.0,"key":"infinitespire:BlackPotion"},{"floor":16.0,"key":"SpeedPotion"},{"floor":33.0,"key":"ColorlessPotion"},{"floor":34.0,"key":"LiquidMemories"},{"floor":45.0,"key":"PowerPotion"},{"floor":48.0,"key":"ColorlessPotion"},{"floor":51.0,"key":"LiquidMemories"},{"floor":73.0,"key":"Explosive Potion"},{"floor":82.0,"key":"Dexterity Potion"},{"floor":87.0,"key":"Weak Potion"},{"floor":92.0,"key":"BlessingOfTheForge"},{"floor":96,"key":"EntropicBrew"},{"floor":97,"key":"Fire Potion"},{"floor":102,"key":"Block Potion"},{"floor":108,"key":"CunningPotion"}],"is_trial":true,"path_per_floor":["M","M","?","$","?","R","E","E","T","E","R","E","E","E","R","B",null,"M","?","?","?","?","NM","R","E","T","R","$","R","E","$","R","B",null,"M","?","$","T","?","R","E","R","T","$","E","?","R","E","R","B","B",null,"M","?","?","$","?","R","E","R","T","E","R","T","E","?","R","B",null,"M","$","T","M","?","E","?","E","T","E","?","E","E","T","R","B",null,"M","$","?","$","?","E","T","$","T","E","E","?","R","?","R","B","B",null,"R","$","E","B",null],"character_chosen":"THE_SILENT","items_purchased":["TwistedFunnel","Frozen Egg 2","Frozen Eye","Fruit Juice","Infinite Blades+1","OrangePellets","Toy Ornithopter","Caltrops+1","Bag of Preparation","Medical Kit","infinitespire:Satchel","ClockworkSouvenir","Tiny Chest","Happy Flower","Noxious Fumes+1","Chemical X","Potion Belt","Centennial Puzzle","MealTicket","Membership Card","White Beast Statue","Lantern","Omamori","Footwork+1"],"campfire_rested":3,"item_purchase_floors":[4,28,28,28,28,31,31,31,37,44,44,56,56,56,56,71,71,71,88,90,90,94,94,106],"current_hp_per_floor":[59,59,64,64,64,64,71,41,41,34,34,32,19,41,41,38,63,65,65,65,71,77,78,78,61,61,61,66,66,68,68,68,87,102,103,103,103,103,117,117,118,118,118,118,120,116,116,124,124,119,78,119,123,116,122,122,129,129,142,142,142,144,144,144,144,146,146,146,146,148,148,148,150,150,150,150,152,152,149,155,162,164,164,164,166,166,168,168,174,174,174,140,140,155,155,169,159,180,180,180,182,182,159,178,184,184,186,173],"gold":1252,"neow_bonus":"","is_daily":false,"chose_seed":false,"campfire_upgraded":0,"win_rate":0.0,"timestamp":1612575663,"path_taken":["M","M","?","?","?","R","E","E","T","E","R","E","E","E","R","BOSS","M","?","?","?","?","NM","R","E","T","R","$","R","E","$","R","BOSS","M","?","?","?","?","R","E","R","T","$","E","?","R","E","R","BOSS","BOSS","M","?","?","$","?","R","E","R","T","E","R","?","E","?","R","BOSS","M","$","?","M","?","E","?","E","T","E","?","E","E","?","R","BOSS","M","$","?","?","?","E","?","$","T","E","E","?","R","?","R","BOSS","BOSS","R","$","E","BOSS"],"items_purchased_type":["Relic","Relic","Relic","Potion","Card","Relic","Relic","Card","Relic","Relic","Relic","Relic","Relic","Relic","Card","Relic","Relic","Relic","Relic","Relic","Relic","Relic","Relic","Card"],"build_version":"2020-12-22","purchased_purges":4,"victory":true,"max_hp_per_floor":[66,66,71,71,71,71,71,71,71,71,71,71,71,71,71,71,71,71,71,71,77,83,83,83,90,90,90,95,95,95,95,95,97,104,104,104,104,104,118,118,120,120,120,120,120,126,126,128,128,130,132,132,134,134,140,140,140,140,142,142,142,144,144,144,144,146,146,146,146,148,148,148,150,150,150,150,152,152,154,160,162,164,164,164,166,166,168,168,174,174,174,176,176,176,176,178,180,180,180,180,182,182,184,184,184,184,186,188],"card_choices":[{"not_picked":["Finisher","Eviscerate"],"picked":"Escape Plan","floor":1.0},{"not_picked":["Blade Dance","Dodge and Roll"],"picked":"Poisoned Stab","floor":2.0},{"not_picked":["Outmaneuver","Dagger Throw"],"picked":"Deflect","floor":7.0},{"not_picked":["Dagger Spray","Prepared"],"picked":"Bane","floor":8.0},{"not_picked":["Acrobatics","Tactician"],"picked":"Burst","floor":10.0},{"not_picked":["Footwork","Finisher+1"],"picked":"Deadly Poison","floor":12.0},{"not_picked":["Deadly Poison","Prepared"],"picked":"Crippling Poison","floor":13.0},{"not_picked":["Finisher+1","Sucker Punch+1"],"picked":"Dash+1","floor":14.0},{"not_picked":["Die Die Die+1","Tools of the Trade"],"picked":"Venomology","floor":16.0},{"not_picked":["Prepared","Caltrops"],"picked":"Poisoned Stab+1","floor":18.0},{"not_picked":["Flechettes+1","Sucker Punch+1"],"picked":"Backflip","floor":23.0},{"not_picked":["PiercingWail","Catalyst","Quick Slash+1"],"picked":"Caltrops","floor":25.0},{"not_picked":["Die Die Die+1","Burst","Quick Slash+1"],"picked":"Envenom+1","floor":30.0},{"not_picked":["Glass Knife+1","Venomology","Envenom+1","Unload+1"],"picked":"Singing Bowl","floor":33.0},{"not_picked":["Dagger Throw+1","Underhanded Strike+1","Blur","Backflip"],"picked":"Singing Bowl","floor":34.0},{"not_picked":["Deadly Poison","Flying Knee+1","Glass Knife+1"],"picked":"Acrobatics+1","floor":35.0},{"not_picked":["infinitespire:DeathsTouch","infinitespire:SealOfDarkness+","infinitespire:UltimateForm"],"picked":"Singing Bowl","floor":39.0},{"not_picked":["Poisoned Stab+1","Outmaneuver","Distraction","Prepared"],"picked":"Singing Bowl","floor":41.0},{"not_picked":["Riddle With Holes+1","Predator+1","Leg Sweep"],"picked":"Cloak And Dagger+1","floor":45.0},{"not_picked":["Blind","Secret Weapon","Swift Strike+1","Finesse"],"picked":"Singing Bowl","floor":46.0},{"not_picked":["Secret Weapon","Transmutation","Blind","Swift Strike+1"],"picked":"Singing Bowl","floor":46.0},{"not_picked":["Impatience","Forethought","Blind","Madness"],"picked":"Singing Bowl","floor":46.0},{"not_picked":["Backflip","Quick Slash+1","Setup","Bane+1"],"picked":"Singing Bowl","floor":48.0},{"not_picked":["Glass Knife+1","Unload+1","Burst","Phantasmal Killer"],"picked":"Singing Bowl","floor":50.0},{"not_picked":["infinitespire:FinalStrike","infinitespire:Execution","infinitespire:TheBestDefense"],"picked":"Singing Bowl","floor":51.0},{"not_picked":["infinitespire:Neurotoxin","Adrenaline","Burst"],"picked":"Corpse Explosion","floor":51.0},{"not_picked":["Flying Knee+1","Distraction","Sucker Punch+1","Crippling Poison"],"picked":"Singing Bowl","floor":53.0},{"not_picked":["Tactician","Skewer+1","Distraction"],"picked":"Accuracy+1","floor":57.0},{"not_picked":["Dagger Throw+1","Terror","Noxious Fumes+1","Leg Sweep"],"picked":"Singing Bowl","floor":59.0},{"not_picked":["Quick Slash+1","Blade Dance","Bullet Time","Setup"],"picked":"Singing Bowl","floor":62.0},{"not_picked":["Acrobatics","Dodge and Roll","Dagger Throw+1"],"picked":"Heel Hook+1","floor":65.0},{"not_picked":["Slice+1","All Out Attack+1","Bane+1","Dagger Spray+1"],"picked":"Singing Bowl","floor":66.0},{"not_picked":["Dodge and Roll","Eviscerate+1","Bane+1"],"picked":"Bouncing Flask","floor":67.0},{"not_picked":["Envenom+1","Venomology","Die Die Die+1"],"picked":"Wraith Form v2+1","floor":68.0},{"not_picked":["Cloak And Dagger","Bane+1","Dash+1","Underhanded Strike+1"],"picked":"Singing Bowl","floor":70.0},{"not_picked":["Cloak And Dagger","Deflect","Concentrate","PiercingWail"],"picked":"Singing Bowl","floor":73.0},{"not_picked":["Terror+1","Cloak And Dagger","Endless Agony+1"],"picked":"Sucker Punch+1","floor":75.0},{"not_picked":["After Image+1","Bane+1","Cloak And Dagger+1","Deadly Poison"],"picked":"Singing Bowl","floor":77.0},{"not_picked":["Tactician","Sucker Punch+1","Grand Finale+1","Acrobatics"],"picked":"Singing Bowl","floor":79.0},{"not_picked":["Sucker Punch+1","Die Die Die+1","Leg Sweep","Prepared"],"picked":"Singing Bowl","floor":81.0},{"not_picked":["Bouncing Flask","Caltrops+1","Riddle With Holes+1","Dagger Throw+1"],"picked":"Singing Bowl","floor":82.0},{"not_picked":["Night Terror","Bullet Time","After Image+1","Glass Knife+1"],"picked":"Singing Bowl","floor":85.0},{"not_picked":["Heel Hook+1","Dodge and Roll","Flechettes+1","Slice+1"],"picked":"Singing Bowl","floor":87.0},{"not_picked":["Sucker Punch+1","Heel Hook+1","Flechettes+1","Eviscerate+1"],"picked":"Singing Bowl","floor":92.0},{"not_picked":["Venomology","Predator+1","Backflip","Infinite Blades+1"],"picked":"Singing Bowl","floor":96},{"not_picked":["Quick Slash+1","Choke+1","Phantasmal Killer","Flechettes+1"],"picked":"Singing Bowl","floor":97},{"not_picked":["Acrobatics","Bane+1","Deadly Poison","Outmaneuver+1"],"picked":"Singing Bowl","floor":101},{"not_picked":["Doppelganger","Night Terror","Die Die Die+1"],"picked":"Adrenaline","floor":102},{"not_picked":["Storm of Steel","Glass Knife+1","Doppelganger","Wraith Form v2+1"],"picked":"Singing Bowl","floor":103},{"not_picked":["Crippling Poison","Concentrate","Riddle With Holes+1"],"picked":"Terror+1","floor":105},{"not_picked":["Dodge and Roll","Adrenaline","Prepared","Heel Hook+1"],"picked":"Singing Bowl","floor":107},{"not_picked":["Unload+1","Burst","Envenom+1","A Thousand Cuts+1"],"picked":"Singing Bowl","floor":108}],"player_experience":2223447,"relics_obtained":[{"floor":7.0,"key":"InkBottle"},{"floor":8.0,"key":"infinitespire:Lucky Rock"},{"floor":9.0,"key":"MawBank"},{"floor":10.0,"key":"Molten Egg 2"},{"floor":12.0,"key":"Bronze Scales"},{"floor":13.0,"key":"Meat on the Bone"},{"floor":14.0,"key":"Blood Vial"},{"floor":23.0,"key":"Question Card"},{"floor":25.0,"key":"Strawberry"},{"floor":26.0,"key":"infinitespire:PuzzleCube"},{"floor":30.0,"key":"Dream Catcher"},{"floor":38.0,"key":"Letter Opener"},{"floor":41.0,"key":"PreservedInsect"},{"floor":43.0,"key":"War Paint"},{"floor":45.0,"key":"infinitespire:Midas Blood"},{"floor":48.0,"key":"Bag of Marbles"},{"floor":59.0,"key":"Orichalcum"},{"floor":61.0,"key":"Boot"},{"floor":62.0,"key":"Ninja Scroll"},{"floor":64.0,"key":"Bottled Flame"},{"floor":65.0,"key":"Regal Pillow"},{"floor":66.0,"key":"Odd Mushroom"},{"floor":72.0,"key":"Anchor"},{"floor":75.0,"key":"Ginger"},{"floor":77.0,"key":"Lizard Tail"},{"floor":78.0,"key":"infinitespire:BottledMercury"},{"floor":79.0,"key":"Nunchaku"},{"floor":81.0,"key":"Sundial"},{"floor":82.0,"key":"Whetstone"},{"floor":83.0,"key":"Art of War"},{"floor":92.0,"key":"Thread and Needle"},{"floor":93.0,"key":"Bottled Lightning"},{"floor":95.0,"key":"StrikeDummy"},{"floor":96,"key":"Akabeko"},{"floor":97,"key":"Snake Skull"},{"floor":107,"key":"Ornamental Fan"}],"event_choices":[{"damage_healed":0.0,"max_hp_gain":0.0,"max_hp_loss":0.0,"gold_gain":0.0,"event_name":"The Woman in Blue","player_choice":"Bought 1 Potion","floor":3.0,"gold_loss":0.0,"damage_taken":0.0},{"damage_healed":0.0,"max_hp_gain":0.0,"max_hp_loss":0.0,"gold_gain":0.0,"event_name":"Living Wall","player_choice":"Grow","floor":5.0,"gold_loss":0.0,"damage_taken":0.0,"cards_upgraded":["Neutralize"]},{"damage_healed":0.0,"max_hp_gain":0.0,"max_hp_loss":0.0,"gold_gain":0.0,"event_name":"Cursed Tome","player_choice":"Ignored","floor":19.0,"gold_loss":0.0,"damage_taken":0.0},{"damage_healed":0.0,"max_hp_gain":0.0,"max_hp_loss":0.0,"gold_gain":0.0,"event_name":"The Library","player_choice":"Read","floor":20.0,"gold_loss":0.0,"damage_taken":0.0,"cards_obtained":["Bane"]},{"damage_healed":0.0,"max_hp_gain":0.0,"max_hp_loss":0.0,"gold_gain":0.0,"event_name":"Forgotten Altar","player_choice":"Smashed Altar","floor":21.0,"gold_loss":0.0,"damage_taken":0.0,"cards_obtained":["Decay"]},{"damage_healed":0.0,"max_hp_gain":0.0,"max_hp_loss":0.0,"gold_gain":0.0,"cards_transformed":["Decay","Strike_G"],"event_name":"Drug Dealer","player_choice":"Became Test Subject","floor":22.0,"gold_loss":0.0,"damage_taken":0.0,"cards_obtained":["Regret","Acrobatics"]},{"damage_healed":0.0,"max_hp_gain":0.0,"max_hp_loss":0.0,"gold_gain":0.0,"event_name":"Upgrade Shrine","player_choice":"Upgraded","floor":36.0,"gold_loss":0.0,"damage_taken":0.0,"cards_upgraded":["Burst"]},{"damage_healed":0.0,"max_hp_gain":0.0,"max_hp_loss":0.0,"gold_gain":0.0,"event_name":"SensoryStone","player_choice":"Memory 3","floor":46.0,"gold_loss":0.0,"damage_taken":10.0},{"cards_removed":["Clumsy"],"damage_healed":0.0,"max_hp_gain":0.0,"max_hp_loss":0.0,"gold_gain":0.0,"event_name":"Golden Wing","player_choice":"Card Removal","floor":54.0,"gold_loss":0.0,"damage_taken":7.0},{"damage_healed":0.0,"max_hp_gain":0.0,"max_hp_loss":0.0,"gold_gain":0.0,"event_name":"Match and Keep!","player_choice":"3 cards matched","floor":55.0,"gold_loss":0.0,"damage_taken":0.0,"cards_obtained":["Blade Dance","Decay","Caltrops"]},{"damage_healed":0.0,"max_hp_gain":0.0,"max_hp_loss":0.0,"gold_gain":0.0,"event_name":"Dead Adventurer","player_choice":"Searched \u00272\u0027 times","floor":57.0,"gold_loss":0.0,"damage_taken":0.0,"relics_obtained":["infinitespire:Beetle Shell"]},{"damage_healed":0.0,"max_hp_gain":0.0,"max_hp_loss":0.0,"gold_gain":0.0,"event_name":"Mushrooms","player_choice":"Fought Mushrooms","floor":66.0,"gold_loss":0.0,"damage_taken":0.0},{"damage_healed":0.0,"max_hp_gain":0.0,"max_hp_loss":0.0,"gold_gain":0.0,"event_name":"Ghosts","player_choice":"Ignored","floor":74.0,"gold_loss":0.0,"damage_taken":0.0},{"damage_healed":0.0,"max_hp_gain":0.0,"max_hp_loss":0.0,"gold_gain":0.0,"event_name":"Vampires","player_choice":"Ignored","floor":76.0,"gold_loss":0.0,"damage_taken":0.0},{"damage_healed":0.0,"max_hp_gain":0.0,"max_hp_loss":0.0,"gold_gain":0.0,"event_name":"Forgotten Altar","player_choice":"Smashed Altar","floor":80.0,"gold_loss":0.0,"damage_taken":0.0,"cards_obtained":["Decay"]},{"damage_healed":0.0,"max_hp_gain":0.0,"max_hp_loss":0.0,"gold_gain":275.0,"event_name":"Golden Shrine","player_choice":"Desecrate","floor":89.0,"gold_loss":0.0,"damage_taken":0.0,"cards_obtained":["Regret"]},{"damage_healed":0.0,"max_hp_gain":0.0,"max_hp_loss":0.0,"gold_gain":0.0,"event_name":"Tomb of Lord Red Mask","player_choice":"Ignored","floor":91.0,"gold_loss":0.0,"damage_taken":0.0},{"damage_healed":36,"gold_gain":0,"player_choice":"Writhe","damage_taken":0,"max_hp_gain":0,"max_hp_loss":0,"event_name":"Winding Halls","floor":98,"gold_loss":0,"cards_obtained":["Writhe"]},{"cards_removed":["Caltrops"],"damage_healed":0,"gold_gain":0,"player_choice":"Removed Power","damage_taken":0,"max_hp_gain":0,"max_hp_loss":0,"event_name":"Falling","floor":100,"gold_loss":0}],"is_beta":false,"boss_relics":[{"not_picked":["Black Star","Philosopher\u0027s Stone"],"picked":"SlaversCollar"},{"not_picked":["Runic Dome","Calling Bell"],"picked":"Tiny House"},{"not_picked":["Runic Pyramid","Pandora\u0027s Box"],"picked":"Fusion Hammer"},{"not_picked":["HoveringKite","Cursed Key"],"picked":"Ring of the Serpent"},{"not_picked":["Busted Crown","Runic Pyramid"],"picked":"WristBlade"},{"not_picked":["Snecko Eye","Runic Dome"],"picked":"Empty Cage"}],"items_purged_floors":[28,31,56,90],"is_endless":true,"potions_floor_spawned":[1,12,14,16,23,25,30,33,45,48,51,53,57,65,66,73,79,82,87,92,96,97,102,103,107,108],"ascension_level":20}}