{"host":"rw1trt79hfpl7pom","time":1612618876,"event":{"mods":["BaseMod","Bestiary","Colored Map","Minty Spire (QoL Compilation)","Relic Stats","StSLib","SuperFastMode"],"gold_per_floor":[109,21,21,38,38,82,82,126,126,146,146,162,205,205,205,300,300,325,325,351,351,362,387,406,450,450,490,490,527,527,556,556,637,637,659,684,684,711,730,766,766,784,793,832,832,860,860,886,886,886,886,886,886,102,144,144],"floor_reached":57,"language":"ENG","playtime":4468,"items_purged":["Strike_R"],"score":2793,"play_id":"2eaf5072-bea4-4e26-9b4f-ea6928c50299","local_time":"20210206054116","is_ascension_mode":true,"campfire_choices":[{"data":"Carnage","floor":7.0,"key":"SMITH"},{"data":"Armaments","floor":11.0,"key":"SMITH"},{"floor":15.0,"key":"REST"},{"data":"Whirlwind","floor":28.0,"key":"SMITH"},{"data":"Dual Wield","floor":30.0,"key":"SMITH"},{"data":"Strike_R","floor":32.0,"key":"PURGE"},{"floor":41.0,"key":"RECALL"},{"data":"Parasite","floor":45.0,"key":"PURGE"},{"data":"Disarm","floor":47.0,"key":"SMITH"},{"data":"Feel No Pain","floor":49.0,"key":"SMITH"},{"data":"Spot Weakness","floor":53,"key":"SMITH"}],"circlet_count":0,"master_deck":["AscendersBane","Strike_R+1","Defend_R","Defend_R+1","Defend_R","Defend_R","Bash","Armaments+1","Carnage+1","Pummel+1","Shrug It Off","Burning Pact","Sword Boomerang","Corruption","Twin Strike+1","Feel No Pain+1","Whirlwind+1","Feel No Pain","Warcry+1","Headbutt","Shrug It Off+1","Dual Wield+1","Spot Weakness+1","Reaper","Spot Weakness","Dark Embrace","Battle Trance","Disarm+1","Thinking Ahead","Chrysalis","Headbutt+1","Disarm+1","Feel No Pain","Ghostly Armor","Armaments","Exhume"],"relics":["Burning Blood","Strawberry","Bloody Idol","Meat on the Bone","Peace Pipe","Pear","Mercury Hourglass","Cursed Key","Red Mask","Bronze Scales","CeramicFish","Unceasing Top","Oddly Smooth Stone","Empty Cage","Champion Belt","Thread and Needle","Singing Bowl","Question Card","Bag of Preparation","Frozen Eye","Whetstone","White Beast Statue"],"acts_visited":["Exordium","TheCity","TheBeyond","TheEnding"],"potions_floor_usage":[51,55,56,56],"damage_taken":[{"damage":9.0,"enemies":"Small Slimes","floor":1.0,"turns":5.0},{"damage":1.0,"enemies":"2 Louse","floor":4.0,"turns":4.0},{"damage":12.0,"enemies":"3 Sentries","floor":6.0,"turns":9.0},{"damage":44.0,"enemies":"Lagavulin","floor":8.0,"turns":6.0},{"damage":7.0,"enemies":"Jaw Worm","floor":10.0,"turns":2.0},{"damage":1.0,"enemies":"3 Louse","floor":12.0,"turns":4.0},{"damage":55.0,"enemies":"3 Sentries","floor":13.0,"turns":13.0},{"damage":32.0,"enemies":"The Guardian","floor":16.0,"turns":16.0},{"damage":13.0,"enemies":"Spheric Guardian","floor":18.0,"turns":4.0},{"damage":38.0,"enemies":"Masked Bandits","floor":20.0,"turns":4.0},{"damage":14.0,"enemies":"3 Byrds","floor":22.0,"turns":5.0},{"damage":24.0,"enemies":"Gremlin Leader","floor":23.0,"turns":7.0},{"damage":27.0,"enemies":"3 Cultists","floor":24.0,"turns":5.0},{"damage":27.0,"enemies":"Slavers","floor":25.0,"turns":3.0},{"damage":7.0,"enemies":"Gremlin Leader","floor":27.0,"turns":5.0},{"damage":40.0,"enemies":"Book of Stabbing","floor":29.0,"turns":5.0},{"damage":3.0,"enemies":"Chosen and Byrds","floor":31.0,"turns":3.0},{"damage":30.0,"enemies":"Champ","floor":33.0,"turns":14.0},{"damage":11.0,"enemies":"Orb Walker","floor":35.0,"turns":5.0},{"damage":0.0,"enemies":"Mind Bloom Boss Battle","floor":36.0,"turns":7.0},{"damage":55.0,"enemies":"3 Darklings","floor":38.0,"turns":6.0},{"damage":8.0,"enemies":"Maw","floor":39.0,"turns":8.0},{"damage":76.0,"enemies":"Giant Head","floor":40.0,"turns":9.0},{"damage":80.0,"enemies":"Reptomancer","floor":44.0,"turns":11.0},{"damage":0.0,"enemies":"Transient","floor":46.0,"turns":6.0},{"damage":5.0,"enemies":"Giant Head","floor":48.0,"turns":8.0},{"damage":117.0,"enemies":"Donu and Deca","floor":50.0,"turns":9.0},{"damage":43,"enemies":"Time Eater","floor":51,"turns":15},{"damage":76,"enemies":"Shield and Spear","floor":55,"turns":10},{"damage":64,"enemies":"The Heart","floor":56,"turns":14}],"seed_played":"-4401845711326034961","potions_obtained":[{"floor":4.0,"key":"HeartOfIron"},{"floor":10.0,"key":"Regen Potion"},{"floor":12.0,"key":"SteroidPotion"},{"floor":20.0,"key":"DuplicationPotion"},{"floor":24.0,"key":"SteroidPotion"},{"floor":25.0,"key":"Energy Potion"},{"floor":31.0,"key":"DistilledChaos"},{"floor":40.0,"key":"AttackPotion"},{"floor":44.0,"key":"Strength Potion"},{"floor":46.0,"key":"FearPotion"},{"floor":55,"key":"FearPotion"}],"is_trial":false,"path_per_floor":["M","$","?","M","?","E","R","E","T","M","R","M","E","?","R","B",null,"M","?","?","T","M","E","M","E","T","E","R","E","R","M","R","B",null,"M","?","?","M","M","E","R","?","T","E","R","M","R","E","R","B","B",null,"R","$","E","B",null],"character_chosen":"IRONCLAD","items_purchased":["Carnage","Feel No Pain","Bag of Preparation","Frozen Eye","Ghostly Armor","PowerPotion","Armaments","Whetstone"],"campfire_rested":1,"item_purchase_floors":[2,54,54,54,54,54,54,54],"current_hp_per_floor":[72,72,72,77,74,68,68,42,52,51,51,56,34,9,34,20,68,61,61,46,46,55,54,50,51,51,60,60,48,48,61,61,59,78,84,84,79,70,84,84,84,84,84,56,56,72,72,83,83,45,55,76,76,83,83,83],"gold":144,"neow_bonus":"RANDOM_COMMON_RELIC","is_daily":false,"chose_seed":false,"campfire_upgraded":7,"win_rate":0.0,"timestamp":1612618876,"path_taken":["M","$","?","M","?","E","R","E","T","M","R","M","E","?","R","BOSS","M","?","?","?","M","E","M","E","T","E","R","E","R","M","R","BOSS","M","?","?","M","?","E","R","?","T","E","R","M","R","E","R","BOSS","BOSS","R","$","E","BOSS"],"items_purchased_type":["Card","Card","Relic","Relic","Card","Potion","Card","Relic"],"build_version":"2020-12-22","purchased_purges":1,"victory":true,"max_hp_per_floor":[82,82,82,82,74,74,74,74,84,84,84,84,84,84,84,84,84,84,84,84,84,84,84,84,84,84,84,84,84,84,84,84,84,84,84,84,84,84,84,84,84,84,84,84,81,81,81,83,83,83,83,83,83,83,83,83],"relic_stats":{"Singing Bowl":2,"counters":[30,221],"CeramicFish":162,"Bag of Preparation":[4],"Whetstone":["Headbutt","Pummel"],"Cursed Key":1,"Question Card":1,"Burning Blood":150,"Mercury Hourglass":[663],"Peace Pipe":2,"Bloody Idol":124,"Bronze Scales":[604],"Champion Belt":[16],"obtain_stats":[{"Pear":9,"Singing Bowl":44,"Golden Idol":5,"CeramicFish":25,"Oddly Smooth Stone":29,"Thread and Needle":40,"Bag of Preparation":54,"Whetstone":54,"Cursed Key":17,"Empty Cage":34,"Question Card":48,"Burning Blood":0,"White Beast Statue":55,"Mercury Hourglass":13,"Peace Pipe":8,"Frozen Eye":54,"Strawberry":0,"Bloody Idol":19,"Bronze Scales":23,"Red Mask":20,"Champion Belt":36,"Unceasing Top":27,"Meat on the Bone":6},{"Pear":4,"Singing Bowl":24,"Golden Idol":2,"CeramicFish":14,"Oddly Smooth Stone":16,"Thread and Needle":23,"Bag of Preparation":28,"Whetstone":28,"Cursed Key":8,"Empty Cage":18,"Question Card":26,"Burning Blood":0,"White Beast Statue":29,"Mercury Hourglass":7,"Peace Pipe":4,"Frozen Eye":28,"Strawberry":0,"Bloody Idol":9,"Bronze Scales":12,"Red Mask":10,"Champion Belt":20,"Unceasing Top":15,"Meat on the Bone":3},{"Pear":24,"Singing Bowl":159,"Golden Idol":9,"CeramicFish":86,"Oddly Smooth Stone":96,"Thread and Needle":148,"Bag of Preparation":197,"Whetstone":197,"Cursed Key":59,"Empty Cage":113,"Question Card":173,"Burning Blood":0,"White Beast Statue":207,"Mercury Hourglass":43,"Peace Pipe":24,"Frozen Eye":197,"Strawberry":0,"Bloody Idol":63,"Bronze Scales":79,"Red Mask":67,"Champion Belt":125,"Unceasing Top":91,"Meat on the Bone":18}],"Unceasing Top":[5],"Meat on the Bone":156},"card_choices":[{"not_picked":["Pommel Strike","True Grit"],"picked":"Armaments","floor":1.0},{"not_picked":["Anger","Flex"],"picked":"Pummel","floor":4.0},{"not_picked":["Warcry","Body Slam","Heavy Blade"],"picked":"SKIP","floor":6.0},{"not_picked":["Intimidate","True Grit"],"picked":"Shrug It Off","floor":8.0},{"not_picked":["Thunderclap","Pummel"],"picked":"Burning Pact","floor":10.0},{"not_picked":["Iron Wave","Havoc","Metallicize"],"picked":"SKIP","floor":12.0},{"not_picked":["Cleave","Pummel"],"picked":"Sword Boomerang","floor":13.0},{"not_picked":["Impervious","Barricade"],"picked":"Corruption","floor":16.0},{"not_picked":["Clothesline","Clash"],"picked":"Twin Strike+1","floor":18.0},{"not_picked":["Headbutt","Heavy Blade"],"picked":"Feel No Pain","floor":20.0},{"not_picked":["Thunderclap","Body Slam"],"picked":"Whirlwind","floor":22.0},{"not_picked":["Perfected Strike","Flame Barrier"],"picked":"Feel No Pain","floor":23.0},{"not_picked":["Sword Boomerang","Seeing Red"],"picked":"Warcry+1","floor":24.0},{"not_picked":["Bludgeon","Anger"],"picked":"Headbutt","floor":25.0},{"not_picked":["Clothesline","Flex"],"picked":"Shrug It Off+1","floor":27.0},{"not_picked":["Sword Boomerang","Perfected Strike"],"picked":"Dual Wield","floor":29.0},{"not_picked":["Anger","Shockwave"],"picked":"Spot Weakness","floor":31.0},{"not_picked":["Limit Break","Impervious"],"picked":"Reaper","floor":33.0},{"not_picked":["Reckless Charge","Flex"],"picked":"Spot Weakness","floor":35.0},{"not_picked":["Body Slam","Dual Wield+1"],"picked":"Dark Embrace","floor":38.0},{"not_picked":["Twin Strike","Body Slam"],"picked":"Battle Trance","floor":39.0},{"not_picked":["Sword Boomerang","Battle Trance"],"picked":"Disarm+1","floor":40.0},{"not_picked":["Bandage Up","Flash of Steel"],"picked":"Thinking Ahead","floor":42.0},{"not_picked":["Magnetism","Trip"],"picked":"Chrysalis","floor":42.0},{"not_picked":["Iron Wave+1","Wild Strike"],"picked":"Headbutt","floor":44.0},{"not_picked":["Flex+1","Thunderclap"],"picked":"Disarm","floor":46.0},{"not_picked":["Combust","Fire Breathing","Rage"],"picked":"Singing Bowl","floor":48.0},{"not_picked":["Body Slam","Pommel Strike","Evolve"],"picked":"Exhume","floor":55}],"player_experience":2615136,"relics_obtained":[{"floor":6.0,"key":"Meat on the Bone"},{"floor":8.0,"key":"Peace Pipe"},{"floor":9.0,"key":"Pear"},{"floor":13.0,"key":"Mercury Hourglass"},{"floor":20.0,"key":"Red Mask"},{"floor":23.0,"key":"Bronze Scales"},{"floor":25.0,"key":"CeramicFish"},{"floor":27.0,"key":"Unceasing Top"},{"floor":29.0,"key":"Oddly Smooth Stone"},{"floor":36.0,"key":"Champion Belt"},{"floor":40.0,"key":"Thread and Needle"},{"floor":44.0,"key":"Singing Bowl"},{"floor":48.0,"key":"Question Card"},{"floor":55,"key":"White Beast Statue"}],"event_choices":[{"damage_healed":0.0,"max_hp_gain":0.0,"max_hp_loss":0.0,"gold_gain":0.0,"event_name":"Liars Game","player_choice":"Ignored","floor":3.0,"gold_loss":0.0,"damage_taken":0.0},{"damage_healed":0.0,"max_hp_gain":0.0,"max_hp_loss":8.0,"gold_gain":0.0,"event_name":"Golden Idol","player_choice":"Lose Max HP","floor":5.0,"gold_loss":0.0,"damage_taken":0.0,"relics_obtained":["Golden Idol"]},{"damage_healed":0.0,"max_hp_gain":0.0,"max_hp_loss":0.0,"gold_gain":0.0,"event_name":"Shining Light","player_choice":"Entered Light","floor":14.0,"gold_loss":0.0,"damage_taken":25.0,"cards_upgraded":["Strike_R","Defend_R"]},{"damage_healed":0.0,"max_hp_gain":0.0,"max_hp_loss":0.0,"gold_gain":0.0,"event_name":"Forgotten Altar","player_choice":"Gave Idol","floor":19.0,"relics_lost":["Golden Idol"],"gold_loss":0.0,"damage_taken":0.0,"relics_obtained":["Bloody Idol"]},{"damage_healed":0.0,"max_hp_gain":0.0,"max_hp_loss":0.0,"gold_gain":0.0,"event_name":"Masked Bandits","player_choice":"Fought Bandits","floor":20.0,"gold_loss":0.0,"damage_taken":0.0},{"damage_healed":0.0,"max_hp_gain":0.0,"max_hp_loss":0.0,"gold_gain":0.0,"event_name":"MindBloom","player_choice":"Fight","floor":36.0,"gold_loss":0.0,"damage_taken":0.0},{"damage_healed":0.0,"max_hp_gain":0.0,"max_hp_loss":0.0,"gold_gain":0.0,"event_name":"The Woman in Blue","player_choice":"Bought 0 Potions","floor":37.0,"gold_loss":0.0,"damage_taken":0.0},{"damage_healed":0.0,"max_hp_gain":0.0,"max_hp_loss":0.0,"gold_gain":0.0,"event_name":"SensoryStone","player_choice":"Memory 3","floor":42.0,"gold_loss":0.0,"damage_taken":10.0}],"is_beta":false,"boss_relics":[{"not_picked":["Runic Cube","Tiny House"],"picked":"Cursed Key"},{"not_picked":["Busted Crown","SacredBark"],"picked":"Empty Cage"}],"items_purged_floors":[54],"is_endless":false,"potions_floor_spawned":[4,10,12,20,24,25,31,33,38,40,44,46,55],"ascension_level":20}}