{"host":"pletss163z7s8pvv","time":1612591455,"event":{"mods":["AchievementEnabler","BaseMod","Better Altar","Better Match","Better Note","Better Sensory Stone","Better Skull","Better Third Choice","BetterRewards","CapriCore","ChefMod","Colored Map","Colored Powertips","Conspire","Energized Spire","Evolution","GifTheSpireLib","Hermit","Ironclad Rager","Marked Mod","Minty Spire (QoL Compilation)","Retaliation","Spicy Shops","StS++","StSLib","The Alterego","The Blue Laboratory","The Cursed","The Disciple","The Forsaken"],"gold_per_floor":[117,132,147,160,273,273,292,292,318,338,349,359,434,67,67,162,162,172,172,172,182,182,182,192,209,209,209,209,4,22,38,38,143,143,161,161,161,161,161],"floor_reached":38,"language":"ENG","playtime":1150,"items_purged":[],"score":395,"play_id":"9b2ada51-a58c-40b5-afd1-6041bc027cac","local_time":"20210206000415","is_ascension_mode":false,"campfire_choices":[{"floor":6,"key":"REST"},{"floor":8,"key":"RECALL"},{"floor":15,"key":"REST"},{"data":"DDmod:RechargeSkill","floor":23,"key":"SMITH"},{"floor":28,"key":"DIG"},{"floor":32,"key":"REST"}],"circlet_count":0,"master_deck":["Headbutt","Headbutt","Headbutt","Headbutt","Headbutt","DDmod:CallousedSkill+1","Bash+1","ICR:ShieldBash","ICR:ShieldBash","DDmod:UnstoppableAttack","Anger","Pommel Strike","Heavy Blade","DDmod:PokeAttack","Sword Boomerang","Disarm+1","Pummel","DDmod:RechargeSkill+1","Thunderclap","Backstab","Thunderclap","Heavy Blade","Shrug It Off+1","TheCursedMod:Dregs","Carnage","Rupture","Thunderclap","StSpp:MuscleMemory+1","Reaper","DDmod:BurningFumesPowerCard+1","Demon Form"],"relics":["Burning Blood","EVO:Axolotl","PreservedInsect","War Paint","Strange Spoon","Cursed Key","Shovel","Orichalcum","Frozen Eye"],"acts_visited":["Exordium","TheCity","TheBeyond"],"potions_floor_usage":[30,33],"damage_taken":[{"damage":9,"enemies":"conspire:RoseBush","floor":1,"turns":2},{"damage":1,"enemies":"2 Louse","floor":2,"turns":3},{"damage":0,"enemies":"Cultist","floor":3,"turns":2},{"damage":0,"enemies":"Large Slime","floor":4,"turns":5},{"damage":25,"enemies":"Exordium Wildlife","floor":7,"turns":4},{"damage":19,"enemies":"Blue Slaver","floor":10,"turns":3},{"damage":0,"enemies":"Large Slime","floor":11,"turns":3},{"damage":21,"enemies":"Gremlin Gang","floor":12,"turns":5},{"damage":43,"enemies":"The Guardian","floor":16,"turns":14},{"damage":27,"enemies":"Spheric Guardian","floor":18,"turns":4},{"damage":28,"enemies":"Shell Parasite","floor":21,"turns":5},{"damage":33,"enemies":"Shelled Parasite and Fungi","floor":24,"turns":4},{"damage":31,"enemies":"Centurion and Healer","floor":25,"turns":7},{"damage":55,"enemies":"Cultist and Chosen","floor":30,"turns":8},{"damage":12,"enemies":"Snecko","floor":31,"turns":5},{"damage":95,"enemies":"Collector","floor":33,"turns":9},{"damage":65,"enemies":"3 Shapes","floor":35,"turns":5},{"damage":53,"enemies":"3 Darklings","floor":38,"turns":7}],"seed_played":"6833773975879058246","potions_obtained":[{"floor":2,"key":"blueLaboratory:EnragingPotion"},{"floor":4,"key":"Weak Potion"},{"floor":10,"key":"FairyPotion"},{"floor":24,"key":"blueLaboratory:ForbiddenFruitJuice"}],"is_trial":false,"path_per_floor":["M","M","M","M","?","R","M","R","T","M","M","M","?","$","R","B",null,"M","?","?","M","?","R","M","M","T","?","R","$","M","M","R","B",null,"M","?","?","M"],"character_chosen":"IRONCLAD","items_purchased":["War Paint","Pummel","Strange Spoon","Frozen Eye","Carnage","Rupture"],"campfire_rested":3,"item_purchase_floors":[14,14,14,29,29,29],"current_hp_per_floor":[77,80,80,80,43,67,54,54,54,47,53,41,30,30,54,29,80,63,68,68,74,74,74,67,50,50,50,50,50,38,36,60,41,70,38,38,24,5,5],"gold":161,"neow_bonus":"IRONCLAD_RAGER","is_daily":false,"chose_seed":false,"campfire_upgraded":1,"win_rate":0.0,"timestamp":1612591455,"path_taken":["M","M","M","?","?","R","?","R","T","M","M","M","?","?","R","BOSS","M","?","?","M","?","R","M","M","T","?","R","?","?","M","R","BOSS","M","?","?","M"],"items_purchased_type":["Relic","Card","Relic","Relic","Card","Card"],"build_version":"2020-12-22","purchased_purges":0,"victory":false,"max_hp_per_floor":[80,80,80,80,80,80,80,80,80,80,80,80,80,80,80,80,80,80,80,80,80,80,80,80,80,80,80,80,80,80,80,80,70,70,70,70,70,70,70],"card_choices":[{"not_picked":["Heavy Blade","Clash"],"picked":"DDmod:UnstoppableAttack","floor":1},{"not_picked":["StSpp:Sprint","True Grit"],"picked":"Anger","floor":2},{"not_picked":["Intimidate","True Grit"],"picked":"DDmod:UnstoppableAttack","floor":3},{"not_picked":["Shrug It Off","Corruption"],"picked":"Pommel Strike","floor":4},{"not_picked":["StSpp:Sprint","DDmod:PlatedThornsSkill"],"picked":"Heavy Blade","floor":7},{"not_picked":["StSpp:Sprint","Flex"],"picked":"DDmod:PokeAttack","floor":10},{"not_picked":["StSpp:TheBiggerTheyAre","Wild Strike"],"picked":"Sword Boomerang","floor":11},{"not_picked":["Bloodletting","DDmod:EasePowerCard"],"picked":"Disarm","floor":12},{"not_picked":["Impervious","DDmod:GrandUltimatumAttack"],"picked":"DDmod:RechargeSkill","floor":16},{"not_picked":["DDmod:CallousedSkill","Iron Wave"],"picked":"Thunderclap","floor":18},{"not_picked":["Dark Embrace","DDmod:SpikeMailSkill"],"picked":"Thunderclap","floor":21},{"not_picked":["Pommel Strike","Power Through"],"picked":"Heavy Blade","floor":24},{"not_picked":["StSpp:Sprint+1","Clothesline"],"picked":"Shrug It Off+1","floor":25},{"not_picked":["StSpp:TheBiggerTheyAre","conspire:Charge"],"picked":"Thunderclap","floor":30},{"not_picked":["Perfected Strike","DDmod:EasePowerCard"],"picked":"StSpp:MuscleMemory+1","floor":31},{"not_picked":["Exhume","Corruption"],"picked":"Reaper","floor":33},{"not_picked":["Warcry","Bloodletting+1"],"picked":"DDmod:BurningFumesPowerCard+1","floor":35}],"player_experience":499038,"relics_obtained":[{"floor":26,"key":"Shovel"},{"floor":28,"key":"Orichalcum"}],"event_choices":[{"damage_healed":0,"gold_gain":113,"player_choice":"RE UP GO ","damage_taken":42,"relics_obtained":["PreservedInsect"],"max_hp_gain":0,"max_hp_loss":0,"event_name":"betterSkull:BetterSkull","floor":5,"gold_loss":0,"cards_upgraded":["Bash"]},{"damage_healed":0,"gold_gain":75,"player_choice":"Gold","damage_taken":11,"max_hp_gain":0,"max_hp_loss":0,"event_name":"betterThird:BetterGoop","floor":13,"gold_loss":0},{"cards_removed":["DDmod:CallousedSkill"],"damage_healed":5,"gold_gain":0,"player_choice":"Offered Common","damage_taken":0,"max_hp_gain":0,"max_hp_loss":0,"event_name":"Bonfire Elementals","floor":19,"gold_loss":0},{"cards_removed":["DDmod:CallousedSkill"],"damage_healed":5,"gold_gain":0,"player_choice":"Offered Special","damage_taken":0,"max_hp_gain":0,"max_hp_loss":0,"event_name":"Bonfire Elementals","floor":19,"gold_loss":0},{"cards_removed":["DDmod:RechargeSkill"],"damage_healed":0,"gold_gain":0,"player_choice":"Take \u0026 Give","damage_taken":0,"max_hp_gain":0,"max_hp_loss":0,"event_name":"betterNote:BetterNote","floor":20,"gold_loss":0,"cards_obtained":["Backstab"]},{"damage_healed":0,"gold_gain":0,"player_choice":"Ignored","damage_taken":0,"max_hp_gain":0,"max_hp_loss":0,"event_name":"Beggar","floor":22,"gold_loss":0},{"damage_healed":0,"gold_gain":0,"player_choice":"Ignored","damage_taken":0,"max_hp_gain":0,"max_hp_loss":0,"event_name":"Vampires","floor":27,"gold_loss":0},{"cards_removed":["DDmod:UnstoppableAttack"],"damage_healed":0,"gold_gain":0,"player_choice":"Removed Attack","damage_taken":0,"max_hp_gain":0,"max_hp_loss":0,"event_name":"Falling","floor":36,"gold_loss":0},{"damage_healed":0,"gold_gain":3,"player_choice":"2","damage_taken":0,"max_hp_gain":0,"max_hp_loss":14,"event_name":"betterStone:BetterStone","floor":37,"gold_loss":0}],"is_beta":false,"boss_relics":[{"not_picked":["Runic Dome","Pandora\u0027s Box"],"picked":"Cursed Key"},{"not_picked":["Velvet Choker","energizedSpire:NeverEndingSparkler","Coffee Dripper"]}],"items_purged_floors":[],"is_endless":false,"potions_floor_spawned":[2,4,10,11,21,24],"killed_by":"3 Darklings","ascension_level":0}}