{"host":"i2ntsfwoh5q5m216","time":1612584538,"event":{"mods":["BaseMod","Colored Map","Downfall","Minty Spire (QoL Compilation)","StSLib"],"gold_per_floor":[99,112,122,297,312,312,312,312,328,228,241,259,38,48,68,173,173,173,191,202,220,233,259,259,277,291,291,291,307,324,357,369,471,471,471,490,49,64,74,91,91,144,144,174,174,193,193,88,101,101],"floor_reached":51,"language":"ENG","playtime":2525,"items_purged":["Normality","downfall:Bewildered","downfall:Aged"],"score":846,"play_id":"d6c9845f-b784-4200-8a7a-c686857103cb","local_time":"20210205220858","is_ascension_mode":false,"campfire_choices":[{"data":"Apotheosis","floor":1,"key":"SMITH"},{"floor":6,"key":"RECALL"},{"data":"Slimebound:GoopSpray","floor":10,"key":"SMITH"},{"data":"Slimebound:SlimeSlap","floor":18,"key":"SMITH"},{"data":"Slimebound:LeechLife","floor":35,"key":"SMITH"},{"data":"Slimebound:GoopTackle","floor":45,"key":"SMITH"},{"floor":47,"key":"REST"}],"circlet_count":0,"master_deck":["Slimebound:Strike_Slimebound","Slimebound:Strike_Slimebound","Slimebound:Strike_Slimebound+1","Slimebound:Tackle","Slimebound:Defend_Slimebound","Slimebound:Defend_Slimebound","Slimebound:Defend_Slimebound","Slimebound:Defend_Slimebound","Slimebound:Split","Slimebound:CorrosiveSpit","Apotheosis+1","Slimebound:GrowthPunch+1","Slimebound:Schlurp","Slimebound:SplitLeeching","Slimebound:GoopSpray+1","Slimebound:DisruptingSlam","Slimebound:ComboTackle","Slimebound:LivingWall","Slimebound:Chomp","Slimebound:PressTheAttack","Slimebound:SplitLeeching","Slimebound:SlimeSlap+1","Slimebound:SlimeBarrage","Slimebound:SplitLeeching+1","Slimebound:ForwardTackle+1","Slimebound:FinishingTackle","Slimebound:SplitLeeching","bronze:Defend+1","Slimebound:Gluttony","Slimebound:SplitBruiser+1","Slimebound:RejuvenatingLick","Slimebound:RainOfGoop","Slimebound:LeechLife+1","Slimebound:FlameTackle","Slimebound:SplitAcid+1","Slimebound:GoopTackle+1","Slimebound:LeechingTouch+1","Slimebound:Gluttony+1","Slimebound:LeechingTouch+1","Slimebound:SlimeTap+1","Slimebound:OozeBath","Slimebound:SpikyOuterGoop","Slimebound:FlameTackle","Slimebound:SamplingLick+1"],"relics":["Slimebound:AbsorbEndCombat","MealTicket","downfall:HeartBlessingRed","Slimebound:TarBlob","Gremlin Horn","Pantograph","sneckomod:BabySnecko","Slimebound:AggressiveSlimeRelic","Cursed Key","Bronze Scales","Medical Kit","White Beast Statue","Orichalcum","Ice Cream"],"acts_visited":["Exordium","TheCity","TheBeyond"],"potions_floor_usage":[16,21,26,29,31,38,42,50,50,50],"damage_taken":[{"damage":11,"enemies":"Jaw Worm","floor":2,"turns":4},{"damage":2,"enemies":"Cultist","floor":3,"turns":5},{"damage":2,"enemies":"2 Louse","floor":5,"turns":3},{"damage":9,"enemies":"Lots of Slimes","floor":9,"turns":6},{"damage":15,"enemies":"Gremlin Gang","floor":11,"turns":3},{"damage":2,"enemies":"2 Fungi Beasts","floor":12,"turns":3},{"damage":0,"enemies":"downfall:FleeingMerchant","floor":13,"turns":4},{"damage":3,"enemies":"Exordium Thugs","floor":14,"turns":5},{"damage":11,"enemies":"3 Louse","floor":15,"turns":4},{"damage":0,"enemies":"WA_ARCHETYPE_RETAIN","floor":16,"turns":10},{"damage":0,"enemies":"Chosen","floor":19,"turns":6},{"damage":10,"enemies":"Spheric Guardian","floor":20,"turns":6},{"damage":0,"enemies":"Snake Plant","floor":21,"turns":3},{"damage":10,"enemies":"3 Cultists","floor":22,"turns":5},{"damage":16,"enemies":"Book of Stabbing","floor":23,"turns":6},{"damage":0,"enemies":"Cultist and Chosen","floor":25,"turns":6},{"damage":7,"enemies":"Shelled Parasite and Fungi","floor":26,"turns":6},{"damage":10,"enemies":"Snecko","floor":29,"turns":4},{"damage":0,"enemies":"3 Cultists","floor":30,"turns":5},{"damage":32,"enemies":"Gremlin Leader","floor":31,"turns":5},{"damage":5,"enemies":"Sentry and Sphere","floor":32,"turns":4},{"damage":40,"enemies":"IC_MUSHROOM_ARCHETYPE","floor":33,"turns":8},{"damage":0,"enemies":"Orb Walker","floor":36,"turns":3},{"damage":0,"enemies":"downfall:FleeingMerchant","floor":37,"turns":4},{"damage":2,"enemies":"3 Shapes","floor":38,"turns":3},{"damage":42,"enemies":"Maw","floor":39,"turns":7},{"damage":18,"enemies":"Writhing Mass","floor":40,"turns":5},{"damage":0,"enemies":"downfall:FleeingMerchant","floor":42,"turns":4},{"damage":12,"enemies":"Reptomancer","floor":44,"turns":4},{"damage":0,"enemies":"Spire Growth","floor":46,"turns":4},{"damage":12,"enemies":"Transient","floor":49,"turns":5},{"damage":63,"enemies":"DF_ARCHETYPE_ORBS","floor":50,"turns":7}],"seed_played":"3034961013750952016","potions_obtained":[{"floor":9,"key":"DuplicationPotion"},{"floor":11,"key":"champ:CounterPotion"},{"floor":15,"key":"EssenceOfSteel"},{"floor":20,"key":"Explosive Potion"},{"floor":22,"key":"Slimebound:SlimedPotion"},{"floor":23,"key":"Energy Potion"},{"floor":26,"key":"Explosive Potion"},{"floor":30,"key":"sneckomod:MuddlingPotion"},{"floor":33,"key":"Slimebound:SlimedPotion"},{"floor":38,"key":"FearPotion"},{"floor":42,"key":"SteroidPotion"},{"floor":44,"key":"Ancient Potion"},{"floor":46,"key":"SteroidPotion"}],"is_trial":false,"path_per_floor":["R","M","M","?","M","R","T","?","M","R","M","M","$","M","M","B",null,"R","M","M","M","M","E","T","M","M","?","?","M","M","E","M","B",null,"R","M","$","M","M","M","T","$","?","E","R","M","R","$","M","B",null],"character_chosen":"SLIMEBOUND","items_purchased":["Slimebound:LivingWall","Slimebound:Chomp","Bronze Scales","Medical Kit","Slimebound:GoopTackle","Orichalcum","Slimebound:SpikyOuterGoop","Slimebound:FlameTackle"],"campfire_rested":1,"item_purchase_floors":[13,13,37,37,37,42,48,48],"current_hp_per_floor":[65,56,58,58,60,60,60,60,59,59,52,54,65,65,58,65,65,65,65,55,61,59,49,49,55,56,56,56,50,58,32,27,20,65,65,65,65,65,27,25,25,56,48,44,44,52,65,65,61,6],"gold":101,"neow_bonus":"RANDOM_COLORLESS_2","is_daily":false,"chose_seed":false,"campfire_upgraded":5,"win_rate":0.0,"timestamp":1612584538,"path_taken":["R","M","M","?","M","R","T","?","M","R","?","M","$","M","M","BOSS","R","M","M","M","M","E","T","M","M","?","?","M","M","E","M","BOSS","R","M","?","?","M","M","T","$","?","E","R","M","R","?","M","BOSS"],"items_purchased_type":["Card","Card","Relic","Relic","Card","Relic","Card","Card"],"build_version":"2020-12-22","purchased_purges":3,"victory":true,"max_hp_per_floor":[65,65,65,65,65,65,65,65,65,65,65,65,65,65,65,65,65,65,65,65,65,65,65,65,65,65,65,65,65,65,65,65,65,65,65,65,65,65,65,65,65,65,65,65,65,65,65,65,65,65],"card_choices":[{"not_picked":["The Bomb","Thinking Ahead"],"picked":"Apotheosis","floor":0},{"not_picked":["Slimebound:SamplingLick","Slimebound:SlimeSpikes"],"picked":"Slimebound:GrowthPunch","floor":2},{"not_picked":["Slimebound:HauntingLick","Slimebound:Grow"],"picked":"Slimebound:Schlurp","floor":3},{"not_picked":["Slimebound:ComboTackle","Slimebound:SamplingLick"],"picked":"Slimebound:SplitLeeching","floor":5},{"not_picked":["Slimebound:SplitMire","Slimebound:ForwardTackle"],"picked":"Slimebound:GoopSpray","floor":9},{"not_picked":["Slimebound:Chomp","Slimebound:LivingWall"],"picked":"Slimebound:DisruptingSlam","floor":11},{"not_picked":["Slimebound:SplitLeeching","Slimebound:FinishingTackle"],"picked":"Slimebound:ComboTackle","floor":12},{"not_picked":["Slimebound:FirmFortitude","Slimebound:GoopTackle","Slimebound:ViciousTackle"],"picked":"SKIP","floor":13},{"not_picked":["Slimebound:Equalize","Slimebound:LivingWall"],"picked":"Slimebound:PressTheAttack","floor":14},{"not_picked":["Slimebound:ProtectTheBoss","Slimebound:Grow"],"picked":"Slimebound:SplitLeeching","floor":15},{"not_picked":["Slimebound:MinionMaster","Slimebound:DouseInSlime"],"picked":"Slimebound:SlimeSlap","floor":16},{"not_picked":["Slimebound:HauntingLick","Slimebound:DivideAndConquer"],"picked":"Slimebound:SlimeBarrage","floor":19},{"not_picked":["Slimebound:SamplingLick","Slimebound:RollThrough"],"picked":"Slimebound:SplitLeeching+1","floor":20},{"not_picked":["Slimebound:RollThrough","Slimebound:LeechingTouch+1"],"picked":"Slimebound:ForwardTackle+1","floor":21},{"not_picked":["Slimebound:ComboTackle","Slimebound:FinishingTackle","Slimebound:LivingWall"],"picked":"SKIP","floor":22},{"not_picked":["Slimebound:ViciousTackle","Slimebound:LivingWall"],"picked":"Slimebound:FormOfPuddle","floor":23},{"not_picked":["Slimebound:LivingWall","Slimebound:PressTheAttack"],"picked":"Slimebound:FinishingTackle","floor":25},{"not_picked":["Slimebound:LivingWall","Slimebound:SlimeBarrage+1"],"picked":"Slimebound:SplitLeeching","floor":26},{"not_picked":["Slimebound:SplitAcid+1","Slimebound:Equalize+1"],"picked":"Slimebound:Gluttony","floor":29},{"not_picked":["Slimebound:Schlurp","Slimebound:MegaLick"],"picked":"Slimebound:SplitBruiser+1","floor":30},{"not_picked":["Slimebound:SlimeBrawl+1","Slimebound:SlimeBarrage"],"picked":"Slimebound:RejuvenatingLick","floor":31},{"not_picked":["Slimebound:ComboTackle","Slimebound:HauntingLick"],"picked":"Slimebound:RainOfGoop","floor":32},{"not_picked":["Slimebound:DuplicatedForm","Slimebound:RallyTheTroops"],"picked":"Slimebound:LeechLife","floor":33},{"not_picked":["Slimebound:LevelUp","Slimebound:LeechEnergy"],"picked":"Slimebound:FlameTackle","floor":36},{"not_picked":["Slimebound:Prepare+1","Slimebound:GoopSpray"],"picked":"Slimebound:SplitAcid+1","floor":37},{"not_picked":["Slimebound:LeechEnergy","Slimebound:Chomp+1"],"picked":"Slimebound:LeechingTouch+1","floor":38},{"not_picked":["Slimebound:ComboTackle","Slimebound:BestDefense+1"],"picked":"Slimebound:Gluttony+1","floor":39},{"not_picked":["Slimebound:ViciousTackle+1","Slimebound:Prepare+1"],"picked":"Slimebound:LeechingTouch+1","floor":40},{"not_picked":["Slimebound:RollThrough+1","Slimebound:ComboTackle+1","Slimebound:Schlurp"],"picked":"SKIP","floor":42},{"not_picked":["Slimebound:ProtectTheBoss+1","Slimebound:LeechingTouch+1"],"picked":"Slimebound:SlimeTap+1","floor":44},{"not_picked":["Slimebound:LivingWall","Slimebound:TongueLash"],"picked":"Slimebound:OozeBath","floor":46},{"not_picked":["Slimebound:LeechEnergy+1","Slimebound:Prepare"],"picked":"Slimebound:SamplingLick+1","floor":49}],"player_experience":22699,"relics_obtained":[{"floor":7,"key":"MealTicket"},{"floor":23,"key":"Gremlin Horn"},{"floor":24,"key":"Pantograph"},{"floor":31,"key":"Slimebound:AggressiveSlimeRelic"},{"floor":41,"key":"White Beast Statue"},{"floor":44,"key":"Ice Cream"}],"event_choices":[{"damage_healed":0,"gold_gain":0,"player_choice":"Forge","damage_taken":0,"max_hp_gain":0,"max_hp_loss":0,"event_name":"Accursed Blacksmith","floor":8,"gold_loss":0,"cards_upgraded":["Slimebound:GrowthPunch"]},{"cards_removed":["Slimebound:FormOfPuddle"],"damage_healed":0,"gold_gain":0,"player_choice":"Took Card","damage_taken":0,"max_hp_gain":0,"max_hp_loss":0,"event_name":"NoteForYourself","floor":28,"gold_loss":0,"cards_obtained":["bronze:Defend"]}],"is_beta":false,"boss_relics":[{"not_picked":["Runic Pyramid","Busted Crown"],"picked":"Slimebound:TarBlob"},{"not_picked":["Sozu","Black Star"],"picked":"Cursed Key"}],"items_purged_floors":[13,37,42],"is_endless":false,"potions_floor_spawned":[9,11,15,20,22,23,26,30,33,38,40,42,44,46,49],"ascension_level":0}}