{"host":"kh6fvhxn285ncg0o","time":1612585476,"event":{"mods":["Act Like it!","BaseMod","Colored Map","Friendly Minions","Keyboard Shortcuts","Minty Spire (QoL Compilation)","Quick Restart","Relic Stats","StSLib","SuperFastMode","UnlockEverythingMod"],"gold_per_floor":[111,111,123,142,142,142,170,170,170,170,184,217,290,290,290],"floor_reached":14,"language":"KOR","playtime":1334,"items_purged":[],"score":196,"play_id":"a734541b-de9f-4010-aefe-3f8530ed514d","local_time":"20210206132436","is_ascension_mode":true,"campfire_choices":[{"data":"Inflame","floor":6.0,"key":"SMITH"},{"data":"Wild Strike","floor":8.0,"key":"SMITH"}],"circlet_count":0,"master_deck":["AscendersBane","Strike_R","Strike_R","Strike_R","Strike_R","Strike_R","Defend_R","Defend_R","Defend_R","Defend_R","Bash","Pain","Evolve","Inflame+1","Wild Strike+1","Sever Soul"],"relics":["Coffee Dripper","WarpedTongs","Frozen Egg 2","Toxic Egg 2","Golden Idol","Dream Catcher","Pear"],"acts_visited":["Exordium"],"potions_floor_usage":[],"damage_taken":[{"damage":2.0,"enemies":"Small Slimes","floor":1.0,"turns":4.0},{"damage":2.0,"enemies":"Cultist","floor":3.0,"turns":3.0},{"damage":4.0,"enemies":"2 Louse","floor":4.0,"turns":3.0},{"damage":31.0,"enemies":"3 Sentries","floor":7.0,"turns":5.0},{"damage":0.0,"enemies":"2 Fungi Beasts","floor":11.0,"turns":2.0},{"damage":11,"enemies":"Gremlin Nob","floor":12,"turns":3},{"damage":39,"enemies":"3 Sentries","floor":14,"turns":6}],"seed_played":"-3705272318541148869","potions_obtained":[{"floor":3.0,"key":"PowerPotion"},{"floor":11.0,"key":"CultistPotion"},{"floor":12,"key":"Weak Potion"}],"is_trial":false,"path_per_floor":["M","?","M","M","?","R","E","R","T","?","M","E","T","E"],"character_chosen":"IRONCLAD","items_purchased":[],"campfire_rested":0,"item_purchase_floors":[],"current_hp_per_floor":[66,66,64,60,65,65,34,34,34,34,34,23,33,0,0],"gold":290,"neow_bonus":"BOSS_RELIC","is_daily":false,"chose_seed":false,"campfire_upgraded":2,"win_rate":0.0,"timestamp":1612585476,"path_taken":["M","?","M","?","?","R","E","R","T","?","M","E","?","E"],"items_purchased_type":[],"build_version":"2020-12-22","purchased_purges":0,"victory":false,"max_hp_per_floor":[75,75,75,75,80,80,80,80,80,72,72,72,82,82,82],"relic_stats":{"Dream Catcher":0,"counters":[7,26],"Golden Idol":10,"obtain_stats":[{"Dream Catcher":12,"Pear":13,"Golden Idol":10,"Coffee Dripper":0,"Frozen Egg 2":7,"Toxic Egg 2":9,"Burning Blood":0,"WarpedTongs":2},{"Dream Catcher":6,"Pear":6,"Golden Idol":4,"Coffee Dripper":0,"Frozen Egg 2":4,"Toxic Egg 2":4,"Burning Blood":0,"WarpedTongs":1},{"Dream Catcher":20,"Pear":20,"Golden Idol":15,"Coffee Dripper":0,"Frozen Egg 2":15,"Toxic Egg 2":15,"Burning Blood":0,"WarpedTongs":4}],"WarpedTongs":[22]},"card_choices":[{"not_picked":["Sword Boomerang","Whirlwind"],"picked":"Evolve","floor":3.0},{"not_picked":["Spot Weakness","Perfected Strike"],"picked":"Inflame","floor":4.0},{"not_picked":["Twin Strike","Flex"],"picked":"Wild Strike","floor":7.0},{"not_picked":["Berserk+1","Thunderclap","Hemokinesis"],"picked":"SKIP","floor":11.0},{"not_picked":["Hemokinesis","Exhume+1"],"picked":"Sever Soul","floor":12}],"player_experience":1330291,"relics_obtained":[{"floor":7.0,"key":"Frozen Egg 2"},{"floor":9.0,"key":"Toxic Egg 2"},{"floor":12,"key":"Dream Catcher"},{"floor":13,"key":"Pear"}],"event_choices":[{"damage_healed":0.0,"max_hp_gain":0.0,"max_hp_loss":0.0,"gold_gain":0.0,"event_name":"Accursed Blacksmith","player_choice":"Rummage","floor":2.0,"gold_loss":0.0,"damage_taken":0.0,"relics_obtained":["WarpedTongs"],"cards_obtained":["Pain"]},{"damage_healed":0.0,"max_hp_gain":5.0,"max_hp_loss":0.0,"gold_gain":0.0,"event_name":"Big Fish","player_choice":"Donut","floor":5.0,"gold_loss":0.0,"damage_taken":0.0},{"damage_healed":0.0,"max_hp_gain":0.0,"max_hp_loss":8.0,"gold_gain":0.0,"event_name":"Golden Idol","player_choice":"Lose Max HP","floor":10.0,"gold_loss":0.0,"damage_taken":0.0,"relics_obtained":["Golden Idol"]}],"is_beta":false,"boss_relics":[],"items_purged_floors":[],"is_endless":false,"potions_floor_spawned":[3,11,12],"killed_by":"3 Sentries","ascension_level":20}}