{"host":"s0ikvqhe10eopvjn","time":1612651416,"event":{"mods":["Act Like it!","Bard","BaseMod","Better Third Choice","Block Reminder","Colored Map","Colored Powertips","DeckTracker","Downfall","GifTheSpireLib","Halation","Hallownest","Hermit","Highlight Path","Hubris","Infinite Spire","Mad Scientist","Minty Spire (QoL Compilation)","Permanent Neow","Random Character Button","StSLib","The Blue Laboratory","The Bug Knight","The Construct","The Cursed","The Disciple","The Marked","The Necromancer","The Poker Player","The Runesmith","The Servant 0.9.4"],"gold_per_floor":[114,130,141,141,141,172,172,150,173,173,187,199,216,232,232,333,333,344,360,360,203,203,231,247,281,320,343,63,74,74,92,92,187,187,205,205,258,272,272,272],"floor_reached":39,"language":"ENG","playtime":2388,"items_purged":[],"score":475,"play_id":"86982f8e-1b4c-41d3-a4c8-0f946b477c9f","local_time":"20210206224336","is_ascension_mode":false,"campfire_choices":[{"floor":7,"key":"REST"},{"floor":10,"key":"REST"},{"floor":15,"key":"REST"},{"floor":32,"key":"REST"}],"circlet_count":0,"master_deck":["Strike_P+1","Strike_P+1","Strike_P+1","Defend_P+1","Defend_P+1","Defend_P+1","Eruption","Vigilance","Wallop","Perseverance","PathToVictory","LikeWater","infinitespire:Punishment","CrushJoints","EmptyFist","Study","JustLucky","BowlingBash","DevaForm","EmptyBody","Weave","Evaluate","Ragnarok","WreathOfFlame+1","CarveReality+1","DeusExMachina","FollowUp","Protect","Fasting2","Crescendo","Establishment","Meditate","hubris:Rewind","PathToVictory+1","ConjureBlade","Worship+1","ClearTheMind+1","Vengeance+1"],"relics":["HolyWater","halation:PinkSoulGem","Bag of Marbles","betterThird:SlimedRelic","infinitespire:Cupcake","Orrery","HornCleat","MawBank","infinitespire:Beetle Shell","ClockworkSouvenir","Lantern","hubris:Reverence","hubris:MedicalManual","Turnip"],"acts_visited":["Exordium","TheCity","TheBeyond"],"potions_floor_usage":[14,16,23,23,23,25,31,33],"damage_taken":[{"damage":0,"enemies":"2 Louse","floor":1,"turns":2},{"damage":5,"enemies":"Small Slimes","floor":2,"turns":5},{"damage":10,"enemies":"Jaw Worm","floor":3,"turns":4},{"damage":18,"enemies":"3 Sentries","floor":6,"turns":5},{"damage":22,"enemies":"2 Fungi Beasts","floor":11,"turns":3},{"damage":8,"enemies":"Lots of Slimes","floor":12,"turns":3},{"damage":0,"enemies":"3 Louse","floor":13,"turns":1},{"damage":1,"enemies":"Blue Slaver","floor":14,"turns":3},{"damage":24,"enemies":"Hexaghost","floor":16,"turns":6},{"damage":0,"enemies":"Shell Parasite","floor":18,"turns":1},{"damage":0,"enemies":"Spheric Guardian","floor":19,"turns":1},{"damage":30,"enemies":"Nightmare","floor":23,"turns":5},{"damage":0,"enemies":"Cultist and Chosen","floor":24,"turns":6},{"damage":8,"enemies":"Book of Stabbing","floor":25,"turns":2},{"damage":0,"enemies":"Centurion and Healer","floor":27,"turns":3},{"damage":0,"enemies":"Chosen and Byrds","floor":29,"turns":4},{"damage":0,"enemies":"3 Cultists","floor":31,"turns":4},{"damage":51,"enemies":"Champ","floor":33,"turns":10},{"damage":0,"enemies":"3 Shapes","floor":35,"turns":4},{"damage":56,"enemies":"2 Orb Walkers","floor":37,"turns":6},{"damage":11,"enemies":"3 Darklings","floor":38,"turns":5},{"damage":30,"enemies":"Transient","floor":39,"turns":1}],"seed_played":"4956972622664877472","potions_obtained":[{"floor":1,"key":"blueLaboratory:FruitPreserves"},{"floor":11,"key":"Swift Potion"},{"floor":12,"key":"Explosive Potion"},{"floor":14,"key":"blueLaboratory:MidnightOil"},{"floor":16,"key":"GamblersBrew"},{"floor":18,"key":"blueLaboratory:HummingbirdPotion"},{"floor":24,"key":"PowerPotion"},{"floor":29,"key":"blueLaboratory:FruitPunch"},{"floor":31,"key":"BlessingOfTheForge"},{"floor":35,"key":"blueLaboratory:AbyssPotion"},{"floor":37,"key":"Dexterity Potion"},{"floor":38,"key":"blueLaboratory:Moonshine"}],"is_trial":false,"path_per_floor":["M","M","M","?","?","E","R","?","T","R","M","M","M","M","R","B",null,"M","M","?","$","?","NM","M","E","T","M","$","M","AVR","M","R","B",null,"M","T","?","M","M"],"character_chosen":"WATCHER","items_purchased":["Orrery","ClockworkSouvenir","Lantern"],"campfire_rested":4,"item_purchase_floors":[21,28,28],"current_hp_per_floor":[72,67,57,57,39,21,42,31,31,52,30,22,22,36,57,33,72,72,72,72,72,72,42,42,34,34,34,34,34,34,36,58,7,74,74,74,18,7,0,0],"gold":272,"neow_bonus":"TRANSFORM_CARD","is_daily":false,"chose_seed":false,"campfire_upgraded":0,"win_rate":0.0,"timestamp":1612651416,"path_taken":["M","M","M","?","?","E","R","?","T","R","M","M","M","M","R","BOSS","M","M","?","$","?","NM","?","E","T","M","$","M","AVR","?","R","BOSS","M","?","?","M","M"],"items_purchased_type":["Relic","Relic","Relic"],"build_version":"2020-12-22","purchased_purges":0,"victory":false,"max_hp_per_floor":[72,72,72,72,72,72,72,72,72,72,72,72,72,72,72,72,72,72,72,72,72,72,72,72,72,72,72,72,72,72,74,74,74,74,74,74,74,74,74,74],"card_choices":[{"not_picked":["WheelKick","Tantrum"],"picked":"Perseverance","floor":1},{"not_picked":["FlyingSleeves","EmptyFist"],"picked":"PathToVictory","floor":2},{"not_picked":["Crescendo","Wallop"],"picked":"LikeWater","floor":3},{"not_picked":["infinitespire:Gouge","hubris:Rewind"],"picked":"infinitespire:Punishment","floor":5},{"not_picked":["DeceiveReality","Wallop"],"picked":"CrushJoints","floor":6},{"not_picked":["Tantrum","LikeWater"],"picked":"EmptyFist","floor":11},{"not_picked":["Tantrum","Collect"],"picked":"Study","floor":12},{"not_picked":["CrushJoints","EmptyBody"],"picked":"JustLucky","floor":13},{"not_picked":["EmptyFist","CrushJoints"],"picked":"BowlingBash","floor":14},{"not_picked":["Omniscience","ConjureBlade"],"picked":"DevaForm","floor":16},{"not_picked":["Crescendo","JustLucky"],"picked":"EmptyBody","floor":18},{"not_picked":["Perseverance","JustLucky"],"picked":"Weave","floor":19},{"not_picked":["WreathOfFlame","Protect"],"picked":"Evaluate","floor":21},{"not_picked":["FearNoEvil","JustLucky"],"picked":"Ragnarok","floor":21},{"not_picked":["FlurryOfBlows+1","CutThroughFate"],"picked":"WreathOfFlame+1","floor":21},{"not_picked":["Perseverance","CutThroughFate"],"picked":"CarveReality+1","floor":21},{"not_picked":["EmptyFist","ClearTheMind"],"picked":"DeusExMachina","floor":21},{"not_picked":["CrushJoints","Nirvana+1"],"picked":"Protect","floor":23},{"not_picked":["Study","Perseverance"],"picked":"Fasting2","floor":24},{"not_picked":["Protect","PathToVictory"],"picked":"Crescendo","floor":25},{"not_picked":["ClearTheMind","JustLucky"],"picked":"Establishment","floor":27},{"not_picked":["JustLucky+1","BattleHymn"],"picked":"Meditate","floor":29},{"not_picked":["CarveReality","Worship"],"picked":"PathToVictory+1","floor":31},{"not_picked":["Establishment","DevaForm"],"picked":"ConjureBlade","floor":33},{"not_picked":["FollowUp","ThirdEye"],"picked":"Worship+1","floor":35},{"not_picked":["SashWhip+1","Wallop+1"],"picked":"ClearTheMind+1","floor":37},{"not_picked":["WreathOfFlame+1","ThirdEye"],"picked":"Vengeance+1","floor":38}],"player_experience":310321,"relics_obtained":[{"floor":6,"key":"Bag of Marbles"},{"floor":23,"key":"HornCleat"},{"floor":25,"key":"MawBank"},{"floor":26,"key":"infinitespire:Beetle Shell"},{"floor":36,"key":"hubris:MedicalManual"},{"floor":37,"key":"Turnip"}],"event_choices":[{"damage_healed":0,"gold_gain":0,"player_choice":"Slimed","damage_taken":11,"max_hp_gain":0,"max_hp_loss":0,"event_name":"betterThird:BetterGoop","floor":8,"gold_loss":22},{"damage_healed":0,"gold_gain":0,"player_choice":"Simplicity","damage_taken":0,"max_hp_gain":0,"max_hp_loss":7,"event_name":"betterThird:BetterWriting","floor":20,"gold_loss":0},{"damage_healed":0,"gold_gain":0,"cards_transformed":["Strike_P"],"player_choice":"Transformed","damage_taken":0,"max_hp_gain":0,"max_hp_loss":0,"event_name":"Transmorgrifier","floor":22,"gold_loss":0,"cards_obtained":["FollowUp"]},{"damage_healed":0,"gold_gain":0,"player_choice":"Fight","damage_taken":0,"max_hp_gain":0,"max_hp_loss":0,"event_name":"Mysterious Sphere","floor":37,"gold_loss":0}],"is_beta":false,"boss_relics":[{"not_picked":["halation:MonkeysPaw","Runesmith:UraniumAnvil"],"picked":"infinitespire:Cupcake"},{"not_picked":["halation:PinkAlligatorPlush","Tiny House"],"picked":"HolyWater"}],"items_purged_floors":[],"is_endless":true,"potions_floor_spawned":[1,11,12,14,16,18,24,29,31,35,37,38],"killed_by":"Transient","ascension_level":0}}