{"host":"11728qvdvolffudn","time":1612624740,"event":{"mods":["BaseMod","Block Reminder","Colored Powertips","Curses Come First","Custom Start","Displayed Cursed Tome","Highlight Path","Minty Spire (QoL Compilation)","Permanent Neow","Quick Restart","Rare Cards Sparkle","Relic Stats","StSLib","Weighted Paths"],"gold_per_floor":[113,113,126,2,12,12,12,40,40,40,51,3,3,37,37,142,142,161,178,78,90,108,108,108,108,108,108,108,136,136,100,100,205,255,273,121,141,164,176,176,209,209,282,297,313,331,54,54,54],"floor_reached":48,"language":"ENG","playtime":1833,"items_purged":["Regret","Strike_R","Strike_R"],"score":589,"play_id":"47f95c7a-9c26-4a99-a9c2-31c7730730ae","local_time":"20210206151900","is_ascension_mode":true,"campfire_choices":[{"data":"Whirlwind","floor":6,"key":"SMITH"},{"data":"Infernal Blade","floor":13,"key":"SMITH"},{"data":"Bash","floor":15,"key":"SMITH"},{"data":"Immolate","floor":23,"key":"SMITH"},{"data":"Defend_R","floor":25,"key":"SMITH"},{"data":"Flex","floor":27,"key":"SMITH"},{"floor":32,"key":"REST"},{"data":"Limit Break","floor":40,"key":"SMITH"},{"data":"Flex","floor":42,"key":"SMITH"}],"circlet_count":0,"master_deck":["Strike_R","Strike_R","Defend_R+1","Defend_R","Defend_R+1","Defend_R","Bash+1","Whirlwind+1","Flex+1","Infernal Blade+1","Flex+1","Immolate+1","Battle Trance","Shrug It Off","Inflame","Double Tap","Inflame+1","Limit Break+1","Whirlwind","Flex"],"relics":["Burning Blood","Paper Frog","Incense Burner","Pear","HornCleat","Ancient Tea Set","Torii","Enchiridion","Tiny House","Orichalcum","Sundial","Bottled Tornado","TheAbacus"],"acts_visited":["Exordium","TheCity","TheBeyond"],"potions_floor_usage":[8,8,14,29,33,33,48,48],"damage_taken":[{"damage":6.0,"enemies":"2 Louse","floor":1.0,"turns":2.0},{"damage":13,"enemies":"Small Slimes","floor":3,"turns":4},{"damage":9,"enemies":"Jaw Worm","floor":5,"turns":4},{"damage":0,"enemies":"Gremlin Nob","floor":8,"turns":2},{"damage":2,"enemies":"Exordium Wildlife","floor":11,"turns":3},{"damage":19,"enemies":"Lagavulin","floor":14,"turns":4},{"damage":61,"enemies":"The Guardian","floor":16,"turns":10},{"damage":20,"enemies":"Chosen","floor":18,"turns":5},{"damage":22,"enemies":"2 Thieves","floor":19,"turns":3},{"damage":26,"enemies":"Cultist and Chosen","floor":21,"turns":6},{"damage":0,"enemies":"Sentry and Sphere","floor":22,"turns":3},{"damage":10,"enemies":"Gremlin Leader","floor":29,"turns":4},{"damage":60,"enemies":"Collector","floor":33,"turns":10},{"damage":24,"enemies":"3 Shapes","floor":35,"turns":3},{"damage":7,"enemies":"3 Darklings","floor":37,"turns":3},{"damage":36,"enemies":"4 Shapes","floor":39,"turns":4},{"damage":2,"enemies":"Nemesis","floor":41,"turns":5},{"damage":10,"enemies":"Spire Growth","floor":44,"turns":3},{"damage":9,"enemies":"Maw","floor":45,"turns":6},{"damage":18,"enemies":"4 Shapes","floor":46,"turns":2},{"damage":58,"enemies":"Giant Head","floor":48,"turns":6}],"seed_played":"3962319589667476041","potions_obtained":[{"floor":3,"key":"DistilledChaos"},{"floor":5,"key":"Strength Potion"},{"floor":11,"key":"SteroidPotion"},{"floor":16,"key":"ElixirPotion"},{"floor":21,"key":"DuplicationPotion"},{"floor":22,"key":"GamblersBrew"},{"floor":29,"key":"Regen Potion"},{"floor":34,"key":"SmokeBomb"},{"floor":35,"key":"SteroidPotion"},{"floor":41,"key":"Dexterity Potion"},{"floor":45,"key":"Regen Potion"}],"is_trial":false,"path_per_floor":["M","?","M","$","M","R","?","E","T","?","M","$","R","E","R","B",null,"M","M","$","M","M","R","$","R","T","R","?","E","?","$","R","B",null,"M","$","M","T","M","R","E","R","T","M","M","M","$","E"],"character_chosen":"IRONCLAD","items_purchased":["Flex","Flex","Inflame","Limit Break","TheAbacus"],"campfire_rested":1,"item_purchase_floors":[4,12,31,36,47],"current_hp_per_floor":[80,80,73,73,70,70,70,76,86,79,83,83,83,70,70,15,90,76,60,60,40,46,46,46,46,46,46,46,42,26,26,53,14,95,77,77,76,76,46,46,50,50,50,46,43,31,31,0,0],"gold":54,"neow_bonus":"THREE_CARDS","is_daily":false,"chose_seed":false,"campfire_upgraded":8,"win_rate":0.0,"timestamp":1612624740,"path_taken":["M","?","M","$","M","R","?","E","T","?","?","?","R","E","R","BOSS","M","M","$","M","M","R","$","R","T","R","?","E","?","?","R","BOSS","M","$","M","?","M","R","E","R","T","M","M","M","$","E"],"items_purchased_type":["Card","Card","Card","Card","Relic"],"build_version":"2020-12-22","purchased_purges":3,"victory":false,"max_hp_per_floor":[80,80,80,80,80,80,80,80,90,90,90,90,90,90,90,90,90,90,90,90,90,90,90,90,90,90,90,90,90,90,90,90,90,95,95,95,95,95,95,95,95,95,95,95,95,95,95,95,95],"relic_stats":{"TheAbacus":[6],"Torii":17,"counters":[21,92],"Sundial":[0],"Orichalcum":[42],"obtain_stats":[{"Pear":9,"Tiny House":34,"Torii":29,"Enchiridion":30,"Incense Burner":8,"Orichalcum":38,"Bottled Tornado":43,"Ancient Tea Set":26,"Burning Blood":0,"HornCleat":14,"TheAbacus":47,"Sundial":41,"Paper Frog":2},{"Pear":4,"Tiny House":13,"Torii":12,"Enchiridion":12,"Incense Burner":4,"Orichalcum":15,"Bottled Tornado":17,"Ancient Tea Set":11,"Burning Blood":0,"HornCleat":6,"TheAbacus":20,"Sundial":17,"Paper Frog":1},{"Pear":12,"Tiny House":60,"Torii":50,"Enchiridion":50,"Incense Burner":12,"Orichalcum":66,"Bottled Tornado":75,"Ancient Tea Set":46,"Burning Blood":0,"HornCleat":19,"TheAbacus":86,"Sundial":75,"Paper Frog":2}],"Burning Blood":120},"card_choices":[{"not_picked":["Thunderclap","Wild Strike"],"picked":"Whirlwind","floor":0.0},{"not_picked":["Headbutt","Sword Boomerang","Wild Strike"],"picked":"SKIP","floor":1},{"not_picked":["Wild Strike","Hemokinesis","Anger"],"picked":"SKIP","floor":3},{"not_picked":["Twin Strike","Reckless Charge","Headbutt"],"picked":"SKIP","floor":5},{"not_picked":["Twin Strike","Cleave","Clash"],"picked":"SKIP","floor":8},{"not_picked":["Wild Strike","Pommel Strike"],"picked":"Infernal Blade","floor":11},{"not_picked":["Perfected Strike","Barricade","Cleave"],"picked":"SKIP","floor":14},{"not_picked":["Exhume","Impervious"],"picked":"Immolate","floor":16},{"not_picked":["Clothesline","Cleave"],"picked":"Battle Trance","floor":18},{"not_picked":["Entrench","Carnage","Heavy Blade"],"picked":"SKIP","floor":19},{"not_picked":["Perfected Strike+1","Twin Strike","True Grit+1"],"picked":"SKIP","floor":21},{"not_picked":["Bloodletting","Wild Strike","Heavy Blade+1"],"picked":"SKIP","floor":22},{"not_picked":["Seeing Red","Havoc+1","Hemokinesis"],"picked":"SKIP","floor":29},{"not_picked":["Offering","Reaper"],"picked":"Double Tap","floor":33},{"not_picked":["Sentinel+1","Heavy Blade+1"],"picked":"Inflame+1","floor":35},{"not_picked":["Thunderclap+1","Wild Strike","Iron Wave"],"picked":"SKIP","floor":37},{"not_picked":["Wild Strike","Iron Wave+1","Armaments"],"picked":"SKIP","floor":39},{"not_picked":["Fiend Fire","Warcry"],"picked":"Whirlwind","floor":41},{"not_picked":["True Grit","Wild Strike","Perfected Strike+1"],"picked":"SKIP","floor":44},{"not_picked":["Warcry","Heavy Blade","Evolve"],"picked":"SKIP","floor":45},{"not_picked":["Pummel","Armaments+1"],"picked":"Flex","floor":46}],"player_experience":178653,"relics_obtained":[{"floor":8,"key":"Incense Burner"},{"floor":9,"key":"Pear"},{"floor":14,"key":"HornCleat"},{"floor":26,"key":"Ancient Tea Set"},{"floor":29,"key":"Torii"},{"floor":38,"key":"Orichalcum"},{"floor":41,"key":"Sundial"},{"floor":43,"key":"Bottled Tornado"}],"event_choices":[{"damage_healed":0,"gold_gain":0,"player_choice":"Box","damage_taken":0,"relics_obtained":["Paper Frog"],"max_hp_gain":0,"max_hp_loss":0,"event_name":"Big Fish","floor":2,"gold_loss":0,"cards_obtained":["Regret"]},{"damage_healed":0,"gold_gain":0,"player_choice":"Ignored","damage_taken":0,"max_hp_gain":0,"max_hp_loss":0,"event_name":"Liars Game","floor":7,"gold_loss":0},{"cards_removed":["Strike_R"],"damage_healed":0,"gold_gain":0,"player_choice":"Card Removal","damage_taken":7,"max_hp_gain":0,"max_hp_loss":0,"event_name":"Golden Wing","floor":10,"gold_loss":0},{"damage_healed":0,"gold_gain":0,"player_choice":"Read","damage_taken":0,"max_hp_gain":0,"max_hp_loss":0,"event_name":"The Library","floor":28,"gold_loss":0,"cards_obtained":["Shrug It Off"]},{"damage_healed":0,"gold_gain":0,"player_choice":"Obtained Book","damage_taken":16,"max_hp_gain":0,"max_hp_loss":0,"event_name":"Cursed Tome","floor":30,"gold_loss":0}],"is_beta":false,"boss_relics":[{"not_picked":["Coffee Dripper","Busted Crown","Cursed Key"]},{"not_picked":["SacredBark","Runic Cube"],"picked":"Tiny House"}],"items_purged_floors":[4,20,47],"is_endless":false,"potions_floor_spawned":[3,5,11,16,21,22,29,35,41,45,46],"killed_by":"Giant Head","ascension_level":2}}