{"host":"Qube","time":1612650905,"event":{"mods":["AchievementEnabler","BaseMod","Colored Map","Colored Powertips","Highlight Path","Minty Spire (QoL Compilation)","Permanent Neow","Quick Restart","Random Character Button","StSLib"],"gold_per_floor":[110,127,127,141,160,160,160,160],"floor_reached":7,"language":"ENG","playtime":229,"items_purged":[],"score":86,"play_id":"d23027e6-f946-4f67-baaf-b5c97e4adc9b","local_time":"20210206143505","is_ascension_mode":true,"campfire_choices":[{"floor":6,"key":"REST"}],"circlet_count":0,"master_deck":["AscendersBane","Strike_G","Strike_G","Strike_G","Strike_G","Strike_G","Defend_G","Defend_G","Defend_G","Defend_G","Defend_G","Survivor","Neutralize","Predator","Leg Sweep","Calculated Gamble","Terror"],"relics":["Philosopher\u0027s Stone","Golden Idol"],"acts_visited":["Exordium"],"potions_floor_usage":[5,5],"damage_taken":[{"damage":0,"enemies":"2 Louse","floor":1,"turns":3},{"damage":6,"enemies":"Small Slimes","floor":2,"turns":4},{"damage":3,"enemies":"Jaw Worm","floor":4,"turns":4},{"damage":4,"enemies":"Exordium Thugs","floor":5,"turns":4},{"damage":43,"enemies":"Gremlin Nob","floor":7,"turns":3}],"seed_played":"-5620588854236693600","potions_obtained":[{"floor":2,"key":"SteroidPotion"},{"floor":4,"key":"AttackPotion"}],"is_trial":false,"path_per_floor":["M","M","?","M","M","R","E"],"character_chosen":"THE_SILENT","items_purchased":[],"campfire_rested":1,"item_purchase_floors":[],"current_hp_per_floor":[59,53,30,27,23,42,0,0],"gold":160,"neow_bonus":"BOSS_RELIC","is_daily":false,"chose_seed":false,"campfire_upgraded":0,"win_rate":0.0,"timestamp":1612650905,"path_taken":["M","M","?","M","M","R","E"],"items_purchased_type":[],"build_version":"2020-12-18","purchased_purges":0,"victory":false,"max_hp_per_floor":[66,66,66,66,66,66,66,66],"card_choices":[{"not_picked":["Deadly Poison","Dagger Spray"],"picked":"Predator","floor":1},{"not_picked":["Heel Hook","Deflect"],"picked":"Leg Sweep","floor":2},{"not_picked":["Bane","Dodge and Roll"],"picked":"Calculated Gamble","floor":4},{"not_picked":["Expertise","Prepared"],"picked":"Terror","floor":5}],"player_experience":1085803,"relics_obtained":[],"event_choices":[{"damage_healed":0,"gold_gain":0,"player_choice":"Take Damage","damage_taken":23,"relics_obtained":["Golden Idol"],"max_hp_gain":0,"max_hp_loss":0,"event_name":"Golden Idol","floor":3,"gold_loss":0}],"is_beta":true,"boss_relics":[],"items_purged_floors":[],"is_endless":false,"potions_floor_spawned":[2,4],"killed_by":"Gremlin Nob","ascension_level":20}}