{"host":"08yfhu6uhosdn245","time":1612575215,"event":{"mods":["2.2 Compatiblity","BaseMod","Bestiary","Colored Map","Colored Powertips","Curses Come First","Highlight Path","Minty Spire (QoL Compilation)","Quick Restart","Relic Stats","StSLib"],"gold_per_floor":[117,87,103,123,48,48,81,81,81,108,108,123,154,170,170,272,272,292,292,307,325,27,59,59,59,59,92,102,201,201,201,201,306,306,317,317,317,17,70,70,70,104,104,132,148,148,158,173,173,173,173,173,105,139,139,139],"floor_reached":55,"language":"ENG","playtime":6792,"items_purged":["Strike_P"],"score":945,"play_id":"a3723653-8b03-40b1-a2ec-4e7f1baf89b0","local_time":"20210205203335","is_ascension_mode":true,"campfire_choices":[{"data":"LessonLearned","floor":6.0,"key":"SMITH"},{"floor":8.0,"key":"REST"},{"floor":11.0,"key":"REST"},{"floor":15,"key":"REST"},{"data":"Omniscience","floor":25,"key":"SMITH"},{"floor":30,"key":"REST"},{"floor":32,"key":"REST"},{"data":"Vault","floor":40,"key":"SMITH"},{"floor":46,"key":"REST"},{"floor":49,"key":"RECALL"},{"data":"Perseverance","floor":52,"key":"SMITH"}],"circlet_count":0,"master_deck":["Strike_P+1","Strike_P+1","Strike_P+1","Defend_P+1","Defend_P+1","Defend_P+1","Defend_P+1","Eruption+1","Vigilance+1","LessonLearned+1","FlyingSleeves+1","WheelKick+1","DevaForm+1","TalkToTheHand+1","CutThroughFate+1","LikeWater","Omniscience+1","EmptyFist+1","Evaluate+1","JustLucky+1","Fasting2+1","WheelKick+1","Vault+1","CurseOfTheBell","Perseverance+1","Chrysalis+1","FlyingSleeves+1","Perseverance+1","Protect+1","LikeWater+1","Study","FlurryOfBlows"],"relics":["PureWater","WingedGreaves","Peace Pipe","Whetstone","MealTicket","Sozu","Ice Cream","White Beast Statue","Bottled Lightning","Bag of Preparation","Calling Bell","Lantern","Shuriken","CloakClasp","Letter Opener","Mango","Ornamental Fan","Sundial","Blood Vial","Mummified Hand"],"acts_visited":["Exordium","TheCity","TheBeyond","TheEnding"],"potions_floor_usage":[13,14,16,16,16,27,28,33],"damage_taken":[{"damage":7.0,"enemies":"Small Slimes","floor":1.0,"turns":3.0},{"damage":3.0,"enemies":"Cultist","floor":3.0,"turns":5.0},{"damage":0.0,"enemies":"2 Louse","floor":4.0,"turns":2.0},{"damage":17.0,"enemies":"3 Sentries","floor":7.0,"turns":4.0},{"damage":23.0,"enemies":"Lagavulin","floor":10.0,"turns":6.0},{"damage":2.0,"enemies":"Gremlin Gang","floor":12.0,"turns":5.0},{"damage":21,"enemies":"3 Sentries","floor":13,"turns":8},{"damage":4,"enemies":"Large Slime","floor":14,"turns":6},{"damage":24,"enemies":"Hexaghost","floor":16,"turns":8},{"damage":6,"enemies":"Shell Parasite","floor":18,"turns":4},{"damage":0,"enemies":"Spheric Guardian","floor":20,"turns":2},{"damage":0,"enemies":"Snecko","floor":21,"turns":3},{"damage":18,"enemies":"Gremlin Leader","floor":23,"turns":5},{"damage":62,"enemies":"Slavers","floor":27,"turns":8},{"damage":0,"enemies":"Chosen and Byrds","floor":28,"turns":7},{"damage":7,"enemies":"Champ","floor":33,"turns":8},{"damage":10,"enemies":"3 Darklings","floor":35,"turns":4},{"damage":35,"enemies":"2 Orb Walkers","floor":39,"turns":8},{"damage":0,"enemies":"Giant Head","floor":42,"turns":5},{"damage":17,"enemies":"Reptomancer","floor":44,"turns":8},{"damage":0,"enemies":"Orb Walker","floor":45,"turns":3},{"damage":0,"enemies":"Jaw Worm Horde","floor":47,"turns":6},{"damage":7,"enemies":"Spire Growth","floor":48,"turns":6},{"damage":41,"enemies":"Awakened One","floor":50,"turns":11},{"damage":45,"enemies":"Shield and Spear","floor":54,"turns":6},{"damage":46,"enemies":"The Heart","floor":55,"turns":2}],"seed_played":"-3850853296753394375","potions_obtained":[{"floor":1.0,"key":"EntropicBrew"},{"floor":2.0,"key":"Strength Potion"},{"floor":2.0,"key":"StancePotion"},{"floor":10.0,"key":"PowerPotion"},{"floor":14,"key":"BottledMiracle"},{"floor":16,"key":"Energy Potion"}],"is_trial":false,"path_per_floor":["M","?","M","M","$","R","E","R","T","E","R","M","E","M","R","B",null,"M","?","M","M","$","E","$","R","T","E","M","?","R","T","R","B",null,"M","?","?","$","?","R","$","E","T","E","M","R","M","M","R","B",null,"R","$","E","B"],"character_chosen":"WATCHER","items_purchased":["Ice Cream","Letter Opener","FlyingSleeves","Study"],"campfire_rested":6,"item_purchase_floors":[22,38,38,53],"current_hp_per_floor":[44,44,41,41,41,41,24,45,45,22,43,41,20,16,37,13,57,51,51,51,51,66,48,63,63,63,1,1,1,22,22,43,36,63,53,53,53,68,47,47,62,62,62,45,47,72,74,69,69,30,72,72,86,41,0,0],"gold":139,"neow_bonus":"THREE_RARE_CARDS","is_daily":false,"chose_seed":false,"campfire_upgraded":4,"win_rate":0.0,"timestamp":1612575215,"path_taken":["M","?","M","M","$","R","E","R","T","E","R","?","E","M","R","BOSS","M","?","M","?","$","E","$","R","T","E","M","?","R","?","R","BOSS","M","?","?","$","?","R","$","E","T","E","M","R","M","?","R","BOSS","R","$","E","BOSS"],"items_purchased_type":["Relic","Relic","Card","Card"],"build_version":"2020-12-22","purchased_purges":1,"victory":false,"max_hp_per_floor":[72,72,72,72,72,72,72,72,72,72,72,72,72,72,72,72,72,72,72,72,72,72,72,72,72,72,72,72,72,72,72,72,72,72,72,72,72,72,86,86,86,86,86,86,86,86,86,86,86,86,86,86,86,86,86,86],"relic_stats":{"counters":[26,143],"Bag of Preparation":[24],"CloakClasp":[145],"Whetstone":["Eruption","FlyingSleeves"],"Letter Opener":[142],"Peace Pipe":1,"Sozu":16,"Blood Vial":10,"Shuriken":[21],"Ornamental Fan":[56],"Sundial":[4],"Mummified Hand":[6],"MealTicket":74,"obtain_stats":[{"Ice Cream":22,"Lantern":34,"Mango":39,"Bag of Preparation":27,"CloakClasp":34,"Whetstone":10,"Letter Opener":38,"White Beast Statue":23,"Peace Pipe":9,"Sozu":17,"Calling Bell":34,"Blood Vial":44,"Shuriken":34,"Ornamental Fan":42,"Sundial":43,"Mummified Hand":54,"MealTicket":13,"WingedGreaves":7,"Bottled Lightning":26,"PureWater":0},{"Ice Cream":12,"Lantern":16,"Mango":18,"Bag of Preparation":14,"CloakClasp":16,"Whetstone":5,"Letter Opener":17,"White Beast Statue":13,"Peace Pipe":4,"Sozu":9,"Calling Bell":16,"Blood Vial":20,"Shuriken":16,"Ornamental Fan":19,"Sundial":19,"Mummified Hand":25,"MealTicket":7,"WingedGreaves":4,"Bottled Lightning":13,"PureWater":0},{"Ice Cream":56,"Lantern":84,"Mango":96,"Bag of Preparation":69,"CloakClasp":84,"Whetstone":20,"Letter Opener":88,"White Beast Statue":61,"Peace Pipe":14,"Sozu":47,"Calling Bell":84,"Blood Vial":109,"Shuriken":84,"Ornamental Fan":101,"Sundial":101,"Mummified Hand":141,"MealTicket":33,"WingedGreaves":14,"Bottled Lightning":61,"PureWater":0}]},"card_choices":[{"not_picked":["Vault","Alpha"],"picked":"LessonLearned","floor":0.0},{"not_picked":["Meditate","EmptyBody"],"picked":"FlyingSleeves","floor":1.0},{"not_picked":["Worship","Halt"],"picked":"WheelKick","floor":3.0},{"not_picked":["Halt","EmptyFist","BowlingBash"],"picked":"SKIP","floor":4.0},{"not_picked":["Consecrate","Crescendo"],"picked":"DevaForm","floor":7.0},{"not_picked":["JustLucky","PathToVictory"],"picked":"TalkToTheHand","floor":10.0},{"not_picked":["WaveOfTheHand","Vengeance"],"picked":"CutThroughFate","floor":12},{"not_picked":["SashWhip","DeusExMachina"],"picked":"LikeWater","floor":13},{"not_picked":["ClearTheMind","ForeignInfluence","Crescendo"],"picked":"SKIP","floor":14},{"not_picked":["SpiritShield","Ragnarok"],"picked":"Omniscience","floor":16},{"not_picked":["FlyingSleeves","CrushJoints"],"picked":"EmptyFist","floor":18},{"not_picked":["ForeignInfluence","JustLucky+1"],"picked":"Evaluate+1","floor":20},{"not_picked":["CarveReality","Protect"],"picked":"JustLucky+1","floor":21},{"not_picked":["EmptyBody","Brilliance","WindmillStrike"],"picked":"SKIP","floor":23},{"not_picked":["BowlingBash+1","Worship+1"],"picked":"Fasting2","floor":27},{"not_picked":["Adaptation","PathToVictory"],"picked":"WheelKick","floor":28},{"not_picked":["DeusExMachina","ConjureBlade"],"picked":"Vault","floor":33},{"not_picked":["EmptyFist","ClearTheMind"],"picked":"Perseverance+1","floor":35},{"not_picked":["Purity","Swift Strike"],"picked":"Chrysalis","floor":37},{"not_picked":["PathToVictory","Consecrate"],"picked":"Perseverance","floor":39},{"not_picked":["MasterReality","Indignation"],"picked":"Protect","floor":42},{"not_picked":["Evaluate+1","Pray+1","WaveOfTheHand+1"],"picked":"SKIP","floor":44},{"not_picked":["ForeignInfluence","Crescendo+1"],"picked":"LikeWater","floor":45},{"not_picked":["Evaluate","SashWhip+1","Consecrate"],"picked":"SKIP","floor":47},{"not_picked":["Wireheading","Adaptation+1","FlyingSleeves+1"],"picked":"SKIP","floor":48},{"not_picked":["JustLucky","Blasphemy"],"picked":"FlurryOfBlows","floor":54}],"player_experience":361115,"relics_obtained":[{"floor":7.0,"key":"WingedGreaves"},{"floor":9.0,"key":"Peace Pipe"},{"floor":10.0,"key":"Whetstone"},{"floor":13,"key":"MealTicket"},{"floor":23,"key":"White Beast Statue"},{"floor":26,"key":"Bottled Lightning"},{"floor":27,"key":"Bag of Preparation"},{"floor":34,"key":"Lantern"},{"floor":34,"key":"Shuriken"},{"floor":34,"key":"CloakClasp"},{"floor":39,"key":"Mango"},{"floor":42,"key":"Ornamental Fan"},{"floor":43,"key":"Sundial"},{"floor":44,"key":"Blood Vial"},{"floor":54,"key":"Mummified Hand"}],"event_choices":[{"damage_healed":0.0,"max_hp_gain":0.0,"max_hp_loss":0.0,"gold_gain":0.0,"event_name":"The Woman in Blue","player_choice":"Bought 2 Potions","floor":2.0,"gold_loss":0.0,"damage_taken":0.0},{"damage_healed":0,"gold_gain":0,"player_choice":"Got Potions","damage_taken":0,"max_hp_gain":0,"max_hp_loss":0,"event_name":"Lab","floor":19,"gold_loss":0},{"damage_healed":0,"gold_gain":99,"player_choice":"Stole From Cult","damage_taken":0,"max_hp_gain":0,"max_hp_loss":0,"event_name":"Nest","floor":29,"gold_loss":0},{"damage_healed":0,"gold_gain":0,"player_choice":"Ignored","damage_taken":0,"max_hp_gain":0,"max_hp_loss":0,"event_name":"Tomb of Lord Red Mask","floor":36,"gold_loss":0},{"damage_healed":0,"gold_gain":0,"player_choice":"Memory 1","damage_taken":0,"max_hp_gain":0,"max_hp_loss":0,"event_name":"SensoryStone","floor":37,"gold_loss":0},{"damage_healed":0,"gold_gain":0,"player_choice":"Fight","damage_taken":0,"max_hp_gain":0,"max_hp_loss":0,"event_name":"Mysterious Sphere","floor":39,"gold_loss":0}],"is_beta":false,"boss_relics":[{"not_picked":["Coffee Dripper","Pandora\u0027s Box"],"picked":"Sozu"},{"not_picked":["Empty Cage","Astrolabe"],"picked":"Calling Bell"}],"items_purged_floors":[5],"is_endless":false,"potions_floor_spawned":[1,10,14,16,20,21,27,28,33,35,39,42,44,45,47,48,54],"killed_by":"The Heart","ascension_level":5}}