{"host":"h7xtspmc2x3i8s2i","time":1612595021,"event":{"mods":["2.2 Compatiblity","AchievementEnabler","Act Like it!","AlwaysNeverKeys","Aspiration","Astrologer","BaseMod","Bestiary","Better Altar","Better Match","Better Note","Better Sensory Stone","Better Skull","Better Third Choice","Better Vampires","Better-Laid Plans","Colored Map","Colored Powertips","Conjunction","Curses Come First","Defuse TimeMaze Blight","Dio Mod","Disable Question Mark Monsters","Dota2Spire","Downfall","EXCEPTION","Emptier Cage","Energized Spire","Evolution","Friendly Minions","GifTheSpireLib","Gold Saver","Gremlin Skip","Halation","Hubris","Hyrulean Relics","Infinite Spire","Jedi Mod","Key Reminder","Marked Mod","Minty Spire (QoL Compilation)","Permanent Neow","Potion Indicator Mod","Quick Restart","Random Character Button","Random Character Mod","Rare Cards Sparkle","Relic Filter","Relic Stats","Reliquary","Replay The Spire","SacredBarkPlus","Shop Mod","Smile Girya","Somnambulant","Spicy Shops","Spikes Relics","Spire Birthday Party","StSLib","Steal the Spire","Stuff the Spire","SuperFastMode","The Awakened One except there are too many feathers","The Blue Laboratory","The Cursed","The Death Knight","The Edgeheg","The Problem Sleuth","The Runesmith","The Wild Card","Trackpad","Transform Curses","Uncapped","Unceasing Turn Reminder","Virulent Crown","Wide Potions","everything is the same but u backflip on backflip","slay the spire mod where everything is the same but ironclad has a cowboy hat"],"gold_per_floor":[99,116,133,133,149,176,176,176,176,192,92,152,171,11,21,121,121,21,38,38,39,39,68,68,68,53,66,91,91,91,91,101,199,199,199,199,211,222,222,222,269,286,312,312,327,352,252,268,281,297,297,297,297],"floor_reached":52,"language":"ENG","playtime":2911,"items_purged":["Runesmith:Strike_RS"],"score":787,"play_id":"4a13a475-1f60-45c3-9f89-4ba7f87bcdac","local_time":"20210206020341","is_ascension_mode":true,"campfire_choices":[{"floor":1,"key":"RECALL"},{"data":"Runesmith:RunicBlueprint","floor":11,"key":"SMITH"},{"data":"Runesmith:OneForEveryone","floor":30,"key":"SMITH"},{"data":"Runesmith:RunicBlueprint","floor":35,"key":"SMITH"},{"floor":47,"key":"REST"}],"circlet_count":0,"master_deck":["Runesmith:HeatExchange","Runesmith:Strike_RS","Runesmith:Strike_RS","Runesmith:Defend_RS","Runesmith:Defend_RS","Runesmith:Defend_RS","Runesmith:Defend_RS","Runesmith:CraftFirestone+1","Runesmith:Fortify","Runesmith:RunicBlueprint+1","Runesmith:Attraction+1","Runesmith:CraftSpiculum","Runesmith:RuneHurl","Runesmith:RuneHurl","Runesmith:CraftMagma","Runesmith:RuneHurl+1","Runesmith:Supernova+1","Runesmith:CraftIndustria+1","Runesmith:HammerThrow","Runesmith:Reinforce","Runesmith:OneForEveryone+1","Runesmith:RunicBlueprint+1","Runesmith:ChaoticBlast","Runesmith:CraftPrismatica","Runesmith:Duplicate","Runesmith:GoWithTheFlow+1","Runesmith:ChaoticBlast+1"],"relics":["Runesmith:BrokenRuby","EVO:Axolotl","reliquary:SharkskinSheath","Dota2Spire:CrimsonGuard","downfall:HeartBlessingRed","aspiration:SeaSaltIceCream","dioMod:VampireBlood","MerchantsRug","Dota2Spire:Bloodstone","downfall:HeartBlessingGreen","halation:BlackBeret","Pantograph","BicycleWheel","Guide Book","Dota2Spire:PhaseBoots","Durian","aspiration:FrozenJewel","reliquary:WeakTea","downfall:HeartBlessingBlue"],"acts_visited":["Exordium","TheCity","TheBeyond"],"potions_floor_usage":[6,12,13,16,19,37,37,46,48,51,51],"damage_taken":[{"damage":0,"enemies":"Small Slimes","floor":2,"turns":3},{"damage":0,"enemies":"Cultist","floor":3,"turns":4},{"damage":0,"enemies":"Jaw Worm","floor":5,"turns":4},{"damage":27,"enemies":"Lagavulin","floor":6,"turns":6},{"damage":1,"enemies":"3 Louse","floor":10,"turns":3},{"damage":8,"enemies":"Lagavulin Event","floor":12,"turns":5},{"damage":4,"enemies":"Exordium Wildlife","floor":13,"turns":3},{"damage":0,"enemies":"downfall:FleeingMerchant","floor":14,"turns":4},{"damage":2,"enemies":"2 Fungi Beasts","floor":15,"turns":3},{"damage":13,"enemies":"IC_STATUS_ARCHETYPE","floor":16,"turns":6},{"damage":10,"enemies":"Spheric Guardian","floor":19,"turns":3},{"damage":9,"enemies":"downfall:FleeingMerchant","floor":21,"turns":4},{"damage":0,"enemies":"Slavers","floor":23,"turns":5},{"damage":0,"enemies":"downfall:FleeingMerchant","floor":26,"turns":4},{"damage":0,"enemies":"Centurion and Healer","floor":27,"turns":3},{"damage":0,"enemies":"Gremlin Leader","floor":28,"turns":5},{"damage":0,"enemies":"Snecko","floor":32,"turns":5},{"damage":0,"enemies":"WA_ARCHETYPE_CALM","floor":33,"turns":5},{"damage":0,"enemies":"Orb Walker","floor":37,"turns":3},{"damage":9,"enemies":"3 Darklings","floor":38,"turns":4},{"damage":0,"enemies":"Jaw Worm Horde","floor":42,"turns":1},{"damage":0,"enemies":"Reptomancer","floor":43,"turns":3},{"damage":0,"enemies":"Writhing Mass","floor":45,"turns":2},{"damage":42,"enemies":"Nightmare","floor":46,"turns":6},{"damage":0,"enemies":"ME_ARCHETYPE_MERCHANT","floor":48,"turns":9},{"damage":0,"enemies":"3 Darklings","floor":49,"turns":2},{"damage":0,"enemies":"4 Shapes","floor":50,"turns":2},{"damage":0,"enemies":"ME_ARCHETYPE_MERCHANT","floor":52,"turns":1}],"seed_played":"2911650364511516528","potions_obtained":[{"floor":0,"key":"SkillPotion"},{"floor":5,"key":"blueLaboratory:BubblePotion"},{"floor":12,"key":"blueLaboratory:BottleOfVodka"},{"floor":15,"key":"Fire Potion"},{"floor":16,"key":"AttackPotion"},{"floor":19,"key":"blueLaboratory:NullPotion"},{"floor":33,"key":"SpeedPotion"},{"floor":37,"key":"jedi:mysterypotion"},{"floor":38,"key":"Conjunction:LightningMarble"},{"floor":45,"key":"jedi:tentaclejuice"},{"floor":46,"key":"Swift Potion"},{"floor":48,"key":"Ancient Potion"}],"is_trial":false,"path_per_floor":["R","M","M","?","M","E","T","?","?","M","R","?","M","$","M","B",null,"R_BF","M","?","$","?","E","T","?","$","M","E","$","R","?","M","B",null,"R","?","M","M","?","T","T","M","E","T","M","NM","R","M","M","M","B","M"],"character_chosen":"RUNESMITH_CLASS","items_purchased":["MerchantsRug","Guide Book"],"campfire_rested":1,"item_purchase_floors":[14,29],"current_hp_per_floor":[70,70,70,70,70,43,43,43,58,57,57,52,54,54,58,48,70,70,63,50,41,41,59,59,59,59,65,75,60,60,60,63,75,75,75,75,75,75,75,75,75,75,80,80,80,41,78,81,90,90,84,84,84],"gold":297,"neow_bonus":"THREE_SMALL_POTIONS","is_daily":false,"chose_seed":false,"campfire_upgraded":3,"win_rate":0.0,"timestamp":1612595021,"path_taken":["R","M","M","?","?","E","T","?","?","?","R","?","?","$","M","BOSS","R_BF","M","?","$","?","E","T","?","?","?","E","?","R","?","M","BOSS","R","?","?","M","?","?","T","?","E","?","M","NM","R","M","M","BOSS"],"items_purchased_type":["Relic","Relic"],"build_version":"2020-12-22","purchased_purges":1,"victory":false,"max_hp_per_floor":[70,70,70,70,70,70,70,70,70,70,70,70,70,70,70,70,70,70,70,75,75,75,75,75,75,75,75,75,75,75,75,75,75,75,75,75,75,75,75,75,75,75,80,80,80,80,90,90,90,90,90,90,90],"relic_stats":{"counters":[28,109],"Pantograph":12,"obtain_stats":[{"halation:BlackBeret":23,"MerchantsRug":14,"Runesmith:BrokenRuby":0,"downfall:HeartBlessingRed":11,"Guide Book":29,"downfall:HeartBlessingGreen":18,"Dota2Spire:Bloodstone":17,"EVO:Axolotl":0,"aspiration:SeaSaltIceCream":12,"reliquary:WeakTea":46,"aspiration:FrozenJewel":44,"keyreminder:keyreminder":1,"Dota2Spire:CrimsonGuard":7,"dioMod:VampireBlood":12,"downfall:HeartBlessingBlue":47,"Pantograph":24,"Durian":43,"BicycleWheel":28,"reliquary:SharkskinSheath":6,"Dota2Spire:PhaseBoots":41},{"halation:BlackBeret":13,"MerchantsRug":8,"Runesmith:BrokenRuby":0,"downfall:HeartBlessingRed":5,"Guide Book":16,"downfall:HeartBlessingGreen":10,"Dota2Spire:Bloodstone":10,"EVO:Axolotl":0,"aspiration:SeaSaltIceCream":5,"reliquary:WeakTea":24,"aspiration:FrozenJewel":22,"keyreminder:keyreminder":0,"Dota2Spire:CrimsonGuard":4,"dioMod:VampireBlood":5,"downfall:HeartBlessingBlue":24,"Pantograph":13,"Durian":22,"BicycleWheel":16,"reliquary:SharkskinSheath":4,"Dota2Spire:PhaseBoots":20},{"halation:BlackBeret":53,"MerchantsRug":32,"Runesmith:BrokenRuby":0,"downfall:HeartBlessingRed":20,"Guide Book":65,"downfall:HeartBlessingGreen":41,"Dota2Spire:Bloodstone":41,"EVO:Axolotl":0,"aspiration:SeaSaltIceCream":20,"reliquary:WeakTea":94,"aspiration:FrozenJewel":86,"keyreminder:keyreminder":0,"Dota2Spire:CrimsonGuard":17,"dioMod:VampireBlood":20,"downfall:HeartBlessingBlue":94,"Pantograph":53,"Durian":86,"BicycleWheel":65,"reliquary:SharkskinSheath":17,"Dota2Spire:PhaseBoots":82}]},"card_choices":[{"not_picked":["Runesmith:NegativeSpace","Runesmith:HeatedChisel"],"picked":"Runesmith:RunicBlueprint","floor":2},{"not_picked":["Runesmith:MakeshiftArmor","Runesmith:Permafrost"],"picked":"Runesmith:Attraction","floor":3},{"not_picked":["Runesmith:StaticCage","Runesmith:ChiselStab"],"picked":"Runesmith:CraftSpiculum","floor":5},{"not_picked":["Runesmith:CraftMagma","Runesmith:UnlimitedPower"],"picked":"Runesmith:RuneHurl","floor":6},{"not_picked":["Runesmith:HeatExchange","Runesmith:Superposition"],"picked":"Runesmith:RuneHurl","floor":10},{"not_picked":["Runesmith:CraftSpiculum","Runesmith:UnstableHammer"],"picked":"Runesmith:CraftMagma","floor":13},{"not_picked":["Runesmith:EnergizedChisel","Runesmith:Repurpose"],"picked":"Runesmith:RuneHurl","floor":14},{"not_picked":["Runesmith:Superposition","Runesmith:HeatedChisel"],"picked":"Runesmith:Supernova","floor":15},{"not_picked":["Runesmith:Duplicate","Runesmith:FissionHammer"],"picked":"Runesmith:CraftIndustria","floor":16},{"not_picked":["Runesmith:ChiselStab","Runesmith:Repurpose"],"picked":"Runesmith:HammerThrow","floor":19},{"not_picked":["Runesmith:HeatExchange+1","Runesmith:PoweredAnvil","Runesmith:Firewall"],"picked":"SKIP","floor":21},{"not_picked":["Runesmith:Superposition","Runesmith:Permafrost+1"],"picked":"Runesmith:Reinforce","floor":23},{"not_picked":["Runesmith:ChiselStab","Runesmith:EnergizedChisel+1","Runesmith:CraftMagma+1"],"picked":"SKIP","floor":26},{"not_picked":["Runesmith:HeatedChisel","Runesmith:EarthShield"],"picked":"Runesmith:OneForEveryone","floor":27},{"not_picked":["Runesmith:Malloc+1","Runesmith:RuneHurl"],"picked":"Runesmith:RunicBlueprint","floor":28},{"not_picked":["Runesmith:Repurpose+1","Runesmith:HammerTime"],"picked":"Runesmith:ChaoticBlast","floor":32},{"not_picked":["Runesmith:CreatorForm","Runesmith:GrandSlam"],"picked":"Runesmith:CraftPrismatica","floor":33},{"not_picked":["Runesmith:CraftProtectio","Runesmith:HammerAndChisel","Runesmith:ChiselStab"],"picked":"SKIP","floor":37},{"not_picked":["Runesmith:EarthShield","Runesmith:Firewall","Runesmith:ShiftingStrike"],"picked":"SKIP","floor":38},{"not_picked":["Runesmith:StaticCage+1","Runesmith:Firewall+1","Runesmith:HammerThrow"],"picked":"SKIP","floor":42},{"not_picked":["Runesmith:WhiteBalance","Runesmith:EnergizedChisel+1","Runesmith:ElementalConversion"],"picked":"SKIP","floor":43},{"not_picked":["Runesmith:EarthShield","Runesmith:MakeshiftArmor+1"],"picked":"Runesmith:Duplicate","floor":45},{"not_picked":["Runesmith:Prism+1","Runesmith:Electrocute+1"],"picked":"Runesmith:GoWithTheFlow+1","floor":46},{"not_picked":["Runesmith:LithiumIon","Runesmith:ShiftingStrike+1"],"picked":"Runesmith:ChaoticBlast+1","floor":48},{"not_picked":["Runesmith:EnergizedChisel+1","Runesmith:Prism+1","Runesmith:CraftIncendium"],"picked":"SKIP","floor":49},{"not_picked":["Runesmith:MakeshiftArmor","Runesmith:HammerThrow+1","Runesmith:HeatedChisel+1"],"picked":"SKIP","floor":50}],"player_experience":384994,"relics_obtained":[{"floor":6,"key":"reliquary:SharkskinSheath"},{"floor":7,"key":"Dota2Spire:CrimsonGuard"},{"floor":23,"key":"halation:BlackBeret"},{"floor":24,"key":"Pantograph"},{"floor":28,"key":"BicycleWheel"},{"floor":41,"key":"Dota2Spire:PhaseBoots"},{"floor":43,"key":"Durian"},{"floor":44,"key":"aspiration:FrozenJewel"},{"floor":46,"key":"reliquary:WeakTea"}],"event_choices":[{"damage_healed":0,"gold_gain":0,"player_choice":"Forge","damage_taken":0,"max_hp_gain":0,"max_hp_loss":0,"event_name":"Accursed Blacksmith","floor":4,"gold_loss":0,"cards_upgraded":["Runesmith:CraftFirestone"]}],"is_beta":false,"boss_relics":[{"not_picked":["energizedSpire:StickyHand","Runic Dome"],"picked":"Dota2Spire:Bloodstone"},{"not_picked":["hubris:CrackedHourglass","StuffTheSpire:RunicHypercube","jedi:hotpepper"]}],"items_purged_floors":[29],"is_endless":false,"potions_floor_spawned":[5,12,15,16,19,33,37,38,45,46,48],"killed_by":"ME_ARCHETYPE_MERCHANT","ascension_level":1}}