{"host":"dpe3norgfzki4jhi","time":1612614837,"event":{"mods":["AchievementEnabler","Act Like it!","BaseMod","Colored Map","Friendly Minions","Koishi","Luminous","Minty Spire (QoL Compilation)","Onozuka Komachi Mod","Reimu£¨ÚÏ???£©","Remilia_Scarlet Moed£¨?Ú·×é?¡¤ÞÙ?Öô÷å£©3.3.5","StSLib","SuperFastMode","The Alterego","The Death Knight","Yakumo Yukari mod","Youmu£¨ûëÛÞèí?£©","Yuyuko"],"gold_per_floor":[111,111,129,148,161,187,187,200,227,237,111,111,111,129,129,225,225,237,251,269,269,269,269,282,282,363,378,456,469,469,483,483,483,483],"floor_reached":33,"language":"KOR","playtime":2985,"items_purged":["Komachi:Strike"],"score":278,"play_id":"1b80a791-7195-473a-b890-3f0978bf394a","local_time":"20210206213357","is_ascension_mode":false,"campfire_choices":[{"data":"Komachi:Remorse","floor":7.0,"key":"SMITH"},{"data":"Komachi:EndlessWay","floor":13.0,"key":"SMITH"},{"data":"Komachi:Bound","floor":15.0,"key":"SMITH"},{"data":"Komachi:InnerSoul","floor":23,"key":"SMITH"},{"data":"Komachi:SinnerSpirit","floor":25,"key":"SMITH"},{"floor":30,"key":"REST"},{"data":"Komachi:EndlessWay","floor":32,"key":"SMITH"}],"circlet_count":0,"master_deck":["Komachi:Strike","Komachi:Strike","Komachi:Strike","Komachi:Defend","Komachi:Defend","Komachi:Defend","Komachi:Defend","Komachi:Bound+1","Komachi:ReaperScythe","Komachi:LonelySpirit","Komachi:TasteDeath","Komachi:EtherealCut","Komachi:Remorse+1","Komachi:EndlessWay+1","Komachi:FearAura","Komachi:RiverMist","Parasite","Komachi:Memento","Komachi:InnerSoul+1","Komachi:SinnerSpirit+1","Komachi:HumanSpirit+1","Komachi:SinnerSpirit","Komachi:EndlessWay+1"],"relics":["Komachi:Relic:FerryingBoat","Pear","MealTicket","SacredBark","CultistMask","Singing Bowl"],"acts_visited":["Exordium","TheCity"],"potions_floor_usage":[29,33,33,33],"damage_taken":[{"damage":4.0,"enemies":"Small Slimes","floor":1.0,"turns":5.0},{"damage":5.0,"enemies":"Cultist","floor":3.0,"turns":4.0},{"damage":9.0,"enemies":"2 Louse","floor":4.0,"turns":3.0},{"damage":3.0,"enemies":"Looter","floor":5.0,"turns":2.0},{"damage":53.0,"enemies":"Gremlin Nob","floor":6.0,"turns":5.0},{"damage":14.0,"enemies":"Exordium Thugs","floor":8.0,"turns":4.0},{"damage":0.0,"enemies":"Gremlin Gang","floor":10.0,"turns":3.0},{"damage":5.0,"enemies":"2 Fungi Beasts","floor":14.0,"turns":3.0},{"damage":31.0,"enemies":"Hexaghost","floor":16.0,"turns":8.0},{"damage":3.0,"enemies":"Spheric Guardian","floor":18.0,"turns":3.0},{"damage":12.0,"enemies":"Chosen","floor":19.0,"turns":4.0},{"damage":21.0,"enemies":"Snake Plant","floor":20.0,"turns":4.0},{"damage":20,"enemies":"Centurion and Healer","floor":24,"turns":6},{"damage":22,"enemies":"Snecko","floor":27,"turns":5},{"damage":15,"enemies":"Cultist and Chosen","floor":29,"turns":5},{"damage":6,"enemies":"Snake Plant","floor":31,"turns":3},{"damage":36,"enemies":"Collector","floor":33,"turns":3}],"seed_played":"-5389177288883146392","potions_obtained":[{"floor":3.0,"key":"Strength Potion"},{"floor":6.0,"key":"Swift Potion"},{"floor":8.0,"key":"Fire Potion"},{"floor":10.0,"key":"SpeedPotion"},{"floor":16.0,"key":"FearPotion"},{"floor":24,"key":"DeathKnight:BottledBloodEchoes"},{"floor":29,"key":"LiquidMemories"},{"floor":31,"key":"Energy Potion"}],"is_trial":false,"path_per_floor":["M","?","M","M","M","E","R","M","T","M","$","?","R","M","R","B",null,"M","M","M","?","?","R","M","R","T","M","T","M","R","M","R","B"],"character_chosen":"KOMACHI_CLASS","items_purchased":["Komachi:RiverMist"],"campfire_rested":1,"item_purchase_floors":[11],"current_hp_per_floor":[78,78,73,64,61,18,18,4,4,4,19,42,42,37,37,6,92,89,77,56,56,56,56,36,36,36,16,16,3,31,25,25,0,0],"gold":483,"neow_bonus":"TEN_PERCENT_HP_BONUS","is_daily":false,"chose_seed":false,"campfire_upgraded":6,"win_rate":0.0,"timestamp":1612614837,"path_taken":["M","?","?","M","M","E","R","M","T","M","$","?","R","M","R","BOSS","M","M","M","?","?","R","M","R","T","?","?","M","R","M","R","BOSS"],"items_purchased_type":["Card"],"build_version":"2020-12-22","purchased_purges":1,"victory":false,"max_hp_per_floor":[82,82,82,82,82,92,92,92,92,92,92,92,92,92,92,92,92,92,92,92,92,92,92,92,92,92,94,94,96,96,96,96,96,96],"card_choices":[{"not_picked":["Komachi:FearAura","Komachi:CollectTip"],"picked":"Komachi:LonelySpirit","floor":1.0},{"not_picked":["Komachi:AwaitedRest","Komachi:BoatSanzu"],"picked":"Komachi:TasteDeath","floor":3.0},{"not_picked":["Komachi:EarthSpirit","Komachi:EaseRest"],"picked":"Komachi:EtherealCut","floor":4.0},{"not_picked":["Komachi:TasteDeath","Komachi:WanderingSpirits"],"picked":"Komachi:Remorse","floor":5.0},{"not_picked":["Komachi:UnseenSpirit","Komachi:LonelySpirit"],"picked":"Komachi:EndlessWay","floor":6.0},{"not_picked":["Komachi:Drowning","Komachi:UnseenSpirit"],"picked":"Komachi:FearAura","floor":8.0},{"not_picked":["Komachi:SpiritualEnergy","Komachi:ChangeRoute","Komachi:Exorcism"],"picked":"SKIP","floor":10.0},{"not_picked":["Komachi:Drowning","Komachi:YesterdayMoney"],"picked":"Komachi:Memento","floor":14.0},{"not_picked":["Komachi:ChangeRoute","Komachi:FastBreak"],"picked":"Komachi:InnerSoul","floor":16.0},{"not_picked":["Komachi:Drowning+1","Komachi:Offerings"],"picked":"Komachi:SinnerSpirit","floor":18.0},{"not_picked":["Komachi:AwaitedRest","Komachi:FlowRiver","Komachi:BoatSanzu"],"picked":"SKIP","floor":19.0},{"not_picked":["Komachi:YesterdayMoney+1","Komachi:EndlessWay+1"],"picked":"Komachi:HumanSpirit+1","floor":20.0},{"not_picked":["Komachi:RiverMist+1","Komachi:UnseenSpirit"],"picked":"Komachi:SinnerSpirit","floor":24},{"not_picked":["Komachi:LonelySpirit+1","Komachi:SpiritBlade+1","Komachi:PowerSharing"],"picked":"Singing Bowl","floor":27},{"not_picked":["Komachi:HumanSpirit+1","Komachi:UnseenSpirit","Komachi:SinRecollection"],"picked":"Singing Bowl","floor":29},{"not_picked":["Komachi:EaseRest","Komachi:Memento+1"],"picked":"Komachi:EndlessWay","floor":31}],"player_experience":160639,"relics_obtained":[{"floor":6.0,"key":"Pear"},{"floor":9.0,"key":"MealTicket"},{"floor":26,"key":"Singing Bowl"}],"event_choices":[{"damage_healed":0.0,"max_hp_gain":0.0,"max_hp_loss":0.0,"gold_gain":0.0,"event_name":"NoteForYourself","player_choice":"Ignored","floor":2.0,"gold_loss":0.0,"damage_taken":0.0},{"damage_healed":23.0,"max_hp_gain":0.0,"max_hp_loss":0.0,"gold_gain":0.0,"event_name":"Mushrooms","player_choice":"Healed and dodged fight","floor":12.0,"gold_loss":0.0,"damage_taken":0.0,"cards_obtained":["Parasite"]},{"damage_healed":0,"gold_gain":0,"player_choice":"Ignored","damage_taken":0,"max_hp_gain":0,"max_hp_loss":0,"event_name":"Cursed Tome","floor":21,"gold_loss":0},{"damage_healed":0,"gold_gain":0,"player_choice":"Trade","damage_taken":0,"relics_obtained":["CultistMask"],"max_hp_gain":0,"max_hp_loss":0,"event_name":"FaceTrader","floor":22,"gold_loss":0}],"is_beta":false,"boss_relics":[{"not_picked":["Fusion Hammer","Runic Pyramid"],"picked":"SacredBark"}],"items_purged_floors":[11],"is_endless":false,"potions_floor_spawned":[3,6,8,10,16,24,29,31],"killed_by":"Collector","ascension_level":0}}