{"host":"982whgfapomb3lkp","time":1612584534,"event":{"mods":["AchievementEnabler","BaseMod","Colored Map","Minty Spire (QoL Compilation)","Relic Stats","ojb\u0027s Info Mod"],"gold_per_floor":[115,125,125,135,85,85,111,111,135,135,146,163,188,206,206,311,311,324,343,362,21,21,21,49,49,76,90,90,66,97,108,108,108,108],"floor_reached":33,"language":"ENG","playtime":2704,"items_purged":[],"score":381,"play_id":"6c1f0784-5366-4c53-82c3-aca146e0027f","local_time":"20210205230854","is_ascension_mode":true,"campfire_choices":[{"data":"Crippling Poison","floor":6.0,"key":"SMITH"},{"data":"Neutralize","floor":10.0,"key":"SMITH"},{"floor":15.0,"key":"REST"},{"floor":23,"key":"REST"},{"floor":28,"key":"REST"},{"data":"Blur","floor":32,"key":"SMITH"}],"circlet_count":0,"master_deck":["Defend_G","Defend_G","Defend_G","Defend_G","Defend_G","Survivor","Neutralize+1","Crippling Poison+1","Endless Agony","Poisoned Stab","Blade Dance","Deadly Poison","Blur+1","Backflip","After Image","Dagger Spray+1","Slice+1","Bane","Caltrops","Shame","Bouncing Flask+1","Bite+1","Bite+1","Bite","Bite","Bite","Slice","Backflip"],"relics":["Ring of the Snake","NeowsBlessing","Potion Belt","Shuriken","WristBlade","Anchor","Happy Flower","Regal Pillow","Toy Ornithopter","Akabeko","Whetstone"],"acts_visited":["Exordium","TheCity"],"potions_floor_usage":[16,16,31,31,33],"damage_taken":[{"damage":0.0,"enemies":"2 Louse","floor":1.0,"turns":1.0},{"damage":0.0,"enemies":"Cultist","floor":2.0,"turns":1.0},{"damage":0.0,"enemies":"Small Slimes","floor":4.0,"turns":1.0},{"damage":14.0,"enemies":"Lagavulin","floor":7.0,"turns":6.0},{"damage":9.0,"enemies":"Exordium Wildlife","floor":11.0,"turns":3.0},{"damage":3.0,"enemies":"Looter","floor":12.0,"turns":3.0},{"damage":29.0,"enemies":"Gremlin Nob","floor":13.0,"turns":5.0},{"damage":2.0,"enemies":"Red Slaver","floor":14.0,"turns":3.0},{"damage":13,"enemies":"Hexaghost","floor":16,"turns":9},{"damage":14,"enemies":"2 Thieves","floor":18,"turns":4},{"damage":23,"enemies":"Chosen","floor":19,"turns":5},{"damage":28,"enemies":"Snake Plant","floor":20,"turns":4},{"damage":17,"enemies":"Slavers","floor":24,"turns":4},{"damage":7,"enemies":"Snecko","floor":27,"turns":4},{"damage":14,"enemies":"Book of Stabbing","floor":30,"turns":4},{"damage":24,"enemies":"3 Cultists","floor":31,"turns":5},{"damage":69,"enemies":"Collector","floor":33,"turns":6}],"seed_played":"-2059718278181539956","potions_obtained":[{"floor":1.0,"key":"EssenceOfSteel"},{"floor":2.0,"key":"AttackPotion"},{"floor":7.0,"key":"PowerPotion"},{"floor":11.0,"key":"PowerPotion"},{"floor":13.0,"key":"CunningPotion"},{"floor":27,"key":"Block Potion"},{"floor":30,"key":"Explosive Potion"},{"floor":31,"key":"PowerPotion"}],"is_trial":false,"path_per_floor":["M","M","?","M","?","R","E","?","T","R","M","M","E","M","R","B",null,"M","M","M","$","?","R","E","?","T","M","R","$","E","M","R","B"],"character_chosen":"THE_SILENT","items_purchased":["Anchor","Happy Flower","Caltrops","Backflip"],"campfire_rested":3,"item_purchase_floors":[21,21,21,29],"current_hp_per_floor":[70,70,70,70,70,70,56,61,61,61,52,49,20,18,39,26,70,56,33,5,5,5,41,24,24,24,23,49,49,41,35,35,0,0],"gold":108,"neow_bonus":"THREE_ENEMY_KILL","is_daily":false,"chose_seed":false,"campfire_upgraded":3,"win_rate":0.0,"timestamp":1612584534,"path_taken":["M","M","?","M","?","R","E","?","T","R","M","?","E","M","R","BOSS","M","M","M","$","?","R","E","?","T","M","R","?","E","M","R","BOSS"],"items_purchased_type":["Relic","Relic","Card","Card"],"build_version":"2020-12-22","purchased_purges":0,"victory":false,"max_hp_per_floor":[70,70,70,70,70,70,70,70,70,70,70,70,70,70,70,70,70,70,70,70,70,70,70,70,49,49,49,49,49,49,49,49,49,49],"relic_stats":{"Regal Pillow":27,"Happy Flower":[7],"counters":[17,68],"Shuriken":[20],"Whetstone":["Bite","Bite"],"obtain_stats":[{"Potion Belt":7,"Anchor":21,"Regal Pillow":22,"NeowsBlessing":0,"WristBlade":17,"Happy Flower":21,"Shuriken":13,"Whetstone":30,"Toy Ornithopter":24,"Akabeko":26,"Ring of the Snake":0},{"Potion Belt":4,"Anchor":12,"Regal Pillow":12,"NeowsBlessing":0,"WristBlade":9,"Happy Flower":12,"Shuriken":7,"Whetstone":15,"Toy Ornithopter":13,"Akabeko":13,"Ring of the Snake":0},{"Potion Belt":9,"Anchor":45,"Regal Pillow":45,"NeowsBlessing":0,"WristBlade":32,"Happy Flower":45,"Shuriken":20,"Whetstone":57,"Toy Ornithopter":49,"Akabeko":49,"Ring of the Snake":0}],"Toy Ornithopter":15,"Ring of the Snake":[36]},"card_choices":[{"not_picked":["PiercingWail","Reflex"],"picked":"Crippling Poison","floor":1.0},{"not_picked":["Setup","Finisher"],"picked":"Endless Agony","floor":2.0},{"not_picked":["Acrobatics","Sucker Punch"],"picked":"Underhanded Strike","floor":4.0},{"not_picked":["Underhanded Strike","Flechettes"],"picked":"Poisoned Stab","floor":7.0},{"not_picked":["Outmaneuver","Expertise"],"picked":"Blade Dance","floor":11.0},{"not_picked":["Tactician","Distraction"],"picked":"Deadly Poison","floor":12.0},{"not_picked":["Finisher","Prepared"],"picked":"Blur","floor":13.0},{"not_picked":["Crippling Poison","Tactician"],"picked":"Backflip","floor":14.0},{"not_picked":["Tools of the Trade","Phantasmal Killer"],"picked":"After Image","floor":16},{"not_picked":["Backflip","Dodge and Roll"],"picked":"Dagger Spray+1","floor":18},{"not_picked":["Choke+1","Reflex"],"picked":"Slice+1","floor":19},{"not_picked":["PiercingWail","Heel Hook"],"picked":"Bane","floor":20},{"not_picked":["Tactician","Acrobatics"],"picked":"Bouncing Flask+1","floor":24},{"not_picked":["Quick Slash","Prepared"],"picked":"Slice","floor":27},{"not_picked":["Heel Hook","Malaise","Choke+1"],"picked":"SKIP","floor":30},{"not_picked":["Crippling Poison+1","Quick Slash","Underhanded Strike"],"picked":"SKIP","floor":31}],"player_experience":435568,"relics_obtained":[{"floor":7.0,"key":"Potion Belt"},{"floor":13.0,"key":"Shuriken"},{"floor":24,"key":"Toy Ornithopter"},{"floor":26,"key":"Akabeko"},{"floor":30,"key":"Whetstone"}],"event_choices":[{"damage_healed":0.0,"max_hp_gain":0.0,"max_hp_loss":0.0,"gold_gain":0.0,"event_name":"Golden Idol","player_choice":"Ignored","floor":3.0,"gold_loss":0.0,"damage_taken":0.0},{"cards_removed":["Strike_G"],"damage_healed":0.0,"max_hp_gain":0.0,"max_hp_loss":0.0,"gold_gain":0.0,"event_name":"The Cleric","player_choice":"Card Removal","floor":5.0,"gold_loss":50.0,"damage_taken":0.0},{"cards_removed":["Underhanded Strike"],"damage_healed":5.0,"max_hp_gain":0.0,"max_hp_loss":0.0,"gold_gain":0.0,"event_name":"Bonfire Elementals","player_choice":"Offered Common","floor":8.0,"gold_loss":0.0,"damage_taken":0.0},{"cards_removed":["Underhanded Strike"],"damage_healed":5.0,"max_hp_gain":0.0,"max_hp_loss":0.0,"gold_gain":0.0,"event_name":"Bonfire Elementals","player_choice":"Offered Special","floor":8.0,"gold_loss":0.0,"damage_taken":0.0},{"damage_healed":0,"gold_gain":0,"player_choice":"Stole Relic","damage_taken":0,"relics_obtained":["Regal Pillow"],"max_hp_gain":0,"max_hp_loss":0,"event_name":"Addict","floor":22,"gold_loss":0,"cards_obtained":["Shame"]},{"damage_healed":0,"gold_gain":0,"player_choice":"Became a vampire","damage_taken":0,"max_hp_gain":0,"max_hp_loss":21,"event_name":"Vampires","floor":25,"gold_loss":0,"cards_obtained":["Bite","Bite","Bite","Bite","Bite"]}],"is_beta":false,"boss_relics":[{"not_picked":["Ring of the Serpent","Runic Pyramid"],"picked":"WristBlade"}],"items_purged_floors":[],"is_endless":false,"potions_floor_spawned":[1,2,7,11,13,27,30,31],"killed_by":"Collector","ascension_level":4}}