{"host":"3fd6e6c5cltq175f","time":1612627449,"event":{"mods":["AchievementEnabler","BaseMod","Colored Map","Colored Powertips","DeckTracker","Minty Spire (QoL Compilation)"],"gold_per_floor":[119,133,133,133,143,173,173,198,253,266,5,31,31,51,51,154,154,173,173,186,85,85,85,114,114,114,148,148,22,22,38,38,140,140,151,0,0,16,29,29,62,62,62,76,86,86,96,112,112,112],"floor_reached":51,"language":"ENG","playtime":1260,"items_purged":[],"score":938,"play_id":"3e39f4bc-9808-4481-a426-5f37487705e3","local_time":"20210206170409","is_ascension_mode":true,"campfire_choices":[{"data":"Uppercut","floor":7,"key":"SMITH"},{"floor":13,"key":"REST"},{"data":"Armaments","floor":15,"key":"SMITH"},{"floor":23,"key":"REST"},{"floor":25,"key":"REST"},{"floor":32,"key":"REST"},{"floor":40,"key":"RECALL"},{"floor":42,"key":"REST"},{"floor":49,"key":"REST"}],"circlet_count":0,"master_deck":["Strike_R+1","Strike_R+1","Strike_R+1","Strike_R+1","Strike_R+1","Defend_R+1","Defend_R+1","Defend_R+1","Defend_R+1","Bash+1","Clothesline+1","Limit Break+1","Anger+1","Uppercut+1","Flex+1","Cleave+1","Armaments+1","Demon Form+1","Uppercut+1","Demon Form+1","Thunderclap+1","Writhe","Flex+1","Bludgeon+1","Clothesline+1","Corruption+1","Blood for Blood+1","Clothesline+1","Demon Form+1","Heavy Blade+1","Carnage+1"],"relics":["Runic Dome","Pear","Oddly Smooth Stone","Vajra","Frozen Egg 2","Peace Pipe","Snecko Eye","Blood Vial","Orichalcum","Mercury Hourglass","Pantograph","MutagenicStrength","Fusion Hammer","Red Mask","Shuriken","HornCleat","Mark of the Bloom"],"acts_visited":["Exordium","TheCity","TheBeyond"],"potions_floor_usage":[6,10,12,12,12,14,16,24,24,31,33,33,39,41,51],"damage_taken":[{"damage":0,"enemies":"Cultist","floor":1,"turns":3},{"damage":10,"enemies":"Small Slimes","floor":2,"turns":2},{"damage":11,"enemies":"2 Louse","floor":5,"turns":3},{"damage":31,"enemies":"Lagavulin","floor":6,"turns":6},{"damage":12,"enemies":"Gremlin Nob","floor":8,"turns":3},{"damage":10,"enemies":"Red Slaver","floor":10,"turns":2},{"damage":10,"enemies":"3 Sentries","floor":12,"turns":3},{"damage":0,"enemies":"Lots of Slimes","floor":14,"turns":1},{"damage":10,"enemies":"Hexaghost","floor":16,"turns":7},{"damage":34,"enemies":"2 Thieves","floor":18,"turns":4},{"damage":17,"enemies":"Shell Parasite","floor":20,"turns":4},{"damage":36,"enemies":"Slavers","floor":24,"turns":3},{"damage":30,"enemies":"Book of Stabbing","floor":27,"turns":6},{"damage":0,"enemies":"Snecko","floor":31,"turns":2},{"damage":44,"enemies":"Collector","floor":33,"turns":7},{"damage":20,"enemies":"3 Darklings","floor":35,"turns":6},{"damage":2,"enemies":"Orb Walker","floor":38,"turns":2},{"damage":11,"enemies":"4 Shapes","floor":39,"turns":2},{"damage":3,"enemies":"Giant Head","floor":41,"turns":5},{"damage":11,"enemies":"3 Darklings","floor":44,"turns":2},{"damage":7,"enemies":"Spire Growth","floor":45,"turns":2},{"damage":0,"enemies":"Maw","floor":47,"turns":4},{"damage":0,"enemies":"Writhing Mass","floor":48,"turns":2},{"damage":56,"enemies":"Time Eater","floor":50,"turns":5}],"seed_played":"-1270062071018836207","potions_obtained":[{"floor":5,"key":"BloodPotion"},{"floor":8,"key":"EntropicBrew"},{"floor":12,"key":"AttackPotion"},{"floor":14,"key":"Weak Potion"},{"floor":27,"key":"Dexterity Potion"},{"floor":31,"key":"Regen Potion"},{"floor":33,"key":"BlessingOfTheForge"},{"floor":37,"key":"LiquidMemories"},{"floor":38,"key":"BloodPotion"},{"floor":39,"key":"BloodPotion"},{"floor":48,"key":"EntropicBrew"}],"is_trial":false,"path_per_floor":["M","M","?","?","M","E","R","E","T","M","$","E","R","M","R","B",null,"M","?","M","$","?","R","E","R","T","E","?","$","T","M","R","B",null,"M","?","?","M","M","R","E","R","T","M","M","?","M","M","R","B",null],"character_chosen":"IRONCLAD","items_purchased":["Frozen Egg 2","Explosive Potion","FearPotion","SteroidPotion","EssenceOfSteel"],"campfire_rested":6,"item_purchase_floors":[11,21,21,29,29],"current_hp_per_floor":[80,70,54,54,43,38,38,26,26,16,16,6,33,33,33,23,73,39,39,22,22,22,49,15,42,42,14,14,14,14,16,43,41,78,60,60,60,60,51,51,68,90,90,79,74,74,74,74,74,18],"gold":112,"neow_bonus":"BOSS_RELIC","is_daily":false,"chose_seed":false,"campfire_upgraded":2,"win_rate":0.0,"timestamp":1612627449,"path_taken":["M","?","?","?","?","E","R","E","T","M","?","E","R","M","R","BOSS","M","?","M","?","?","R","E","R","T","E","?","$","?","M","R","BOSS","M","?","?","M","?","R","E","R","T","M","M","?","M","M","R","BOSS"],"items_purchased_type":["Relic","Potion","Potion","Potion","Potion"],"build_version":"2020-12-22","purchased_purges":0,"victory":true,"max_hp_per_floor":[80,80,80,80,80,90,90,90,90,90,90,90,90,90,90,90,90,90,90,90,90,90,90,90,90,90,90,90,90,90,90,90,90,90,90,90,90,90,90,90,90,90,90,90,90,90,90,90,90,90],"card_choices":[{"not_picked":["Combust","Twin Strike"],"picked":"Clothesline","floor":1},{"not_picked":["Bloodletting","Perfected Strike","Disarm"],"picked":"SKIP","floor":2},{"not_picked":["Wild Strike","Heavy Blade"],"picked":"Anger","floor":5},{"not_picked":["True Grit","Heavy Blade"],"picked":"Uppercut","floor":6},{"not_picked":["Twin Strike","Feel No Pain","True Grit"],"picked":"SKIP","floor":8},{"not_picked":["Fire Breathing","Thunderclap"],"picked":"Flex","floor":10},{"not_picked":["Barricade+1","Rage"],"picked":"Cleave","floor":12},{"not_picked":["Iron Wave","Clash"],"picked":"Armaments","floor":14},{"not_picked":["Berserk+1","Limit Break"],"picked":"Demon Form+1","floor":16},{"not_picked":["Battle Trance","Twin Strike+1"],"picked":"Uppercut+1","floor":18},{"not_picked":["Heavy Blade","Sever Soul"],"picked":"Thunderclap","floor":20},{"not_picked":["Twin Strike+1","Thunderclap"],"picked":"Flex+1","floor":24},{"not_picked":["Whirlwind+1","Infernal Blade+1"],"picked":"Bludgeon","floor":27},{"not_picked":["Armaments","Perfected Strike"],"picked":"Clothesline","floor":31},{"not_picked":["Fiend Fire","Reaper"],"picked":"Corruption+1","floor":33},{"not_picked":["Cleave","Heavy Blade"],"picked":"Blood for Blood+1","floor":35},{"not_picked":["Rupture+1","Dark Embrace+1"],"picked":"Clothesline+1","floor":38},{"not_picked":["Bloodletting","Pommel Strike"],"picked":"Demon Form+1","floor":39},{"not_picked":["Sword Boomerang+1","Corruption+1"],"picked":"Heavy Blade","floor":41},{"not_picked":["Infernal Blade+1","Thunderclap","Iron Wave"],"picked":"SKIP","floor":44},{"not_picked":["Warcry","Anger","Burning Pact+1"],"picked":"SKIP","floor":45},{"not_picked":["Combust+1","Flex","Cleave+1"],"picked":"SKIP","floor":47},{"not_picked":["Shrug It Off","Infernal Blade+1"],"picked":"Carnage+1","floor":48}],"player_experience":182757,"relics_obtained":[{"floor":6,"key":"Pear"},{"floor":8,"key":"Oddly Smooth Stone"},{"floor":9,"key":"Vajra"},{"floor":12,"key":"Peace Pipe"},{"floor":24,"key":"Orichalcum"},{"floor":26,"key":"Mercury Hourglass"},{"floor":27,"key":"Pantograph"},{"floor":41,"key":"Shuriken"},{"floor":43,"key":"HornCleat"}],"event_choices":[{"damage_healed":0,"gold_gain":0,"player_choice":"Entered Light","damage_taken":16,"max_hp_gain":0,"max_hp_loss":0,"event_name":"Shining Light","floor":3,"gold_loss":0,"cards_upgraded":["Strike_R","Strike_R"]},{"damage_healed":0,"gold_gain":0,"player_choice":"1 cards matched","damage_taken":0,"max_hp_gain":0,"max_hp_loss":0,"event_name":"Match and Keep!","floor":4,"gold_loss":0,"cards_obtained":["Limit Break"]},{"damage_healed":0,"gold_gain":0,"player_choice":"Copied","damage_taken":0,"max_hp_gain":0,"max_hp_loss":0,"event_name":"Duplicator","floor":19,"gold_loss":0,"cards_obtained":["Demon Form"]},{"damage_healed":0,"gold_gain":0,"player_choice":"Opened","damage_taken":0,"relics_obtained":["Blood Vial"],"max_hp_gain":0,"max_hp_loss":0,"event_name":"The Mausoleum","floor":22,"gold_loss":0,"cards_obtained":["Writhe"]},{"damage_healed":0,"gold_gain":0,"player_choice":"Inject Mutagens","damage_taken":0,"relics_obtained":["MutagenicStrength"],"max_hp_gain":0,"max_hp_loss":0,"event_name":"Drug Dealer","floor":28,"gold_loss":0},{"damage_healed":0,"gold_gain":0,"player_choice":"Paid","damage_taken":0,"relics_obtained":["Red Mask"],"max_hp_gain":0,"max_hp_loss":0,"event_name":"Tomb of Lord Red Mask","floor":36,"gold_loss":151},{"damage_healed":0,"gold_gain":0,"player_choice":"Got Potions","damage_taken":0,"max_hp_gain":0,"max_hp_loss":0,"event_name":"Lab","floor":37,"gold_loss":0},{"damage_healed":0,"gold_gain":0,"player_choice":"Upgrade","damage_taken":0,"relics_obtained":["Mark of the Bloom"],"max_hp_gain":0,"max_hp_loss":0,"event_name":"MindBloom","floor":46,"gold_loss":0,"cards_upgraded":["Strike_R","Strike_R","Strike_R","Defend_R","Defend_R","Defend_R","Defend_R","Bash","Clothesline","Limit Break","Anger","Flex","Cleave","Thunderclap","Bludgeon","Clothesline","Heavy Blade"]}],"is_beta":false,"boss_relics":[{"not_picked":["Astrolabe","Sozu"],"picked":"Snecko Eye"},{"not_picked":["Tiny House","Coffee Dripper"],"picked":"Fusion Hammer"}],"items_purged_floors":[],"is_endless":false,"potions_floor_spawned":[5,8,12,14,27,31,33,38,39,48],"ascension_level":5}}