{"host":"m8enzkhxjf53xqxg","time":1612572339,"event":{"mods":["BaseMod","Hermit","Minty Spire (QoL Compilation)","Prisma Mod","StSLib","The Exalted","The Hierophant","The Servant 0.9.4"],"gold_per_floor":[118,136,147,322,334,334,359,377,377,377,377,389,389,389],"floor_reached":13,"language":"ENG","playtime":2097,"items_purged":[],"score":91,"play_id":"c4335caa-ba63-4b16-a596-87b500276174","local_time":"20210205164539","is_ascension_mode":true,"campfire_choices":[{"floor":6,"key":"RECALL"},{"floor":10,"key":"REST"}],"circlet_count":0,"master_deck":["hermit:Strike_Hermit","hermit:Strike_Hermit","hermit:Strike_Hermit","hermit:Strike_Hermit","hermit:Defend_Hermit","hermit:Defend_Hermit","hermit:Defend_Hermit","hermit:Defend_Hermit","hermit:Snapshot","hermit:Covet","hermit:Maintenance","hermit:TakeAim","hermit:Dive","Doubt","hermit:Feint","hermit:Quickdraw","hermit:BigShot","Regret","hermit:ShadowCloak"],"relics":["hermit:Momento","NeowsBlessing","Bird Faced Urn","Bromod:ArcaneGuardian"],"acts_visited":["Exordium"],"potions_floor_usage":[12,13],"damage_taken":[{"damage":0,"enemies":"Cultist","floor":1,"turns":1},{"damage":0,"enemies":"Small Slimes","floor":2,"turns":1},{"damage":0,"enemies":"2 Louse","floor":3,"turns":1},{"damage":7,"enemies":"Looter","floor":5,"turns":5},{"damage":39,"enemies":"3 Sentries","floor":7,"turns":13},{"damage":6,"enemies":"Blue Slaver","floor":8,"turns":5},{"damage":29,"enemies":"Exordium Thugs","floor":12,"turns":6},{"damage":47,"enemies":"Gremlin Nob","floor":13,"turns":6}],"seed_played":"-6271365004185367747","potions_obtained":[{"floor":3,"key":"PowerPotion"},{"floor":7,"key":"hermit:Eclipse"},{"floor":12,"key":"Fruit Juice"}],"is_trial":false,"path_per_floor":["M","M","M","?","M","R","E","M","T","R","?","M","E"],"character_chosen":"HERMIT","items_purchased":[],"campfire_rested":1,"item_purchase_floors":[],"current_hp_per_floor":[75,75,75,75,68,68,29,25,25,47,47,25,0,0],"gold":389,"neow_bonus":"THREE_ENEMY_KILL","is_daily":false,"chose_seed":false,"campfire_upgraded":0,"win_rate":0.0,"timestamp":1612572339,"path_taken":["M","M","?","?","M","R","E","M","T","R","?","M","E"],"items_purchased_type":[],"build_version":"2020-12-22","purchased_purges":0,"victory":false,"max_hp_per_floor":[75,75,75,75,75,75,75,75,75,75,75,80,80,80],"card_choices":[{"not_picked":["hermit:Vantage","hermit:Glare"],"picked":"hermit:Maintenance","floor":1},{"not_picked":["hermit:LoneWolf","hermit:Vantage"],"picked":"hermit:TakeAim","floor":2},{"not_picked":["hermit:BodyArmor","hermit:ItchyTrigger"],"picked":"hermit:Dive","floor":3},{"not_picked":["hermit:PistolWhip","hermit:DeadMansHand"],"picked":"hermit:Feint","floor":5},{"not_picked":["hermit:Snipe","hermit:OverwhelmingPower"],"picked":"hermit:Quickdraw","floor":7},{"not_picked":["hermit:ItchyTrigger","hermit:TrackingShot"],"picked":"hermit:BigShot","floor":8},{"not_picked":["hermit:HighCaliber","hermit:Snipe"],"picked":"hermit:ShadowCloak","floor":12}],"player_experience":343845,"relics_obtained":[{"floor":7,"key":"Bird Faced Urn"}],"event_choices":[{"damage_healed":0,"gold_gain":175,"player_choice":"AGREE","damage_taken":0,"max_hp_gain":0,"max_hp_loss":0,"event_name":"Liars Game","floor":4,"gold_loss":0,"cards_obtained":["Doubt"]},{"damage_healed":0,"gold_gain":0,"player_choice":"Box","damage_taken":0,"relics_obtained":["Bromod:ArcaneGuardian"],"max_hp_gain":0,"max_hp_loss":0,"event_name":"Big Fish","floor":11,"gold_loss":0,"cards_obtained":["Regret"]}],"is_beta":false,"boss_relics":[],"items_purged_floors":[],"is_endless":false,"potions_floor_spawned":[3,7,12],"killed_by":"Gremlin Nob","ascension_level":1}}