{"host":"1lwxixhv2lzh5ag1","time":1612637525,"event":{"mods":["AchievementEnabler","BaseMod","Downfall","Minty Spire (QoL Compilation)","Permanent Neow","Reliquary","Replay The Spire","StSLib"],"gold_per_floor":[99,117,117,132,152,217,267,267,302,302,302,316,2,2,21,121,121,121,141,91,103,103,103,152,167,167,167,167],"floor_reached":26,"language":"ENG","playtime":1330,"items_purged":[],"score":206,"play_id":"d08720f9-ac26-4dac-b178-8dc2d1183fc8","local_time":"20210206135205","is_ascension_mode":false,"campfire_choices":[{"data":"champ:Taunt","floor":1,"key":"SMITH"},{"data":"champ:PerfectedStrike","floor":8,"key":"SMITH"},{"data":"champ:Execute","floor":11,"key":"SMITH"},{"data":"champ:Backstep","floor":18,"key":"SMITH"},{"data":"champ:PerfectedStrike","floor":23,"key":"SMITH"}],"circlet_count":0,"master_deck":["champ:Strike","champ:Strike","champ:Strike","champ:Strike","champ:Defend","champ:Defend","champ:Defend","champ:Defend","champ:Execute+1","champ:Taunt+1","champ:PerfectedStrike+1","champ:PreciseThrust","champ:StrikeOfGenius","champ:EnragedBash","champ:EnGarde","champ:Backstep+1","champ:PerfectedStrike+1","champ:DefensiveShout","champ:Backstep+1","champ:HoldFirm","champ:FalseCounter+1","champ:StanceDance+1","champ:AdrenalArmor"],"relics":["champ:ChampionCrown","StoneCalendar","Toy Ornithopter","reliquary:BallBearing","reliquary:BrokenClock","Blood Vial","SacredBark"],"acts_visited":["Exordium","TheCity"],"potions_floor_usage":[6,13,26],"damage_taken":[{"damage":10,"enemies":"Small Slimes","floor":2,"turns":4},{"damage":0,"enemies":"2 Louse","floor":4,"turns":3},{"damage":10,"enemies":"Cultist","floor":5,"turns":2},{"damage":9,"enemies":"Lagavulin Event","floor":6,"turns":5},{"damage":8,"enemies":"3 Sentries","floor":9,"turns":7},{"damage":9,"enemies":"3 Louse","floor":12,"turns":4},{"damage":25,"enemies":"downfall:FleeingMerchant","floor":13,"turns":4},{"damage":7,"enemies":"Blue Slaver","floor":15,"turns":3},{"damage":41,"enemies":"IC_STATUS_ARCHETYPE","floor":16,"turns":8},{"damage":16,"enemies":"3 Byrds","floor":19,"turns":5},{"damage":51,"enemies":"Centurion and Healer","floor":21,"turns":7},{"damage":40,"enemies":"Sentry and Sphere","floor":25,"turns":5},{"damage":54,"enemies":"Gremlin Leader","floor":26,"turns":5}],"seed_played":"3589907587757089840","potions_obtained":[{"floor":2,"key":"champ:OpenerPotion"},{"floor":4,"key":"Flashbang"},{"floor":12,"key":"Venom Potion"},{"floor":15,"key":"SpeedPotion"},{"floor":16,"key":"LifebloodPotion"}],"is_trial":false,"path_per_floor":["R","M","?","M","M","?","T","R","E","?","R","M","$","?","M","B",null,"R","M","?","M","?","R","T","M","E"],"character_chosen":"THE_CHAMP","items_purchased":["reliquary:BrokenClock","Blood Vial"],"campfire_rested":0,"item_purchase_floors":[13,13],"current_hp_per_floor":[90,90,90,90,90,81,81,81,73,73,73,64,59,59,54,20,90,90,74,90,69,69,69,69,41,0,0,0],"gold":167,"neow_bonus":"THREE_CARDS","is_daily":false,"chose_seed":false,"campfire_upgraded":5,"win_rate":0.0,"timestamp":1612637525,"path_taken":["R","M","?","M","M","?","T","R","E","?","R","?","$","?","M","BOSS","R","M","?","M","?","R","T","M","E"],"items_purchased_type":["Relic","Relic"],"build_version":"2020-12-22","purchased_purges":0,"victory":false,"max_hp_per_floor":[90,90,90,90,90,90,90,90,90,90,90,90,90,90,90,90,90,90,90,90,90,90,90,90,90,90,90,90],"card_choices":[{"not_picked":["champ:FaceSlap","champ:FlashCut"],"picked":"champ:PerfectedStrike","floor":0},{"not_picked":["champ:GutPunch","champ:PerfectedStrike"],"picked":"champ:PreciseThrust","floor":2},{"not_picked":["champ:BringItOn","champ:FaceSlap"],"picked":"champ:StrikeOfGenius","floor":4},{"not_picked":["champ:FocusedBerserking","champ:FancyFootwork"],"picked":"champ:EnragedBash","floor":5},{"not_picked":["champ:PreemptiveStrike","champ:TornadoPunch"],"picked":"champ:EnGarde","floor":6},{"not_picked":["champ:BringItOn","champ:Haymaker"],"picked":"champ:Backstep","floor":9},{"not_picked":["champ:BringItOn","champ:FanOfKnives"],"picked":"champ:PerfectedStrike","floor":12},{"not_picked":["champ:SwordThrow","champ:FaceSlap"],"picked":"champ:DefensiveShout","floor":13},{"not_picked":["champ:ShieldSlam","champ:FanOfKnives"],"picked":"champ:Backstep","floor":15},{"not_picked":["champ:CheapShot","champ:SteelEdge"],"picked":"champ:HoldFirm","floor":16},{"not_picked":["champ:Backstep+1","champ:GutPunch+1"],"picked":"champ:FalseCounter+1","floor":19},{"not_picked":["champ:CrownThrow","champ:FlashCut"],"picked":"champ:StanceDance","floor":21},{"not_picked":["champ:PreciseThrust","champ:Endure"],"picked":"champ:AdrenalArmor","floor":25}],"player_experience":6272,"relics_obtained":[{"floor":6,"key":"StoneCalendar"},{"floor":7,"key":"Toy Ornithopter"},{"floor":9,"key":"reliquary:BallBearing"}],"event_choices":[{"damage_healed":0,"gold_gain":0,"player_choice":"Fled","damage_taken":0,"max_hp_gain":0,"max_hp_loss":0,"event_name":"Scrap Ooze","floor":14,"gold_loss":0},{"damage_healed":0,"gold_gain":0,"player_choice":"Forge","damage_taken":0,"max_hp_gain":0,"max_hp_loss":0,"event_name":"Accursed Blacksmith","floor":22,"gold_loss":0,"cards_upgraded":["champ:StanceDance"]}],"is_beta":false,"boss_relics":[{"not_picked":["Busted Crown","Kintsugi"],"picked":"SacredBark"}],"items_purged_floors":[],"is_endless":false,"potions_floor_spawned":[2,4,12,15,16],"killed_by":"Gremlin Leader","ascension_level":0}}