{"host":"uvmuduost5bzvojs","time":1612578606,"event":{"mods":["Aspiration","Bard","BaseMod","Better Match","Block Reminder","Conspire","Hermit","Highlight Path","Hubris","Infinite Spire","Jorbs\u0027s Wanderer Trilogy","Mad Scientist","Marisa????????","Mimic Mod","Minty Spire (QoL Compilation)","Potionbrewer","Replay The Spire","Robot Space Explorer","StSLib","The Blackbeard","The Construct","The Cursed","The Disciple","The Hayseed","The Hierophant","The Juggle","The Jungle","The Poker Player","The Runesmith","The Servant 0.9.4","The Spell Scribe","The Valiant","TheBandit"],"gold_per_floor":[116,116,128,140,140,140,315,315,315,315,33,33,33,63,80,96,96,194,194,75,75,75,75,75,110,134,159,217,245,257,269,25,39,39,39,39],"floor_reached":35,"language":"ENG","playtime":2089,"items_purged":["Doubt","Parasite","infinitespire:FinalStrike"],"score":300,"play_id":"d119cc03-6e7d-4e76-b0ed-5454fa894559","local_time":"20210205213006","is_ascension_mode":false,"campfire_choices":[{"data":"Bash","floor":6,"key":"SMITH"},{"data":"Demon Form","floor":8,"key":"SMITH"},{"data":"hubris:CleavingFinish","floor":10,"key":"SMITH"},{"data":"Crow Ritual","floor":17,"key":"SMITH"},{"data":"Abandon","floor":30,"key":"SMITH"},{"data":"Demon Form+1","floor":34,"key":"PURGE"}],"circlet_count":0,"master_deck":["Defend_R+1","Defend_R+1","Defend_R+1","Defend_R+1","Bash+1","hubris:CleavingFinish+1","Carnage","Enlightenment","Crow Ritual+1","Abandon+1","ReplayTheSpireMod:Strike From Hell","Fiend Fire","hubris:Rewind+1","Headbutt+1","Armaments+1","Survey Options","Dark Embrace"],"relics":["Burning Blood","hubris:Towel","aspiration:FetidBarrel","BargainBundle","Orichalcum","Kintsugi","aspiration:RunicSpoon","aspiration:VileToxins","MawBank","ReplayTheSpireMod:TigerMarble"],"acts_visited":["Exordium","TheCity"],"potions_floor_usage":[18,18,25,35],"damage_taken":[{"damage":5,"enemies":"Cultist","floor":1,"turns":4},{"damage":3,"enemies":"2 Louse","floor":3,"turns":2},{"damage":6,"enemies":"Jaw Worm","floor":4,"turns":3},{"damage":34,"enemies":"3 Sentries","floor":14,"turns":7},{"damage":11,"enemies":"Exordium Wildlife","floor":15,"turns":4},{"damage":9,"enemies":"Exordium Thugs","floor":16,"turns":2},{"damage":28,"enemies":"Hexaghost","floor":18,"turns":6},{"damage":24,"enemies":"2 Thieves","floor":20,"turns":4},{"damage":1,"enemies":"Replay:Snechameleon","floor":25,"turns":5},{"damage":0,"enemies":"3 Byrds","floor":26,"turns":3},{"damage":7,"enemies":"conspire:HollyBat","floor":27,"turns":5},{"damage":11,"enemies":"Centurion and Healer","floor":29,"turns":4},{"damage":12,"enemies":"Shelled Parasite and Fungi","floor":33,"turns":3},{"damage":13,"enemies":"Collector","floor":35,"turns":2}],"seed_played":"-5948311525734367122","potions_obtained":[{"floor":1,"key":"potionbrewer:AcidPotion"},{"floor":4,"key":"Adrenaline Potion"},{"floor":15,"key":"Swift Potion"},{"floor":25,"key":"potionbrewer:HastePotion"},{"floor":27,"key":"SpeedPotion"},{"floor":29,"key":"Dexterity Potion"}],"is_trial":false,"path_per_floor":["M","?","M","M","?","R","?","R","T","R","$","PTL","PTL","E","M","M","R","B",null,"M","?","?","?","AVR","E","M","M","T","M","R","?","$","M","R","B"],"character_chosen":"IRONCLAD","items_purchased":["BargainBundle","Carnage","Enlightenment","Crow Ritual","Survey Options","Dark Embrace"],"campfire_rested":0,"item_purchase_floors":[11,11,11,11,32,32],"current_hp_per_floor":[88,88,88,88,88,88,88,88,88,88,88,88,88,60,55,52,52,30,88,70,48,48,48,48,53,59,58,58,53,53,14,14,8,8,0,0],"gold":39,"neow_bonus":"TEN_PERCENT_HP_BONUS","is_daily":false,"chose_seed":false,"campfire_upgraded":5,"win_rate":0.0,"timestamp":1612578606,"path_taken":["M","?","M","M","?","R","?","R","T","R","$","PTL","PTL","E","?","M","R","BOSS","M","?","?","?","AVR","E","M","M","T","M","R","?","$","M","R","BOSS"],"items_purchased_type":["Relic","Card","Card","Card","Card","Card"],"build_version":"2020-12-22","purchased_purges":3,"victory":false,"max_hp_per_floor":[88,88,88,88,88,88,88,88,88,88,88,88,88,88,88,88,88,88,88,88,88,88,88,85,85,85,85,85,85,85,85,85,85,85,85,85],"card_choices":[{"not_picked":["Twin Strike","Thunderclap"],"picked":"hubris:CleavingFinish","floor":1},{"not_picked":["Flex","Abandon","Cleave"],"picked":"SKIP","floor":3},{"not_picked":["Defy Death","Infernal Blade"],"picked":"Demon Form","floor":4},{"not_picked":["ReplayReversal","Infernal Blade"],"picked":"Abandon","floor":14},{"not_picked":["Second Wind","Blood for Blood"],"picked":"ReplayTheSpireMod:Strike From Hell","floor":15},{"not_picked":["Heavy Blade","Anger","Cleave"],"picked":"SKIP","floor":16},{"not_picked":["Impervious","Exhume"],"picked":"Fiend Fire","floor":18},{"not_picked":["conspire:ExplosiveBarrier","ReplayReversal","Twin Strike"],"picked":"SKIP","floor":20},{"not_picked":["infinitespire:SealOfDarkness+","infinitespire:FutureSight"],"picked":"hubris:Rewind","floor":21},{"not_picked":["Flame Barrier","Abandon"],"picked":"Headbutt+1","floor":25},{"not_picked":["Flex+1","Spot Weakness"],"picked":"Armaments+1","floor":26},{"not_picked":["Clash","ReplayTheSpireMod:Limb From Limb","Sword Boomerang+1"],"picked":"SKIP","floor":27},{"not_picked":["Disarm","Combust+1","Power Through"],"picked":"SKIP","floor":29},{"not_picked":["Wild Strike","Shrug It Off","Metallicize"],"picked":"SKIP","floor":33}],"player_experience":2038780,"relics_obtained":[{"floor":9,"key":"aspiration:FetidBarrel"},{"floor":14,"key":"Orichalcum"},{"floor":25,"key":"MawBank"},{"floor":28,"key":"ReplayTheSpireMod:TigerMarble"}],"event_choices":[{"damage_healed":0,"gold_gain":0,"player_choice":"Ignored","damage_taken":0,"max_hp_gain":0,"max_hp_loss":0,"event_name":"Golden Wing","floor":2,"gold_loss":0},{"damage_healed":0,"gold_gain":175,"player_choice":"AGREE","damage_taken":0,"max_hp_gain":0,"max_hp_loss":0,"event_name":"Liars Game","floor":7,"gold_loss":0,"cards_obtained":["Doubt"]},{"damage_healed":0,"gold_gain":0,"player_choice":"Simplicity","damage_taken":0,"max_hp_gain":0,"max_hp_loss":0,"event_name":"Back to Basics","floor":23,"gold_loss":0,"cards_upgraded":["Defend_R","Defend_R","Defend_R","Defend_R"]}],"is_beta":false,"boss_relics":[{"not_picked":["hubris:HollowSoul","Velvet Choker"],"picked":"Kintsugi"}],"items_purged_floors":[11,24,32],"is_endless":false,"potions_floor_spawned":[1,4,15,16,25,27,29],"killed_by":"Collector","ascension_level":0}}