{"host":"bnpj5ln693dhfj4y","time":1612605437,"event":{"mods":["AchievementEnabler","BaseMod","Colored Map","Colored Powertips","DeckTracker","Minty Spire (QoL Compilation)","Weighted Paths"],"gold_per_floor":[114,134,134,152,170,170,200,275,327,362,362,377,411,429,429,429,429],"floor_reached":16,"language":"ENG","playtime":1260,"items_purged":[],"score":153,"play_id":"b010a379-77b7-423b-bd7f-44dfcf8e30b7","local_time":"20210206105717","is_ascension_mode":true,"campfire_choices":[{"data":"True Grit","floor":6,"key":"SMITH"},{"data":"Body Slam","floor":11,"key":"SMITH"},{"data":"Cleave","floor":15,"key":"SMITH"}],"circlet_count":0,"master_deck":["Strike_R","Strike_R","Strike_R","Defend_R","Defend_R","Defend_R","Defend_R","Bash","True Grit+1","Twin Strike","Rampage","Body Slam+1","Flame Barrier","Pommel Strike","Cleave+1","Pommel Strike","Juggernaut"],"relics":["Burning Blood","Sundial","Juzu Bracelet","Lantern","Thread and Needle"],"acts_visited":["Exordium"],"potions_floor_usage":[7,10,13],"damage_taken":[{"damage":0,"enemies":"Small Slimes","floor":1,"turns":3},{"damage":8,"enemies":"Cultist","floor":2,"turns":5},{"damage":14,"enemies":"Jaw Worm","floor":4,"turns":4},{"damage":7,"enemies":"2 Fungi Beasts","floor":5,"turns":4},{"damage":20,"enemies":"3 Sentries","floor":7,"turns":9},{"damage":16,"enemies":"Gremlin Nob","floor":10,"turns":5},{"damage":0,"enemies":"Blue Slaver","floor":12,"turns":3},{"damage":14,"enemies":"Lagavulin","floor":13,"turns":5},{"damage":4,"enemies":"Red Slaver","floor":14,"turns":4},{"damage":34,"enemies":"Slime Boss","floor":16,"turns":3}],"seed_played":"5204179343286002376","potions_obtained":[{"floor":2,"key":"Strength Potion"},{"floor":4,"key":"DistilledChaos"},{"floor":7,"key":"Weak Potion"},{"floor":14,"key":"SmokeBomb"}],"is_trial":false,"path_per_floor":["M","M","?","M","M","R","E","?","T","E","R","M","E","M","R","B"],"character_chosen":"IRONCLAD","items_purchased":[],"campfire_rested":0,"item_purchase_floors":[],"current_hp_per_floor":[80,78,78,70,69,69,55,44,44,34,34,40,32,34,34,0,0],"gold":429,"neow_bonus":"REMOVE_CARD","is_daily":false,"chose_seed":false,"campfire_upgraded":3,"win_rate":0.0,"timestamp":1612605437,"path_taken":["M","M","?","M","?","R","E","?","T","E","R","M","E","M","R","BOSS"],"items_purchased_type":[],"build_version":"2020-12-22","purchased_purges":0,"victory":false,"max_hp_per_floor":[80,80,80,80,80,80,80,80,80,80,80,80,80,80,80,80,80],"card_choices":[{"not_picked":["Power Through","Ghostly Armor"],"picked":"True Grit","floor":1},{"not_picked":["Searing Blow","Sword Boomerang"],"picked":"Twin Strike","floor":2},{"not_picked":["True Grit","Headbutt"],"picked":"Body Slam","floor":4},{"not_picked":["Warcry","Perfected Strike"],"picked":"Flame Barrier","floor":5},{"not_picked":["Flame Barrier","Armaments"],"picked":"Pommel Strike","floor":7},{"not_picked":["Iron Wave","Exhume"],"picked":"Cleave","floor":10},{"not_picked":["Anger","Clash","Reckless Charge"],"picked":"SKIP","floor":12},{"not_picked":["Cleave","Bloodletting"],"picked":"Pommel Strike","floor":13},{"not_picked":["Clash","Burning Pact"],"picked":"Juggernaut","floor":14}],"player_experience":342797,"relics_obtained":[{"floor":7,"key":"Sundial"},{"floor":9,"key":"Juzu Bracelet"},{"floor":10,"key":"Lantern"},{"floor":13,"key":"Thread and Needle"}],"event_choices":[{"damage_healed":0,"gold_gain":0,"cards_transformed":["Strike_R"],"player_choice":"Transformed","damage_taken":0,"max_hp_gain":0,"max_hp_loss":0,"event_name":"Transmorgrifier","floor":3,"gold_loss":0,"cards_obtained":["Rampage"]},{"damage_healed":0,"gold_gain":75,"player_choice":"Gather Gold","damage_taken":11,"max_hp_gain":0,"max_hp_loss":0,"event_name":"World of Goop","floor":8,"gold_loss":0}],"is_beta":false,"boss_relics":[],"items_purged_floors":[],"is_endless":false,"potions_floor_spawned":[2,4,7,14],"killed_by":"Slime Boss","ascension_level":5}}