{"host":"wttmrzzrx8nzm6lv","time":1612619886,"event":{"mods":["Arknights","BaseMod","Marisa£®ÏF”Í°°ƒß¿Ì…≥£©","Minty Spire (QoL Compilation)","Remilia£®¿Ÿ√◊¿Ú—«£©","StSLib","Youmu£®ªÍ∆«—˝√Œ£©"],"gold_per_floor":[112,112,112,112,133,133,58,78,101,122,153,179,179,219,219,349,349,364,364,108,122,122,122,122,122,167,167,167,266,141,185,185,316,316,331,84,108,108,173,173,208,208,208],"floor_reached":42,"language":"ZHS","playtime":1142,"items_purged":["Regret","Decay","Lust_TH","Defend_R"],"score":446,"play_id":"10e2aad3-4acf-42ec-af15-d8798034d642","local_time":"20210206215806","is_ascension_mode":false,"campfire_choices":[{"data":"Bludgeon","floor":6.0,"key":"SMITH"},{"data":"Whirlwind","floor":13.0,"key":"SMITH"},{"data":"Clash","floor":15.0,"key":"SMITH"},{"data":"Flex","floor":23.0,"key":"SMITH"},{"floor":28.0,"key":"RECALL"},{"floor":32.0,"key":"REST"},{"data":"Trip","floor":40,"key":"SMITH"}],"circlet_count":0,"master_deck":["Strike_R","Strike_R","Defend_R","Defend_R+1","Bash+1","Bludgeon+1","Whirlwind+1","Flex+1","Clash+1","Sever Soul+1","Clash","Feed","Trip+1"],"relics":["Burning Blood","MealTicket","Bird Faced Urn","Golden Idol","ScarletDevilRocket","Juzu Bracelet","War Paint","Centennial Puzzle","Empty Cage","Sling","Akabeko","Dream Catcher","Black Star","CatCart","Oddly Smooth Stone","Omamori"],"acts_visited":["Exordium","TheCity","TheBeyond"],"potions_floor_usage":[39,42,42],"damage_taken":[{"damage":8.0,"enemies":"Jaw Worm","floor":1.0,"turns":3.0},{"damage":7.0,"enemies":"Small Slimes","floor":5.0,"turns":3.0},{"damage":1.0,"enemies":"2 Louse","floor":8.0,"turns":2.0},{"damage":4.0,"enemies":"Gremlin Gang","floor":10.0,"turns":2.0},{"damage":31.0,"enemies":"Lagavulin","floor":11.0,"turns":6.0},{"damage":10.0,"enemies":"3 Sentries","floor":14.0,"turns":5.0},{"damage":40.0,"enemies":"The Guardian","floor":16.0,"turns":11.0},{"damage":2.0,"enemies":"Chosen","floor":18.0,"turns":4.0},{"damage":10.0,"enemies":"2 Thieves","floor":21.0,"turns":3.0},{"damage":34.0,"enemies":"Slavers","floor":31.0,"turns":5.0},{"damage":56.0,"enemies":"Automaton","floor":33.0,"turns":8.0},{"damage":28.0,"enemies":"3 Shapes","floor":35.0,"turns":6.0},{"damage":2.0,"enemies":"Orb Walker","floor":37.0,"turns":2.0},{"damage":38,"enemies":"Orin","floor":39,"turns":8},{"damage":39,"enemies":"Reptomancer","floor":41,"turns":4},{"damage":11,"enemies":"Writhing Mass","floor":42,"turns":2}],"seed_played":"820863980530190521","potions_obtained":[{"floor":8.0,"key":"AttackPotion"},{"floor":11.0,"key":"SkillPotion"},{"floor":16.0,"key":"Weak Potion"},{"floor":18.0,"key":"SneckoOil"},{"floor":31.0,"key":"Energy Potion"},{"floor":37.0,"key":"AttackPotion"},{"floor":41,"key":"SteroidPotion"}],"is_trial":false,"path_per_floor":["M","?","?","?","M","R","$","M","T","M","E","T","R","E","R","B",null,"M","?","$","M","?","R","?","$","T","?","R","?","$","E","R","B",null,"M","$","M","?","?","R","E","M"],"character_chosen":"IRONCLAD","items_purchased":["Sling","Trip"],"campfire_rested":1,"item_purchase_floors":[20,36],"current_hp_per_floor":[78,75,75,55,54,54,69,74,74,76,51,51,51,47,47,13,80,80,80,80,76,76,76,76,80,80,80,80,80,80,52,76,26,80,58,73,77,77,45,45,12,1,1],"gold":208,"neow_bonus":"ONE_RANDOM_RARE_CARD","is_daily":false,"chose_seed":false,"campfire_upgraded":5,"win_rate":0.0,"timestamp":1612619886,"path_taken":["M","?","?","?","M","R","$","M","T","M","E","?","R","E","R","BOSS","M","?","$","M","?","R","?","?","T","?","R","?","$","E","R","BOSS","M","$","M","?","?","R","E","M"],"items_purchased_type":["Relic","Card"],"build_version":"2020-12-22","purchased_purges":4,"victory":false,"max_hp_per_floor":[80,80,80,80,80,80,80,80,80,80,80,80,80,80,80,80,80,80,80,80,80,80,80,80,80,80,80,80,80,80,80,80,80,80,80,80,80,80,80,80,80,80,80],"card_choices":[{"not_picked":["Thunderclap","Armaments"],"picked":"Whirlwind","floor":1.0},{"not_picked":["Flame Barrier","True Grit"],"picked":"Flex","floor":5.0},{"not_picked":["Twin Strike","Clothesline","Carnage"],"picked":"SKIP","floor":8.0},{"not_picked":["Second Wind","Pummel","Body Slam"],"picked":"SKIP","floor":10.0},{"not_picked":["Sentinel","Armaments"],"picked":"Clash","floor":11.0},{"not_picked":["Armaments","Shrug It Off","True Grit"],"picked":"SKIP","floor":14.0},{"not_picked":["Havoc","True Grit","Twin Strike"],"picked":"SKIP","floor":18.0},{"not_picked":["Clothesline+1","Bloodletting","Headbutt"],"picked":"SKIP","floor":21.0},{"not_picked":["Anger","Fire Breathing","Body Slam"],"picked":"SKIP","floor":31.0},{"not_picked":["Anger","Fire Breathing","Body Slam"],"picked":"SKIP","floor":31.0},{"not_picked":["Flex","Iron Wave"],"picked":"Clash","floor":32.0},{"not_picked":["Immolate","Brutality"],"picked":"Feed","floor":33.0},{"not_picked":["Anger","Twin Strike+1","Headbutt"],"picked":"SKIP","floor":35.0},{"not_picked":["Sentinel","Body Slam+1","Flame Barrier+1"],"picked":"SKIP","floor":37.0},{"not_picked":["Sentinel+1","Berserk","Perfected Strike+1"],"picked":"SKIP","floor":41},{"not_picked":["Sentinel+1","Berserk","Perfected Strike+1"],"picked":"SKIP","floor":41}],"player_experience":746543,"relics_obtained":[{"floor":9.0,"key":"ScarletDevilRocket"},{"floor":11.0,"key":"Juzu Bracelet"},{"floor":12.0,"key":"War Paint"},{"floor":14.0,"key":"Centennial Puzzle"},{"floor":26.0,"key":"Akabeko"},{"floor":31.0,"key":"Dream Catcher"},{"floor":39,"key":"CatCart"},{"floor":41,"key":"Oddly Smooth Stone"},{"floor":41,"key":"Omamori"}],"event_choices":[{"damage_healed":0.0,"max_hp_gain":0.0,"max_hp_loss":0.0,"gold_gain":0.0,"event_name":"Scrap Ooze","player_choice":"Success","floor":2.0,"gold_loss":0.0,"damage_taken":3.0,"relics_obtained":["MealTicket"]},{"damage_healed":0.0,"max_hp_gain":0.0,"max_hp_loss":0.0,"gold_gain":0.0,"event_name":"Big Fish","player_choice":"Box","floor":3.0,"gold_loss":0.0,"damage_taken":0.0,"relics_obtained":["Bird Faced Urn"],"cards_obtained":["Regret"]},{"damage_healed":0.0,"max_hp_gain":0.0,"max_hp_loss":0.0,"gold_gain":0.0,"event_name":"Golden Idol","player_choice":"Take Damage","floor":4.0,"gold_loss":0.0,"damage_taken":20.0,"relics_obtained":["Golden Idol"]},{"damage_healed":0.0,"max_hp_gain":0.0,"max_hp_loss":0.0,"gold_gain":0.0,"event_name":"Wheel of Change","player_choice":"Cursed","floor":19.0,"gold_loss":0.0,"damage_taken":0.0,"cards_obtained":["Decay"]},{"damage_healed":0.0,"max_hp_gain":0.0,"max_hp_loss":0.0,"gold_gain":0.0,"event_name":"NoteForYourself","player_choice":"Ignored","floor":22.0,"gold_loss":0.0,"damage_taken":0.0},{"damage_healed":0.0,"max_hp_gain":0.0,"max_hp_loss":0.0,"gold_gain":0.0,"cards_transformed":["Strike_R"],"event_name":"Transmorgrifier","player_choice":"Transformed","floor":24.0,"gold_loss":0.0,"damage_taken":0.0,"cards_obtained":["Sever Soul"]},{"damage_healed":0.0,"max_hp_gain":0.0,"max_hp_loss":0.0,"gold_gain":99.0,"event_name":"Nest","player_choice":"Stole From Cult","floor":29.0,"gold_loss":0.0,"damage_taken":0.0},{"cards_removed":["Defend_R"],"damage_healed":0.0,"max_hp_gain":0.0,"max_hp_loss":0.0,"gold_gain":0.0,"event_name":"Falling","player_choice":"Removed Skill","floor":38.0,"gold_loss":0.0,"damage_taken":0.0},{"damage_healed":0,"gold_gain":0,"player_choice":"Fight","damage_taken":0,"max_hp_gain":0,"max_hp_loss":0,"event_name":"OrinTheCat","floor":39,"gold_loss":0}],"is_beta":false,"boss_relics":[{"not_picked":["Cursed Key","SlaversCollar"],"picked":"Empty Cage"},{"not_picked":["Runic Cube","Astrolabe"],"picked":"Black Star"}],"items_purged_floors":[7,20,30,36],"is_endless":false,"potions_floor_spawned":[8,11,16,18,31,37,41],"killed_by":"Writhing Mass","ascension_level":0}}