{"host":"1ooxfz79hmpvpehx","time":1612623668,"event":{"mods":["BaseMod","Minty Spire (QoL Compilation)","Quick Restart","Replay The Spire","StSLib","SuperFastMode"],"gold_per_floor":[113,113,113,38,113,113,13,13,13,37,37,37,72,88,113,137,137,256,256,275,56,81,102,202,202,216,216,216,62,62,101,126,146,146,146,146],"floor_reached":35,"language":"ENG","playtime":736,"items_purged":["Delirium","Strike_B","Strike_B"],"score":327,"play_id":"c6ef4c59-32d8-4ade-aecc-1aecac7da8be","local_time":"20210206120108","is_ascension_mode":false,"campfire_choices":[{"data":"Zap","floor":6,"key":"SMITH"},{"data":"Dualcast","floor":8,"key":"SMITH"},{"data":"Gash","floor":17,"key":"SMITH"},{"floor":25,"key":"RECALL"},{"floor":34,"key":"REST"}],"circlet_count":0,"master_deck":["Defend_B","Defend_B","Defend_B","Defend_B","Zap+1","Dualcast+1","Gash+1","Flash of Steel","Self Repair+1","Bite","Bite","Bite","Bite","Bite","Echo Form"],"relics":["Cracked Core","NeowsBlessing","Golden Idol","ReplayTheSpireMod:Ring of Addiction","White Beast Statue","Toy Ornithopter","Ring of Peace","Happy Flower","Mango","ReplayTheSpireMod:Lightbulb","Fusion Hammer","BargainBundle","Onion Ring","Smiling Mask"],"acts_visited":["Exordium","TheCity"],"potions_floor_usage":[18,18,18,23,26,30,31,33,35,35],"damage_taken":[{"damage":0,"enemies":"2 Louse","floor":1,"turns":1},{"damage":0,"enemies":"Cultist","floor":10,"turns":1},{"damage":0,"enemies":"Lagavulin","floor":13,"turns":1},{"damage":0,"enemies":"Jaw Worm","floor":14,"turns":3},{"damage":0,"enemies":"Exordium Wildlife","floor":15,"turns":5},{"damage":16,"enemies":"The Guardian","floor":18,"turns":8},{"damage":6,"enemies":"Shell Parasite","floor":20,"turns":6},{"damage":7,"enemies":"Chosen","floor":22,"turns":5},{"damage":0,"enemies":"Snake Plant","floor":23,"turns":5},{"damage":39,"enemies":"Cultist and Chosen","floor":26,"turns":6},{"damage":0,"enemies":"Snecko","floor":30,"turns":1},{"damage":74,"enemies":"Gremlin Leader","floor":31,"turns":8},{"damage":41,"enemies":"Snake Plant","floor":32,"turns":5},{"damage":27,"enemies":"3 Cultists","floor":33,"turns":6},{"damage":92,"enemies":"Collector","floor":35,"turns":7}],"seed_played":"-4540703581789555382","potions_obtained":[{"floor":3,"key":"Swift Potion"},{"floor":3,"key":"SteroidPotion"},{"floor":3,"key":"ColorlessPotion"},{"floor":10,"key":"Doom Potion"},{"floor":18,"key":"LifebloodPotion"},{"floor":20,"key":"FairyPotion"},{"floor":22,"key":"Explosive Potion"},{"floor":23,"key":"SmokeBomb"},{"floor":26,"key":"ColorlessPotion"},{"floor":31,"key":"PotionOfCapacity"},{"floor":32,"key":"Regen Potion"},{"floor":33,"key":"ColorlessPotion"}],"is_trial":false,"path_per_floor":["M","?","?","$","?","R","$","R","T","M","PTL","PTL","E","M","M","T","R","B",null,"M","$","M","M","?","R","M","?","T","$","M","E","M","M","R","B"],"character_chosen":"DEFECT","items_purchased":["BargainBundle","Flash of Steel","Echo Form"],"campfire_rested":1,"item_purchase_floors":[21,21,29],"current_hp_per_floor":[75,57,57,57,46,46,46,46,46,46,46,46,60,60,60,60,60,59,81,75,75,68,73,73,73,39,39,39,39,46,43,30,51,53,0,0],"gold":146,"neow_bonus":"THREE_ENEMY_KILL","is_daily":false,"chose_seed":false,"campfire_upgraded":3,"win_rate":0.0,"timestamp":1612623668,"path_taken":["M","?","?","$","?","R","$","R","T","M","PTL","PTL","E","M","M","?","R","BOSS","M","$","M","M","?","R","?","?","T","?","?","E","M","M","R","BOSS"],"items_purchased_type":["Relic","Card","Card"],"build_version":"2020-12-22","purchased_purges":3,"victory":false,"max_hp_per_floor":[75,75,75,75,75,75,73,73,73,71,71,71,83,83,83,81,81,81,81,81,81,79,79,79,79,79,55,55,55,53,53,53,53,53,53,53],"card_choices":[{"not_picked":["Coolheaded","Beam Cell","Turbo"],"picked":"SKIP","floor":1},{"not_picked":["Coolheaded","Cold Snap","ReplayTheSpireMod:System Scan"],"picked":"SKIP","floor":10},{"not_picked":["Stack","Meteor Strike"],"picked":"Gash","floor":13},{"not_picked":["BasicCrystalCard","Redo","Coolheaded"],"picked":"SKIP","floor":14},{"not_picked":["Genetic Algorithm","Panic Button","Skim"],"picked":"SKIP","floor":15},{"not_picked":["Steam","Tempest","Go for the Eyes+1"],"picked":"SKIP","floor":20},{"not_picked":["ReplayTheSpireMod:Calculation Training+1","Coolheaded","BasicCrystalCard+1"],"picked":"SKIP","floor":22},{"not_picked":["ReplayTheSpireMod:Calculation Training+1","Coolheaded","BasicCrystalCard+1"],"picked":"SKIP","floor":22},{"not_picked":["Lockon","Conserve Battery","Redo+1"],"picked":"SKIP","floor":23},{"not_picked":["Hologram+1","Cold Snap"],"picked":"Self Repair+1","floor":26},{"not_picked":["Turbo","Go for the Eyes","ReplayTheSpireMod:Repulse"],"picked":"SKIP","floor":31},{"not_picked":["Rebound","Steam","Beam Cell"],"picked":"SKIP","floor":32},{"not_picked":["Panic Button+1","Rebound","Turbo"],"picked":"SKIP","floor":33}],"player_experience":19648,"relics_obtained":[{"floor":3,"key":"ReplayTheSpireMod:Ring of Addiction"},{"floor":3,"key":"White Beast Statue"},{"floor":3,"key":"Toy Ornithopter"},{"floor":3,"key":"Ring of Peace"},{"floor":9,"key":"Happy Flower"},{"floor":13,"key":"Mango"},{"floor":16,"key":"ReplayTheSpireMod:Lightbulb"},{"floor":28,"key":"Onion Ring"},{"floor":31,"key":"Smiling Mask"}],"event_choices":[{"damage_healed":0,"gold_gain":0,"player_choice":"Take Damage","damage_taken":18,"relics_obtained":["Golden Idol"],"max_hp_gain":0,"max_hp_loss":0,"event_name":"Golden Idol","floor":2,"gold_loss":0},{"damage_healed":0,"gold_gain":75,"player_choice":"Gather Gold","damage_taken":11,"max_hp_gain":0,"max_hp_loss":0,"event_name":"World of Goop","floor":5,"gold_loss":0},{"damage_healed":0,"gold_gain":100,"player_choice":"Pray","damage_taken":0,"max_hp_gain":0,"max_hp_loss":0,"event_name":"Golden Shrine","floor":24,"gold_loss":0},{"damage_healed":0,"gold_gain":0,"player_choice":"Became a vampire","damage_taken":0,"max_hp_gain":0,"max_hp_loss":24,"event_name":"Vampires","floor":27,"gold_loss":0,"cards_obtained":["Bite","Bite","Bite","Bite","Bite"]}],"is_beta":false,"boss_relics":[{"not_picked":["ChewingGum","Replay:Wanted Poster"],"picked":"Fusion Hammer"}],"items_purged_floors":[4,7,21],"is_endless":false,"potions_floor_spawned":[10,13,14,15,18,20,22,23,26,30,31,32,33],"killed_by":"Collector","ascension_level":0}}