{"host":"j4g6ia6asvpyu2b0","time":1612641711,"event":{"mods":["BaseMod","Colored Map","Minty Spire (QoL Compilation)","Permanent Neow","Quick Restart","Relic Stats","StSLib","Unceasing Turn Reminder"],"gold_per_floor":[110,130,130,149,149,174,174,191,243,193,226,226,236,251,251,251,251],"floor_reached":16,"language":"ENG","playtime":413,"items_purged":[],"score":129,"play_id":"d2469c89-1fdf-423f-ba01-570ca8730463","local_time":"20210206130151","is_ascension_mode":true,"campfire_choices":[{"data":"Tools of the Trade","floor":7,"key":"SMITH"},{"data":"Bouncing Flask","floor":15,"key":"SMITH"}],"circlet_count":0,"master_deck":["Strike_G","Strike_G","Strike_G","Strike_G","Defend_G","Defend_G","Defend_G","Defend_G","Survivor","Neutralize","Quick Slash","PiercingWail","Bouncing Flask+1","Streamline+1","Tools of the Trade+1","Cloak And Dagger","Reflex","Deadly Poison","Quick Slash"],"relics":["Ring of the Snake","The Courier","Orichalcum","Potion Belt","Singing Bowl"],"acts_visited":["Exordium"],"potions_floor_usage":[8,16,16],"damage_taken":[{"damage":0.0,"enemies":"Cultist","floor":1.0,"turns":3.0},{"damage":1.0,"enemies":"Small Slimes","floor":2.0,"turns":4.0},{"damage":1.0,"enemies":"Jaw Worm","floor":4.0,"turns":5.0},{"damage":12.0,"enemies":"Gremlin Nob","floor":6.0,"turns":4.0},{"damage":8,"enemies":"Gremlin Gang","floor":8,"turns":4},{"damage":18,"enemies":"Lagavulin","floor":11,"turns":5},{"damage":2,"enemies":"Blue Slaver","floor":13,"turns":3},{"damage":5,"enemies":"Looter","floor":14,"turns":2},{"damage":6,"enemies":"The Guardian","floor":16,"turns":7}],"seed_played":"-3408049274588393987","potions_obtained":[{"floor":1.0,"key":"Swift Potion"},{"floor":4.0,"key":"Fire Potion"},{"floor":8,"key":"Energy Potion"},{"floor":11,"key":"Energy Potion"}],"is_trial":false,"path_per_floor":["M","M","?","M","?","E","R","M","T","?","E","?","M","M","R","B"],"character_chosen":"THE_SILENT","items_purchased":[],"campfire_rested":0,"item_purchase_floors":[],"current_hp_per_floor":[63,62,55,54,54,42,42,34,34,34,16,13,11,6,6,0,0],"gold":251,"neow_bonus":"RANDOM_COLORLESS_2","is_daily":false,"chose_seed":false,"campfire_upgraded":2,"win_rate":0.0,"timestamp":1612641711,"path_taken":["M","?","?","M","?","E","R","?","T","?","E","?","M","M","R","BOSS"],"items_purchased_type":[],"build_version":"2020-12-22","purchased_purges":0,"victory":false,"max_hp_per_floor":[63,63,63,63,63,63,63,63,63,63,63,63,63,63,63,63,63],"relic_stats":{"Singing Bowl":0,"counters":[9,37],"Orichalcum":[66],"obtain_stats":[{"Potion Belt":11,"Singing Bowl":12,"The Courier":6,"Orichalcum":9,"Ring of the Snake":0},{"Potion Belt":6,"Singing Bowl":6,"The Courier":4,"Orichalcum":5,"Ring of the Snake":0},{"Potion Belt":25,"Singing Bowl":25,"The Courier":16,"Orichalcum":20,"Ring of the Snake":0}],"Ring of the Snake":[18]},"card_choices":[{"not_picked":["Metamorphosis","Master of Strategy"],"picked":"Apotheosis","floor":0.0},{"not_picked":["Outmaneuver","Dagger Throw"],"picked":"Quick Slash","floor":1.0},{"not_picked":["Prepared","Underhanded Strike"],"picked":"PiercingWail","floor":2.0},{"not_picked":["Blur","Concentrate"],"picked":"Bouncing Flask","floor":4.0},{"not_picked":["Footwork","Backflip"],"picked":"Tools of the Trade","floor":6},{"not_picked":["Quick Slash","Calculated Gamble"],"picked":"Cloak And Dagger","floor":8},{"not_picked":["Underhanded Strike","Deflect"],"picked":"Reflex","floor":11},{"not_picked":["Slice","Cloak And Dagger"],"picked":"Deadly Poison","floor":13},{"not_picked":["Acrobatics","Grand Finale"],"picked":"Quick Slash","floor":14}],"player_experience":1163879,"relics_obtained":[{"floor":6,"key":"The Courier"},{"floor":9,"key":"Orichalcum"},{"floor":11,"key":"Potion Belt"}],"event_choices":[{"cards_removed":["Strike_G"],"damage_healed":0.0,"max_hp_gain":0.0,"max_hp_loss":0.0,"gold_gain":0.0,"event_name":"Golden Wing","player_choice":"Card Removal","floor":3.0,"gold_loss":0.0,"damage_taken":7.0},{"cards_removed":["Apotheosis"],"damage_healed":0.0,"max_hp_gain":0.0,"max_hp_loss":0.0,"gold_gain":0.0,"event_name":"NoteForYourself","player_choice":"Took Card","floor":5.0,"gold_loss":0.0,"damage_taken":0.0,"cards_obtained":["Streamline"]},{"cards_removed":["Defend_G"],"damage_healed":0,"gold_gain":0,"player_choice":"Card Removal","damage_taken":0,"max_hp_gain":0,"max_hp_loss":0,"event_name":"The Cleric","floor":10,"gold_loss":50},{"damage_healed":0,"gold_gain":0,"player_choice":"Success","damage_taken":3,"relics_obtained":["Singing Bowl"],"max_hp_gain":0,"max_hp_loss":0,"event_name":"Scrap Ooze","floor":12,"gold_loss":0}],"is_beta":false,"boss_relics":[],"items_purged_floors":[],"is_endless":false,"potions_floor_spawned":[1,4,8,11],"killed_by":"The Guardian","ascension_level":3}}