{"host":"mgjbkrm6zb65cm01","time":1612623232,"event":{"mods":["ATMod(°¢èªMod)","BaseMod","Conspire","Good Game Mod","Minty Spire (QoL Compilation)","Quick Restart","Relic Stats","Replay The Spire","Spicy Shops","StSLib","The Servant 0.9.4","UnlockEverythingMod","noobMod"],"gold_per_floor":[114,128,142,158,171,206,206,219,270,284,299,315,315,333,333,435,435,447,465,485,1,21,53,68,82,82,82,42,77,91,91,91,106,106,211,211,224,238,437,437,449,476,476,487,513,526,526,572,572,2,2,2,2,2,2,35,35],"floor_reached":58,"language":"ZHS","playtime":3415,"items_purged":["Defend_R","Searing Blow+1"],"score":1291,"play_id":"97333b83-4df3-4ec4-b556-9e45c1d58236","local_time":"20210206225352","is_ascension_mode":false,"campfire_choices":[{"floor":27.0,"key":"RECALL"},{"data":"AT_ChampionKick","floor":47.0,"key":"SMITH"},{"data":"Heavy Blade","floor":49.0,"key":"SMITH"},{"data":"AT_Dispersion","floor":51.0,"key":"SMITH"},{"data":"Armaments","floor":54.0,"key":"SMITH"}],"circlet_count":0,"master_deck":["Defend_R","Defend_R","Bash","AT_ChampionKick+1","Armaments+1","Thunderclap+1","Flex","Flex","Flex","Sword Boomerang","Heavy Blade+1","Heavy Blade","Limit Break+1","Uppercut+1","Seeing Red+1","Pummel","Ghostly Armor","Cleave","Thunderclap","Sword Boomerang","Ghostly Armor","Pummel","ReplayTheSpireMod:Muscle Training+1","AT_Dispersion+1","Hemokinesis+1","Searing Blow+1","Iron Wave+1","conspire:Charge+1","Shockwave+1","Shrug It Off+1","AT_DrawKnifeCut+1","Shrug It Off+1","AT_ManFootWork+1"],"relics":["Burning Blood","REME:ComplimentaryCards","ice","AT_ATBox","NeowsBlessing","Regal Pillow","Replay:Bronze Core","Frozen Eye","Bag of Preparation","InkBottle","Toxic Egg 2","Astrolabe","Smiling Mask","Boot","Counterbalance","Pantograph","Bottled Flame","Lee\u0027s Waffle","Gremlin Horn"],"acts_visited":["Exordium","TheCity","TheBeyond","TheEnding"],"potions_floor_usage":[],"damage_taken":[{"damage":0.0,"enemies":"2 Louse","floor":1.0,"turns":1.0},{"damage":2.0,"enemies":"conspire:RoseBush","floor":2.0,"turns":1.0},{"damage":0.0,"enemies":"Cultist","floor":3.0,"turns":1.0},{"damage":15.0,"enemies":"conspire:2 RoseBushes","floor":4.0,"turns":4.0},{"damage":0.0,"enemies":"Large Slime","floor":5.0,"turns":5.0},{"damage":30.0,"enemies":"3 Sentries","floor":6.0,"turns":5.0},{"damage":16.0,"enemies":"Red Slaver","floor":8.0,"turns":3.0},{"damage":10.0,"enemies":"Looter","floor":10.0,"turns":3.0},{"damage":13.0,"enemies":"Large Slime","floor":11.0,"turns":5.0},{"damage":20.0,"enemies":"Exordium Thugs","floor":12.0,"turns":3.0},{"damage":7.0,"enemies":"3 Louse","floor":14.0,"turns":3.0},{"damage":31.0,"enemies":"Slime Boss","floor":16.0,"turns":8.0},{"damage":35.0,"enemies":"3 Byrds","floor":18.0,"turns":4.0},{"damage":30.0,"enemies":"Chosen","floor":19.0,"turns":5.0},{"damage":9.0,"enemies":"Snake Plant","floor":20.0,"turns":4.0},{"damage":23.0,"enemies":"Snecko","floor":22.0,"turns":4.0},{"damage":56.0,"enemies":"Book of Stabbing","floor":23.0,"turns":5.0},{"damage":17.0,"enemies":"conspire:HollyBat","floor":24.0,"turns":6.0},{"damage":23.0,"enemies":"Snake Plant","floor":25.0,"turns":4.0},{"damage":83.0,"enemies":"conspire:SneckoGhost","floor":29.0,"turns":9.0},{"damage":40.0,"enemies":"Shelled Parasite and Fungi","floor":30.0,"turns":5.0},{"damage":0.0,"enemies":"conspire:HollyBat","floor":33.0,"turns":6.0},{"damage":46.0,"enemies":"Collector","floor":35.0,"turns":6.0},{"damage":9.0,"enemies":"3 Shapes","floor":37.0,"turns":2.0},{"damage":3.0,"enemies":"Orb Walker","floor":38.0,"turns":1.0},{"damage":34.0,"enemies":"4 Shapes","floor":41.0,"turns":3.0},{"damage":21.0,"enemies":"R_Hoarder","floor":42.0,"turns":6.0},{"damage":0.0,"enemies":"Transient","floor":44.0,"turns":5.0},{"damage":41.0,"enemies":"Jaw Worm Horde","floor":46.0,"turns":4.0},{"damage":51.0,"enemies":"2 Orb Walkers","floor":48.0,"turns":4.0},{"damage":129.0,"enemies":"conspire:OrnateMirror","floor":52.0,"turns":8.0},{"damage":48.0,"enemies":"Shield and Spear","floor":56.0,"turns":4.0},{"damage":181,"enemies":"The Heart","floor":57,"turns":12}],"seed_played":"-7458582250794047769","potions_obtained":[{"floor":1.0,"key":"conspire:TimeTravelPotion"},{"floor":2.0,"key":"Strength Potion"},{"floor":5.0,"key":"Swift Potion"},{"floor":12.0,"key":"Elixir"},{"floor":16.0,"key":"BlessingOfTheForge"},{"floor":18.0,"key":"Languid Potion"},{"floor":19.0,"key":"Fire Potion"},{"floor":22.0,"key":"DistilledChaos"},{"floor":30.0,"key":"Languid Potion"},{"floor":34.0,"key":"SneckoOil"},{"floor":34.0,"key":"Elixir"},{"floor":37.0,"key":"Swift Potion"},{"floor":40.0,"key":"DistilledChaos"},{"floor":40.0,"key":"Flashbang"}],"is_trial":false,"path_per_floor":["M","M","M","M","M","E","?","M","T","M","M","M","?","M","R","B",null,"M","M","M","$","M","E","M","M","T","R","?","E","M","PTL","PTL","M","R","B",null,"M","M","?","?","M","E","?","M","T","M","R","?","R","$","R","B",null,"R","$","E","B",null],"character_chosen":"IRONCLAD","items_purchased":["Ghostly Armor","Cleave","conspire:Purge","Frozen Eye","Pantograph","Bottled Flame","Lee\u0027s Waffle"],"campfire_rested":0,"item_purchase_floors":[21,21,21,21,50,50,50],"current_hp_per_floor":[80,80,80,71,77,53,46,36,36,32,25,11,11,16,55,30,80,51,27,24,24,7,31,20,87,87,87,87,10,60,60,60,66,66,26,100,97,100,75,75,47,32,88,88,88,53,53,8,8,95,95,66,97,97,97,55,145],"gold":35,"neow_bonus":"THREE_ENEMY_KILL","is_daily":false,"chose_seed":false,"campfire_upgraded":4,"win_rate":0.0,"timestamp":1612623232,"path_taken":["M","M","M","M","M","E","?","M","T","M","M","M","?","M","R","BOSS","M","M","M","$","M","E","M","M","T","R","?","E","M","PTL","PTL","M","R","BOSS","M","M","?","?","?","E","?","M","T","M","R","?","R","$","R","BOSS","R","$","E","BOSS"],"items_purchased_type":["Card","Card","Card","Relic","Relic","Relic","Relic"],"build_version":"2020-12-22","purchased_purges":2,"victory":true,"max_hp_per_floor":[80,80,80,80,80,80,80,80,80,80,80,80,80,80,80,80,80,80,80,80,80,80,88,88,89,89,89,89,89,93,93,93,94,94,100,100,101,101,101,101,101,101,88,88,88,88,88,88,88,95,95,97,97,97,97,103,145],"relic_stats":{"Regal Pillow":15,"Lee\u0027s Waffle":87,"Gremlin Horn":[1,1],"counters":[33,149],"Astrolabe":["Hemokinesis","Searing Blow","Iron Wave"],"Pantograph":25,"Bag of Preparation":[32],"Smiling Mask":50,"Boot":[32],"obtain_stats":[{"Regal Pillow":6,"Lee\u0027s Waffle":50,"AT_ATBox":0,"NeowsBlessing":0,"Gremlin Horn":56,"Astrolabe":36,"Counterbalance":48,"ice":0,"Bag of Preparation":23,"Smiling Mask":42,"Boot":45,"Burning Blood":0,"Frozen Eye":21,"REME:ComplimentaryCards":0,"Bottled Flame":50,"Replay:Bronze Core":17,"Pantograph":50,"Toxic Egg 2":29,"InkBottle":26},{"Regal Pillow":6,"Lee\u0027s Waffle":30,"AT_ATBox":0,"NeowsBlessing":0,"Gremlin Horn":32,"Astrolabe":23,"Counterbalance":30,"ice":0,"Bag of Preparation":17,"Smiling Mask":27,"Boot":28,"Burning Blood":0,"Frozen Eye":15,"REME:ComplimentaryCards":0,"Bottled Flame":30,"Replay:Bronze Core":12,"Pantograph":30,"Toxic Egg 2":20,"InkBottle":19},{"Regal Pillow":17,"Lee\u0027s Waffle":125,"AT_ATBox":0,"NeowsBlessing":0,"Gremlin Horn":137,"Astrolabe":100,"Counterbalance":125,"ice":0,"Bag of Preparation":64,"Smiling Mask":112,"Boot":117,"Burning Blood":0,"Frozen Eye":55,"REME:ComplimentaryCards":0,"Bottled Flame":125,"Replay:Bronze Core":42,"Pantograph":125,"Toxic Egg 2":83,"InkBottle":74}],"Burning Blood":170,"InkBottle":[28]},"card_choices":[{"not_picked":["Replay:Undeath\u0027s Touch","True Grit"],"picked":"Armaments","floor":1.0},{"not_picked":["Twin Strike","Havoc"],"picked":"Thunderclap","floor":2.0},{"not_picked":["AT_IchimonjiDouble","Havoc","ReplayTheSpireMod:Corrosion Curse"],"picked":"SKIP","floor":3.0},{"not_picked":["Feed","Thunderclap"],"picked":"Flex","floor":4.0},{"not_picked":["True Grit","Havoc"],"picked":"Flex","floor":5.0},{"not_picked":["True Grit","Warcry"],"picked":"Flex","floor":6.0},{"not_picked":["Clash","Clothesline","Infernal Blade"],"picked":"SKIP","floor":8.0},{"not_picked":["Carnage","Second Wind"],"picked":"Sword Boomerang","floor":10.0},{"not_picked":["Twin Strike","Anger"],"picked":"Heavy Blade","floor":11.0},{"not_picked":["Clothesline","AT_BodySlamDance"],"picked":"Carnage","floor":12.0},{"not_picked":["Rage","Armaments"],"picked":"Heavy Blade","floor":14.0},{"not_picked":["Berserk","Corruption"],"picked":"Limit Break","floor":16.0},{"not_picked":["True Grit+1","AT_IchimonjiDouble"],"picked":"Uppercut+1","floor":18.0},{"not_picked":["Sentinel","AT_BodySlamDance"],"picked":"Seeing Red+1","floor":19.0},{"not_picked":["AT_IchimonjiDouble","AT_CaressingTears"],"picked":"Pummel","floor":20.0},{"not_picked":["Perfected Strike","Iron Wave"],"picked":"Flex","floor":22.0},{"not_picked":["Rage","AT_IchimonjiDouble"],"picked":"Thunderclap","floor":23.0},{"not_picked":["Evolve","Feel No Pain"],"picked":"Sword Boomerang","floor":24.0},{"not_picked":["Perfected Strike","True Grit"],"picked":"Ghostly Armor","floor":25.0},{"not_picked":["Second Wind+1","True Grit+1"],"picked":"Searing Blow+1","floor":29.0},{"not_picked":["Anger","Dual Wield+1"],"picked":"Pummel","floor":30.0},{"not_picked":["Wild Strike","Headbutt+1"],"picked":"ReplayTheSpireMod:Muscle Training+1","floor":33.0},{"not_picked":["Feed","conspire:HitWhereItHurts"],"picked":"AT_Dispersion","floor":35.0},{"not_picked":["Flex+1","Run Through+1"],"picked":"conspire:Charge+1","floor":37.0},{"not_picked":["True Grit+1","Anger+1","AT_BodySlamDance+1"],"picked":"SKIP","floor":38.0},{"not_picked":["ReplayTheSpireMod:Strike From Hell","Seeing Red+1"],"picked":"Shockwave+1","floor":39.0},{"not_picked":["Twin Strike","Body Slam"],"picked":"Shrug It Off+1","floor":41.0},{"not_picked":["Clothesline+1","Flex+1"],"picked":"AT_DrawKnifeCut+1","floor":42.0},{"not_picked":["Abandon+1","Twin Strike+1","Hemogenesis"],"picked":"SKIP","floor":44.0},{"not_picked":["Wild Strike","ReplayTheSpireMod:Strike From Hell"],"picked":"Shrug It Off+1","floor":46.0},{"not_picked":["Heavy Blade+1","Pummel"],"picked":"AT_ManFootWork+1","floor":48.0},{"not_picked":["Clash","AT_IchimonjiDouble+1","Cleave"],"picked":"SKIP","floor":56.0}],"player_experience":129529,"relics_obtained":[{"floor":6.0,"key":"Regal Pillow"},{"floor":23.0,"key":"Bag of Preparation"},{"floor":26.0,"key":"InkBottle"},{"floor":29.0,"key":"Toxic Egg 2"},{"floor":42.0,"key":"Smiling Mask"},{"floor":45.0,"key":"Boot"},{"floor":48.0,"key":"Counterbalance"},{"floor":56.0,"key":"Gremlin Horn"}],"event_choices":[{"cards_removed":["Strike_R"],"damage_healed":0.0,"max_hp_gain":0.0,"max_hp_loss":0.0,"gold_gain":0.0,"event_name":"Golden Wing","player_choice":"Card Removal","floor":7.0,"gold_loss":0.0,"damage_taken":7.0},{"cards_removed":["Strike_R"],"damage_healed":0.0,"max_hp_gain":0.0,"max_hp_loss":0.0,"gold_gain":0.0,"event_name":"Living Wall","player_choice":"Forget","floor":13.0,"gold_loss":0.0,"damage_taken":0.0},{"damage_healed":0.0,"max_hp_gain":0.0,"max_hp_loss":0.0,"gold_gain":0.0,"event_name":"Designer","player_choice":"Upgrade","floor":28.0,"gold_loss":40.0,"damage_taken":0.0,"cards_upgraded":["Limit Break"]},{"damage_healed":0.0,"max_hp_gain":0.0,"max_hp_loss":0.0,"gold_gain":0.0,"event_name":"Lab","player_choice":"Got Potions","floor":40.0,"gold_loss":0.0,"damage_taken":0.0},{"damage_healed":88.0,"max_hp_gain":0.0,"max_hp_loss":13.0,"gold_gain":0.0,"event_name":"The Moai Head","player_choice":"Heal","floor":43.0,"gold_loss":0.0,"damage_taken":0.0},{"damage_healed":0.0,"max_hp_gain":0.0,"max_hp_loss":0.0,"gold_gain":0.0,"event_name":"Mysterious Sphere","player_choice":"Fight","floor":48.0,"gold_loss":0.0,"damage_taken":0.0}],"is_beta":false,"boss_relics":[{"not_picked":["Coffee Dripper","Ectoplasm"],"picked":"Replay:Bronze Core"},{"not_picked":["conspire:SeveredTorchhead","Painkiller Herb"],"picked":"Astrolabe"}],"items_purged_floors":[21,50],"is_endless":false,"potions_floor_spawned":[1,2,5,12,16,18,19,22,30,37,38],"ascension_level":0}}