{"host":"f8toxsj3bk02pkeu","time":1612621001,"event":{"mods":["BaseMod","Minty Spire (QoL Compilation)","Permanent Neow","Quick Restart","StSLib","SuperFastMode"],"gold_per_floor":[109,109,109,109,109,141,141,166,166,179,179,204,204,232,232,304,304,263,279,293,293,293],"floor_reached":21,"language":"ENG","playtime":663,"items_purged":[],"score":510,"play_id":"eea696bd-a251-4f47-afff-d55a5197391a","local_time":"20210206071641","is_ascension_mode":true,"campfire_choices":[{"data":"Armaments","floor":7.0,"key":"SMITH"},{"floor":11.0,"key":"RECALL"},{"data":"Shrug It Off","floor":13.0,"key":"SMITH"},{"data":"1","floor":15.0,"key":"LIFT"}],"circlet_count":0,"master_deck":["AscendersBane","Strike_R","Strike_R","Strike_R","Strike_R","Strike_R","Defend_R","Defend_R","Defend_R","Defend_R","Bash","Shrug It Off+1","Armaments+1","Demon Form","Evolve+1","Pommel Strike"],"relics":["Black Blood","NeowsBlessing","Centennial Puzzle","Red Skull","StrikeDummy","Charon\u0027s Ashes","Girya"],"acts_visited":["Exordium","TheCity"],"potions_floor_usage":[21],"damage_taken":[{"damage":0.0,"enemies":"2 Louse","floor":1.0,"turns":1.0},{"damage":0.0,"enemies":"3 Sentries","floor":6.0,"turns":2.0},{"damage":0.0,"enemies":"Lagavulin","floor":8.0,"turns":1.0},{"damage":0.0,"enemies":"Cultist","floor":10.0,"turns":4.0},{"damage":19.0,"enemies":"3 Sentries","floor":12.0,"turns":7.0},{"damage":13.0,"enemies":"Lagavulin","floor":14.0,"turns":8.0},{"damage":40.0,"enemies":"The Guardian","floor":16.0,"turns":15.0},{"damage":28.0,"enemies":"2 Thieves","floor":18.0,"turns":5.0},{"damage":45.0,"enemies":"3 Byrds","floor":19.0,"turns":9.0},{"damage":28.0,"enemies":"Snecko","floor":20.0,"turns":6.0},{"damage":43,"enemies":"Masked Bandits","floor":21,"turns":4}],"seed_played":"8704357925160465627","potions_obtained":[{"floor":5.0,"key":"DistilledChaos"},{"floor":5.0,"key":"Strength Potion"},{"floor":16.0,"key":"FairyPotion"},{"floor":20.0,"key":"Fire Potion"}],"is_trial":false,"path_per_floor":["M","?","$","$","?","E","R","E","T","M","R","E","R","E","R","B",null,"M","M","M","?"],"character_chosen":"IRONCLAD","items_purchased":[],"campfire_rested":0,"item_purchase_floors":[],"current_hp_per_floor":[74,74,74,74,74,75,75,75,75,75,75,62,62,55,55,21,62,46,13,34,0,0],"gold":293,"neow_bonus":"THREE_ENEMY_KILL","is_daily":false,"chose_seed":false,"campfire_upgraded":2,"win_rate":0.0,"timestamp":1612621001,"path_taken":["M","?","?","$","?","E","R","E","T","M","R","E","R","E","R","BOSS","M","M","M","?"],"items_purchased_type":[],"build_version":"2020-12-22","purchased_purges":0,"victory":false,"max_hp_per_floor":[75,75,75,75,75,75,75,75,75,75,75,75,75,75,75,75,75,75,75,75,75,75],"card_choices":[{"not_picked":["Armaments","Metallicize"],"picked":"Shrug It Off","floor":1.0},{"not_picked":["Dark Embrace","Bloodletting","Cleave"],"picked":"SKIP","floor":6.0},{"not_picked":["Dual Wield","Burning Pact","Clash"],"picked":"SKIP","floor":8.0},{"not_picked":["Combust","Clothesline","Flex"],"picked":"SKIP","floor":10.0},{"not_picked":["Havoc","Second Wind","Heavy Blade"],"picked":"SKIP","floor":12.0},{"not_picked":["Infernal Blade","Bludgeon","Rampage"],"picked":"SKIP","floor":14.0},{"not_picked":["Berserk","Immolate"],"picked":"Demon Form","floor":16.0},{"not_picked":["Thunderclap","Clash"],"picked":"Evolve+1","floor":18.0},{"not_picked":["Burning Pact+1","Shrug It Off","Body Slam"],"picked":"SKIP","floor":19.0},{"not_picked":["Shrug It Off","Cleave"],"picked":"Pommel Strike","floor":20.0}],"player_experience":981175,"relics_obtained":[{"floor":6.0,"key":"Centennial Puzzle"},{"floor":8.0,"key":"Red Skull"},{"floor":9.0,"key":"StrikeDummy"},{"floor":12.0,"key":"Charon\u0027s Ashes"},{"floor":14.0,"key":"Girya"}],"event_choices":[{"damage_healed":0.0,"max_hp_gain":0.0,"max_hp_loss":0.0,"gold_gain":0.0,"event_name":"Match and Keep!","player_choice":"1 cards matched","floor":2.0,"gold_loss":0.0,"damage_taken":0.0,"cards_obtained":["Armaments"]},{"damage_healed":0.0,"max_hp_gain":0.0,"max_hp_loss":0.0,"gold_gain":0.0,"event_name":"Lab","player_choice":"Got Potions","floor":5.0,"gold_loss":0.0,"damage_taken":0.0},{"damage_healed":0,"gold_gain":0,"player_choice":"Fought Bandits","damage_taken":0,"max_hp_gain":0,"max_hp_loss":0,"event_name":"Masked Bandits","floor":21,"gold_loss":0}],"is_beta":false,"boss_relics":[{"not_picked":["Runic Dome","Astrolabe"],"picked":"Black Blood"}],"items_purged_floors":[],"is_endless":false,"potions_floor_spawned":[6,12,16,20],"killed_by":"Masked Bandits","ascension_level":20}}