{"host":"pfy6u49v5s5r680p","time":1612579285,"event":{"mods":["BaseMod","Colored Map","DeckTracker","Highlight Path","Keyboard Shortcuts","Minty Spire (QoL Compilation)","Permanent Neow","Quick Restart","StSLib","SuperFastMode","everything is the same but u backflip on backflip"],"gold_per_floor":[360,378,225,243,269,269,269,269,346,360,385,83,103,103,103,201,251,271,287,304,14,14,14,49,59,107,119,137,137,153,153,153],"floor_reached":31,"language":"KOR","playtime":1450,"items_purged":["Defend_B","Strike_B","Strike_B"],"score":259,"play_id":"f39ecc3b-1679-4e5e-8b05-d3b2a9844327","local_time":"20210206114125","is_ascension_mode":false,"campfire_choices":[{"data":"Zap","floor":6.0,"key":"SMITH"},{"data":"Dualcast","floor":8.0,"key":"SMITH"},{"floor":15.0,"key":"REST"},{"floor":23.0,"key":"REST"},{"floor":29.0,"key":"REST"}],"circlet_count":0,"master_deck":["Defend_B","Defend_B","Defend_B","Zap+1","Dualcast+1","Decay","Chill+1","Sweeping Beam","Capacitor","White Noise","Ball Lightning","Barrage","Streamline","White Noise+1","Thunder Strike","Force Field+1","Self Repair+1","Aggregate+1","Thinking Ahead+1","Redo+1","Stack+1","Rainbow+1","Conserve Battery+1","Conserve Battery+1","Heatsinks"],"relics":["Cracked Core","Smiling Mask","Bottled Tornado","Darkstone Periapt","Toxic Egg 2","Tiny House","Enchiridion","Lizard Tail","Nunchaku"],"acts_visited":["Exordium","TheCity"],"potions_floor_usage":[31],"damage_taken":[{"damage":2.0,"enemies":"Cultist","floor":1.0,"turns":4.0},{"damage":2.0,"enemies":"2 Louse","floor":2.0,"turns":2.0},{"damage":0.0,"enemies":"Small Slimes","floor":4.0,"turns":2.0},{"damage":12.0,"enemies":"Looter","floor":10.0,"turns":3.0},{"damage":17.0,"enemies":"Lagavulin","floor":11.0,"turns":6.0},{"damage":13.0,"enemies":"Large Slime","floor":13.0,"turns":4.0},{"damage":42.0,"enemies":"Hexaghost","floor":16.0,"turns":8.0},{"damage":17.0,"enemies":"3 Byrds","floor":18.0,"turns":5.0},{"damage":22.0,"enemies":"Chosen","floor":19.0,"turns":5.0},{"damage":14.0,"enemies":"Centurion and Healer","floor":20.0,"turns":7.0},{"damage":53.0,"enemies":"Slavers","floor":24.0,"turns":6.0},{"damage":35.0,"enemies":"Snake Plant","floor":25.0,"turns":6.0},{"damage":23.0,"enemies":"Chosen and Byrds","floor":27.0,"turns":5.0},{"damage":4.0,"enemies":"Centurion and Healer","floor":28.0,"turns":5.0},{"damage":26.0,"enemies":"Snecko","floor":30.0,"turns":5.0},{"damage":21,"enemies":"Snake Plant","floor":31,"turns":1}],"seed_played":"2726616150664763234","potions_obtained":[{"floor":4.0,"key":"ColorlessPotion"},{"floor":13.0,"key":"SneckoOil"},{"floor":16.0,"key":"DistilledChaos"},{"floor":17.0,"key":"CultistPotion"},{"floor":20.0,"key":"Swift Potion"},{"floor":30.0,"key":"FearPotion"}],"is_trial":false,"path_per_floor":["M","M","$","M","T","R","?","R","T","M","E","$","M","?","R","B",null,"M","M","M","$","?","R","E","M","T","M","M","R","M","M"],"character_chosen":"DEFECT","items_purchased":["Capacitor","Toxic Egg 2","Thinking Ahead+1","Redo+1"],"campfire_rested":3,"item_purchase_floors":[3,12,21,21],"current_hp_per_floor":[73,71,71,71,71,71,71,71,71,59,42,42,29,22,44,2,80,63,51,47,47,31,55,12,29,29,6,12,36,20,0,0],"gold":153,"neow_bonus":"TWO_FIFTY_GOLD","is_daily":false,"chose_seed":false,"campfire_upgraded":2,"win_rate":0.0,"timestamp":1612579285,"path_taken":["M","M","$","M","?","R","?","R","T","M","E","$","M","?","R","BOSS","M","M","M","$","?","R","E","M","T","M","M","R","M","M"],"items_purchased_type":["Card","Relic","Card","Card"],"build_version":"2020-12-22","purchased_purges":3,"victory":false,"max_hp_per_floor":[75,75,75,75,75,75,75,75,75,75,75,75,75,75,75,75,80,80,80,80,80,80,80,80,80,80,80,80,80,80,80,80],"card_choices":[{"not_picked":["Stack","Compile Driver"],"picked":"Chill","floor":1.0},{"not_picked":["Ball Lightning","Steam Power"],"picked":"Sweeping Beam","floor":2.0},{"not_picked":["Stack","Ball Lightning"],"picked":"White Noise","floor":4.0},{"not_picked":["Scrape","Conserve Battery"],"picked":"Barrage","floor":10.0},{"not_picked":["Multi-Cast","Auto Shields"],"picked":"Streamline","floor":11.0},{"not_picked":["Chaos+1","Leap+1"],"picked":"White Noise+1","floor":13.0},{"not_picked":["Seek+1","Amplify+1"],"picked":"Thunder Strike","floor":16.0},{"not_picked":["Auto Shields+1","Chaos+1"],"picked":"Force Field+1","floor":17.0},{"not_picked":["Streamline","Stack+1"],"picked":"Self Repair+1","floor":18.0},{"not_picked":["Rebound","Gash","Barrage"],"picked":"SKIP","floor":19.0},{"not_picked":["Turbo+1","Steam+1"],"picked":"Aggregate+1","floor":20.0},{"not_picked":["Streamline","Cold Snap"],"picked":"Stack+1","floor":24.0},{"not_picked":["Capacitor","Gash+1"],"picked":"Rainbow+1","floor":25.0},{"not_picked":["Rebound","Fusion+1"],"picked":"Conserve Battery+1","floor":27.0},{"not_picked":["Beam Cell","Reinforced Body+1"],"picked":"Conserve Battery+1","floor":28.0},{"not_picked":["Streamline","Stack+1"],"picked":"Heatsinks","floor":30.0}],"player_experience":167574,"relics_obtained":[{"floor":5.0,"key":"Smiling Mask"},{"floor":9.0,"key":"Bottled Tornado"},{"floor":11.0,"key":"Darkstone Periapt"},{"floor":22.0,"key":"Enchiridion"},{"floor":24.0,"key":"Lizard Tail"},{"floor":26.0,"key":"Nunchaku"}],"event_choices":[{"damage_healed":0.0,"max_hp_gain":0.0,"max_hp_loss":0.0,"gold_gain":0.0,"cards_transformed":["Strike_B"],"event_name":"Living Wall","player_choice":"Change","floor":7.0,"gold_loss":0.0,"damage_taken":0.0,"cards_obtained":["Ball Lightning"]},{"cards_removed":["Strike_B"],"damage_healed":0.0,"max_hp_gain":0.0,"max_hp_loss":0.0,"gold_gain":0.0,"event_name":"Golden Wing","player_choice":"Card Removal","floor":14.0,"gold_loss":0.0,"damage_taken":7.0},{"damage_healed":0.0,"max_hp_gain":0.0,"max_hp_loss":0.0,"gold_gain":0.0,"event_name":"Cursed Tome","player_choice":"Obtained Book","floor":22.0,"gold_loss":0.0,"damage_taken":16.0}],"is_beta":false,"boss_relics":[{"not_picked":["Ectoplasm","Velvet Choker"],"picked":"Tiny House"}],"items_purged_floors":[3,12,21],"is_endless":false,"potions_floor_spawned":[4,13,16,20,30],"killed_by":"Snake Plant","ascension_level":0}}