{"host":"4eao2pkwlmv012cz","time":1612647761,"event":{"mods":["BaseMod","Colored Powertips","Minty Spire (QoL Compilation)","Permanent Neow","Quick Restart","Random Character Button","StSLib"],"gold_per_floor":[117,127,127,17,28,28,55,55,55,80,80,80,96,96,96],"floor_reached":14,"language":"ENG","playtime":320,"items_purged":[],"score":196,"play_id":"0c47ca63-d103-4010-af6e-b2ead2a1b923","local_time":"20210206164241","is_ascension_mode":true,"campfire_choices":[{"data":"Static Discharge","floor":6.0,"key":"SMITH"},{"floor":8,"key":"REST"},{"floor":11,"key":"REST"}],"circlet_count":0,"master_deck":["AscendersBane","Strike_B","Strike_B","Strike_B","Defend_B","Defend_B","Defend_B","Defend_B","Zap","Dualcast","Hyperbeam","Coolheaded","Fission","Capacitor","Redo","Static Discharge+1","Chaos","Force Field","Cold Snap"],"relics":["Cracked Core","Matryoshka","Centennial Puzzle","Toy Ornithopter","Sundial","InkBottle"],"acts_visited":["Exordium"],"potions_floor_usage":[7,10,14],"damage_taken":[{"damage":7.0,"enemies":"Jaw Worm","floor":1.0,"turns":3.0},{"damage":1.0,"enemies":"Cultist","floor":2.0,"turns":3.0},{"damage":0.0,"enemies":"2 Louse","floor":5.0,"turns":1.0},{"damage":31,"enemies":"Gremlin Nob","floor":7,"turns":4},{"damage":36,"enemies":"3 Sentries","floor":10,"turns":5},{"damage":0,"enemies":"2 Fungi Beasts","floor":13,"turns":1},{"damage":74,"enemies":"Gremlin Nob","floor":14,"turns":4}],"seed_played":"-8960363147480800289","potions_obtained":[{"floor":2.0,"key":"Explosive Potion"},{"floor":5.0,"key":"Swift Potion"},{"floor":13,"key":"FearPotion"}],"is_trial":false,"path_per_floor":["M","M","?","$","M","R","E","R","T","E","R","?","M","E"],"character_chosen":"DEFECT","items_purchased":["Capacitor","Redo"],"campfire_rested":2,"item_purchase_floors":[4,4],"current_hp_per_floor":[57,56,56,56,56,56,25,46,46,15,36,36,36,0,0],"gold":96,"neow_bonus":"ONE_RANDOM_RARE_CARD","is_daily":false,"chose_seed":false,"campfire_upgraded":1,"win_rate":0.0,"timestamp":1612647761,"path_taken":["M","M","?","$","?","R","E","R","T","E","R","?","?","E"],"items_purchased_type":["Card","Card"],"build_version":"2020-12-22","purchased_purges":0,"victory":false,"max_hp_per_floor":[71,71,71,71,71,71,71,71,71,71,71,71,71,71,71],"card_choices":[{"not_picked":["Conserve Battery","Steam"],"picked":"Coolheaded","floor":1.0},{"not_picked":["Coolheaded","Steam"],"picked":"Fission","floor":2.0},{"not_picked":["Beam Cell","Steam Power"],"picked":"Static Discharge","floor":5.0},{"not_picked":["Reprogram","Conserve Battery"],"picked":"Chaos","floor":7},{"not_picked":["Redo","Steam"],"picked":"Force Field","floor":10},{"not_picked":["Streamline","Ball Lightning"],"picked":"Cold Snap","floor":13}],"player_experience":2898625,"relics_obtained":[{"floor":3.0,"key":"Matryoshka"},{"floor":7,"key":"Centennial Puzzle"},{"floor":9,"key":"Toy Ornithopter"},{"floor":9,"key":"Sundial"},{"floor":10,"key":"InkBottle"}],"event_choices":[{"damage_healed":0.0,"max_hp_gain":0.0,"max_hp_loss":0.0,"gold_gain":0.0,"event_name":"Wheel of Change","player_choice":"Relic","floor":3.0,"gold_loss":0.0,"damage_taken":0.0},{"cards_removed":["Strike_B"],"damage_healed":0,"gold_gain":0,"player_choice":"Purged","damage_taken":0,"max_hp_gain":0,"max_hp_loss":0,"event_name":"Purifier","floor":12,"gold_loss":0}],"is_beta":false,"boss_relics":[],"items_purged_floors":[],"is_endless":false,"potions_floor_spawned":[2,5,13],"killed_by":"Gremlin Nob","ascension_level":20}}