{"host":"gmuvwrmxgyh1poc6","time":1612645345,"event":{"mods":["BaseMod","Better Third Choice","BetterRewards","Clockwork Mod","Conspire","Downfall","Infinite Spire","Minty Spire (QoL Compilation)","Pikachu Mod","Relic Stats","Replay The Spire","StSLib","The Administrix","The Alterego","The Construct","The Death Knight","The Sage"],"gold_per_floor":[117,132,34,46,46,46,84,84,84,125,25,58,74,74,74,203,203,219,2420,2420,2433,2433,2433,2454,2475,2475],"floor_reached":25,"language":"ENG","playtime":2723,"items_purged":["AdministrixMod:Strike_Administrix","AdministrixMod:Defend_Administrix","AdministrixMod:Defend_Administrix"],"score":396,"play_id":"c04bfb16-b950-4cf9-bd08-9c54a7fa83ae","local_time":"20210206140225","is_ascension_mode":false,"campfire_choices":[{"data":"AdministrixMod:LightOfYourLife","floor":6,"key":"SMITH"},{"data":"AdministrixMod:ImmortalGrace","floor":8,"key":"SMITH"},{"data":"Replay:Fractal Strike","floor":15,"key":"SMITH"},{"data":"AdministrixMod:DeathByGlamour","floor":23,"key":"SMITH"}],"circlet_count":0,"master_deck":["AdministrixMod:Strike_Administrix","AdministrixMod:Strike_Administrix","AdministrixMod:Strike_Administrix","AdministrixMod:RedCloak","AdministrixMod:Defend_Administrix","AdministrixMod:Defend_Administrix","AdministrixMod:BlueCloak","AdministrixMod:LightOfYourLife+1","AdministrixMod:PassageOfAges","AdministrixMod:ImmortalPurity","AdministrixMod:ImmortalPurity","AdministrixMod:ImmortalGrace+1","AdministrixMod:ImmortalGrace","Replay:Fractal Strike+1","AdministrixMod:DeathByGlamour+1","AdministrixMod:HarmonicReverence+1","AdministrixMod:TouchOfCinnabar","AdministrixMod:ImmortalGrace","AdministrixMod:ChooseYourEnd","AdministrixMod:NoblePath","AdministrixMod:PassageOfAges"],"relics":["AdministrixMod:ConductorRitualBaton","Lantern","Golden Idol","Sundial","infinitespire:FocusingShard","Replay:Mystery Machine","Replay:Rubber Ducky","conspire:TreasureMap","Frozen Egg 2","ReplayFunnel"],"acts_visited":["Exordium","TheCity"],"potions_floor_usage":[10,10,12,16,24],"damage_taken":[{"damage":0,"enemies":"Small Slimes","floor":1,"turns":3},{"damage":0,"enemies":"Jaw Worm","floor":2,"turns":5},{"damage":0,"enemies":"2 Louse","floor":4,"turns":3},{"damage":0,"enemies":"Lagavulin","floor":7,"turns":5},{"damage":15,"enemies":"3 Sentries","floor":10,"turns":7},{"damage":1,"enemies":"Gremlin Nob","floor":12,"turns":4},{"damage":0,"enemies":"2 Fungi Beasts","floor":13,"turns":3},{"damage":0,"enemies":"Slime Boss","floor":16,"turns":1},{"damage":0,"enemies":"2 Thieves","floor":18,"turns":1},{"damage":3,"enemies":"Shell Parasite","floor":21,"turns":5},{"damage":0,"enemies":"Centurion and Healer","floor":24,"turns":4},{"damage":0,"enemies":"Cultist and Chosen","floor":25,"turns":3}],"seed_played":"-2414259083149970300","potions_obtained":[{"floor":2,"key":"sneckomod:MuddlingPotion"},{"floor":7,"key":"LiquidBronze"},{"floor":10,"key":"LifebloodPotion"},{"floor":12,"key":"Doom Potion"},{"floor":16,"key":"SmokeBomb"},{"floor":21,"key":"DeathKnight:RimePotion"},{"floor":25,"key":"Energy Potion"}],"is_trial":false,"path_per_floor":["M","M","$","M","?","R","E","R","T","E","$","E","M","?","R","B",null,"M","$","?","M","?","R","M","M"],"character_chosen":"TheAdministrix","items_purchased":["AdministrixMod:ImmortalPurity","conspire:TreasureMap","Frozen Egg 2","ReplayFunnel","AdministrixMod:HarmonicReverence+1","AdministrixMod:TouchOfCinnabar"],"campfire_rested":0,"item_purchase_floors":[3,19,19,19,19,19],"current_hp_per_floor":[65,65,65,65,49,49,49,49,49,34,34,33,33,17,17,17,65,65,65,65,62,62,62,62,62,62],"gold":2475,"neow_bonus":"RANDOM_COMMON_RELIC","is_daily":false,"chose_seed":false,"campfire_upgraded":4,"win_rate":0.0,"timestamp":1612645345,"path_taken":["M","M","$","M","?","R","E","R","T","E","$","E","M","?","R","BOSS","M","$","?","M","?","R","M","M"],"items_purchased_type":["Card","Relic","Relic","Relic","Card","Card"],"build_version":"2020-12-22","purchased_purges":3,"victory":false,"max_hp_per_floor":[65,65,65,65,65,65,65,65,65,65,65,65,65,65,65,65,65,65,65,65,65,65,65,65,65,65],"relic_stats":{"counters":[12,44],"Golden Idol":66,"Sundial":[10],"obtain_stats":[{"ReplayFunnel":19,"Lantern":0,"conspire:TreasureMap":19,"Golden Idol":5,"Sundial":7,"AdministrixMod:ConductorRitualBaton":0,"infinitespire:FocusingShard":9,"Replay:Mystery Machine":10,"Frozen Egg 2":19,"Replay:Rubber Ducky":12},{"ReplayFunnel":9,"Lantern":0,"conspire:TreasureMap":9,"Golden Idol":3,"Sundial":4,"AdministrixMod:ConductorRitualBaton":0,"infinitespire:FocusingShard":4,"Replay:Mystery Machine":5,"Frozen Egg 2":9,"Replay:Rubber Ducky":6},{"ReplayFunnel":32,"Lantern":0,"conspire:TreasureMap":32,"Golden Idol":11,"Sundial":16,"AdministrixMod:ConductorRitualBaton":0,"infinitespire:FocusingShard":16,"Replay:Mystery Machine":23,"Frozen Egg 2":32,"Replay:Rubber Ducky":27}]},"card_choices":[{"not_picked":["AdministrixMod:HiddenPower","AdministrixMod:FuneraryRites"],"picked":"AdministrixMod:LightOfYourLife","floor":1},{"not_picked":["AdministrixMod:NoblePath","AdministrixMod:FiendishCrimson"],"picked":"AdministrixMod:PassageOfAges","floor":2},{"not_picked":["AdministrixMod:SealAway","AdministrixMod:CenturiesAscent"],"picked":"AdministrixMod:ImmortalPurity","floor":4},{"not_picked":["AdministrixMod:FeastOfDew","AdministrixMod:Untouchable"],"picked":"AdministrixMod:ImmortalGrace","floor":7},{"not_picked":["AdministrixMod:FaithfulFlames","AdministrixMod:LightOfYourLife","AdministrixMod:SyncreticSurge"],"picked":"SKIP","floor":10},{"not_picked":["AdministrixMod:BegetEternity","AdministrixMod:SyncreticSurge","AdministrixMod:SeventeenArticleLaser"],"picked":"SKIP","floor":12},{"not_picked":["AdministrixMod:CastOffRegrets","AdministrixMod:UnstableVigor"],"picked":"AdministrixMod:ImmortalGrace","floor":13},{"not_picked":["infinitespire:Oblivion","infinitespire:TheBestDefense"],"picked":"Replay:Fractal Strike","floor":14},{"not_picked":["AdministrixMod:BattleforgedBonds","AdministrixMod:FearOfDeath"],"picked":"AdministrixMod:DeathByGlamour","floor":16},{"not_picked":["AdministrixMod:SipOfSparks+1","AdministrixMod:TouchOfCinnabar","AdministrixMod:XianArts"],"picked":"SKIP","floor":18},{"not_picked":["AdministrixMod:SeventeenArticleLaser","AdministrixMod:MixOfMercury"],"picked":"AdministrixMod:ChooseYourEnd","floor":21},{"not_picked":["AdministrixMod:ExtolVirtue","AdministrixMod:RebukeDesires"],"picked":"AdministrixMod:NoblePath","floor":24},{"not_picked":["AdministrixMod:GirlsDoItBetter","AdministrixMod:QuietConspiracy"],"picked":"AdministrixMod:PassageOfAges","floor":25}],"player_experience":158190,"relics_obtained":[{"floor":7,"key":"Sundial"},{"floor":9,"key":"infinitespire:FocusingShard"},{"floor":10,"key":"Replay:Mystery Machine"},{"floor":12,"key":"Replay:Rubber Ducky"}],"event_choices":[{"damage_healed":0,"gold_gain":0,"player_choice":"Take Damage","damage_taken":16,"relics_obtained":["Golden Idol"],"max_hp_gain":0,"max_hp_loss":0,"event_name":"Golden Idol","floor":5,"gold_loss":0},{"damage_healed":0,"gold_gain":0,"player_choice":"Read","damage_taken":0,"max_hp_gain":0,"max_hp_loss":0,"event_name":"The Library","floor":20,"gold_loss":0,"cards_obtained":["AdministrixMod:ImmortalGrace"]}],"is_beta":false,"boss_relics":[{"not_picked":["Honey Jar","conspire:SeveredTorchhead","ChewingGum"]}],"items_purged_floors":[3,11,19],"is_endless":false,"potions_floor_spawned":[2,7,10,12,16,21,25],"killed_by":"Cultist and Chosen","ascension_level":0}}