{"host":"f1ywytio1xmbwkwz","time":1612593095,"event":{"mods":["BaseMod","Minty Spire (QoL Compilation)","Relic Stats","StSLib"],"gold_per_floor":[215,234,409,13,26,26,53,53,77,103,113,123,123,139,139,244,244,244,244],"floor_reached":18,"language":"ENG","playtime":684,"items_purged":[],"score":211,"play_id":"493749bd-7aa6-4685-aee4-64eafc51075e","local_time":"20210205233135","is_ascension_mode":true,"campfire_choices":[{"data":"Bash","floor":6,"key":"SMITH"},{"data":"Armaments","floor":13,"key":"SMITH"},{"data":"Shockwave","floor":15,"key":"SMITH"}],"circlet_count":0,"master_deck":["Strike_R","Strike_R","Strike_R","Strike_R","Strike_R","Defend_R","Defend_R","Defend_R","Defend_R","Bash+1","Clothesline","Rampage","Doubt","Shrug It Off","Armaments+1","Cleave","Shockwave+1","Immolate"],"relics":["Burning Blood","Pen Nib","Gremlin Horn","Ancient Tea Set","Akabeko","MealTicket","SlaversCollar"],"acts_visited":["Exordium","TheCity"],"potions_floor_usage":[8,16],"damage_taken":[{"damage":2,"enemies":"2 Louse","floor":1,"turns":3},{"damage":9,"enemies":"Jaw Worm","floor":2,"turns":3},{"damage":6,"enemies":"Cultist","floor":5,"turns":3},{"damage":27,"enemies":"3 Sentries","floor":7,"turns":8},{"damage":0,"enemies":"Lagavulin Event","floor":8,"turns":1},{"damage":9,"enemies":"Blue Slaver","floor":11,"turns":3},{"damage":15,"enemies":"Exordium Wildlife","floor":12,"turns":4},{"damage":0,"enemies":"Lots of Slimes","floor":14,"turns":3},{"damage":49,"enemies":"The Guardian","floor":16,"turns":14},{"damage":54,"enemies":"Spheric Guardian","floor":18,"turns":7}],"seed_played":"672885096572943002","potions_obtained":[{"floor":1,"key":"PowerPotion"},{"floor":7,"key":"SmokeBomb"}],"is_trial":false,"path_per_floor":["M","M","?","$","M","R","E","?","T","T","M","M","R","M","R","B",null,"M"],"character_chosen":"IRONCLAD","items_purchased":["Pen Nib","Gremlin Horn"],"campfire_rested":0,"item_purchase_floors":[4,4],"current_hp_per_floor":[76,73,73,73,73,73,52,58,58,58,55,46,46,52,52,9,62,8,8],"gold":244,"neow_bonus":"HUNDRED_GOLD","is_daily":false,"chose_seed":false,"campfire_upgraded":3,"win_rate":0.0,"timestamp":1612593095,"path_taken":["M","M","?","$","M","R","E","?","T","?","M","?","R","M","R","BOSS","M"],"items_purchased_type":["Relic","Relic"],"build_version":"2020-12-22","purchased_purges":0,"victory":false,"max_hp_per_floor":[80,80,80,80,80,80,80,80,80,80,80,80,80,80,80,80,80,80,80],"relic_stats":{"Gremlin Horn":[7,7],"counters":[10,49],"MealTicket":0,"Pen Nib":[7],"obtain_stats":[{"SlaversCollar":17,"Gremlin Horn":4,"MealTicket":10,"Pen Nib":4,"Ancient Tea Set":7,"Burning Blood":0,"Akabeko":9},{"SlaversCollar":9,"Gremlin Horn":2,"MealTicket":5,"Pen Nib":2,"Ancient Tea Set":4,"Burning Blood":0,"Akabeko":5},{"SlaversCollar":42,"Gremlin Horn":6,"MealTicket":18,"Pen Nib":6,"Ancient Tea Set":17,"Burning Blood":0,"Akabeko":18}],"Burning Blood":54},"card_choices":[{"not_picked":["Dual Wield","Sentinel"],"picked":"Clothesline","floor":1},{"not_picked":["Twin Strike","Entrench"],"picked":"Rampage","floor":2},{"not_picked":["Twin Strike","Feel No Pain"],"picked":"Shrug It Off","floor":5},{"not_picked":["Heavy Blade","Dark Embrace"],"picked":"Armaments","floor":7},{"not_picked":["Sword Boomerang","Perfected Strike"],"picked":"Cleave","floor":11},{"not_picked":["Dark Embrace","Perfected Strike","Havoc"],"picked":"SKIP","floor":12},{"not_picked":["Fire Breathing","Cleave"],"picked":"Shockwave","floor":14},{"not_picked":["Reaper","Demon Form"],"picked":"Immolate","floor":16}],"player_experience":298505,"relics_obtained":[{"floor":7,"key":"Ancient Tea Set"},{"floor":9,"key":"Akabeko"},{"floor":10,"key":"MealTicket"}],"event_choices":[{"damage_healed":0,"gold_gain":175,"player_choice":"AGREE","damage_taken":0,"max_hp_gain":0,"max_hp_loss":0,"event_name":"Liars Game","floor":3,"gold_loss":0,"cards_obtained":["Doubt"]},{"damage_healed":0,"gold_gain":0,"player_choice":"Searched \u00272\u0027 times","damage_taken":0,"max_hp_gain":0,"max_hp_loss":0,"event_name":"Dead Adventurer","floor":8,"gold_loss":0}],"is_beta":false,"boss_relics":[{"not_picked":["Snecko Eye","Ectoplasm"],"picked":"SlaversCollar"}],"items_purged_floors":[],"is_endless":false,"potions_floor_spawned":[1,7,8],"killed_by":"Spheric Guardian","ascension_level":6}}