{"host":"la6t950uoatqs0xt","time":1612608991,"event":{"mods":["AchievementEnabler","BaseMod","Colored Powertips","Minty Spire (QoL Compilation)","Quick Restart","Rare Cards Sparkle"],"gold_per_floor":[114,129,144,159,121,151,166,196,246,246,246,246,261,276,276,376,376,391,406,60,60,90,90,51,51,51,51,66,81,96,22,22,22,22],"floor_reached":33,"language":"ENG","playtime":1313,"items_purged":[],"score":279,"play_id":"16810451-2d0a-481d-b375-d773162cd29c","local_time":"20210206055631","daily_mods":["Draft","Diverse","DeadlyEvents"],"is_ascension_mode":false,"campfire_choices":[{"floor":10,"key":"REST"},{"data":"TalkToTheHand","floor":12,"key":"SMITH"},{"floor":15,"key":"REST"},{"floor":23,"key":"REST"},{"data":"PathToVictory","floor":25,"key":"SMITH"},{"data":"PiercingWail","floor":27,"key":"SMITH"},{"floor":32,"key":"REST"}],"circlet_count":0,"master_deck":["Iron Wave","PathToVictory+1","Clothesline","Auto Shields","Clash","TalkToTheHand+1","Pommel Strike","Deadly Poison","Intimidate","Deadly Poison","WreathOfFlame","Flex","Bane","Burst","PiercingWail+1","Thunderclap","Iron Wave","Catalyst","Rampage","Reaper","Sever Soul+1","Shrug It Off+1","PathToVictory+1","Deadly Poison","SignatureMove","Slice+1","Static Discharge","Inflame","Anger+1"],"relics":["Ring of the Snake","Question Card","Ancient Tea Set","Dream Catcher","Astrolabe","TwistedFunnel","Lantern","Mercury Hourglass","Centennial Puzzle"],"acts_visited":["Exordium","TheCity"],"potions_floor_usage":[13,22,33,33],"damage_taken":[{"damage":0,"enemies":"Small Slimes","floor":1,"turns":3},{"damage":0,"enemies":"2 Louse","floor":2,"turns":2},{"damage":0,"enemies":"Cultist","floor":3,"turns":3},{"damage":2,"enemies":"Red Slaver","floor":4,"turns":3},{"damage":14,"enemies":"Gremlin Nob","floor":6,"turns":4},{"damage":4,"enemies":"Looter","floor":7,"turns":3},{"damage":13,"enemies":"Lagavulin","floor":8,"turns":5},{"damage":0,"enemies":"3 Louse","floor":13,"turns":1},{"damage":11,"enemies":"Exordium Wildlife","floor":14,"turns":4},{"damage":23,"enemies":"The Guardian","floor":16,"turns":10},{"damage":27,"enemies":"Spheric Guardian","floor":18,"turns":6},{"damage":5,"enemies":"Chosen","floor":19,"turns":3},{"damage":39,"enemies":"Book of Stabbing","floor":22,"turns":4},{"damage":7,"enemies":"Shelled Parasite and Fungi","floor":28,"turns":3},{"damage":10,"enemies":"Chosen and Byrds","floor":29,"turns":4},{"damage":21,"enemies":"Cultist and Chosen","floor":30,"turns":6},{"damage":87,"enemies":"Automaton","floor":33,"turns":6}],"seed_played":"5285009320175426936","potions_obtained":[{"floor":2,"key":"Explosive Potion"},{"floor":4,"key":"EssenceOfSteel"},{"floor":6,"key":"Explosive Potion"},{"floor":16,"key":"LiquidBronze"},{"floor":22,"key":"SmokeBomb"}],"is_trial":false,"path_per_floor":["M","M","M","M","?","E","M","E","T","R","?","R","M","M","R","B",null,"M","M","$","?","E","R","$","R","T","R","M","M","M","$","R","B"],"character_chosen":"THE_SILENT","items_purchased":["TwistedFunnel","Deadly Poison","Lantern","SignatureMove","Inflame"],"campfire_rested":4,"item_purchase_floors":[20,20,20,24,31],"current_hp_per_floor":[70,70,70,68,68,54,50,37,37,58,70,70,70,59,70,47,70,43,38,38,80,41,65,65,65,65,65,70,60,45,45,69,0,0],"gold":22,"neow_bonus":"","is_daily":true,"chose_seed":false,"campfire_upgraded":3,"win_rate":0.0,"timestamp":1612608991,"path_taken":["M","M","M","M","?","E","M","E","T","R","?","R","M","M","R","BOSS","M","M","$","?","?","R","$","R","T","R","M","M","M","$","R","BOSS"],"items_purchased_type":["Relic","Card","Relic","Card","Card"],"build_version":"2020-12-22","purchased_purges":0,"victory":false,"max_hp_per_floor":[70,70,70,70,70,70,70,70,70,70,70,70,70,70,70,70,70,70,70,70,80,80,80,80,80,80,80,80,80,80,80,80,80,80],"card_choices":[{"not_picked":["Rupture","Lockon"],"picked":"Havoc","floor":0},{"not_picked":["Armaments","Clothesline"],"picked":"Iron Wave","floor":0},{"not_picked":["Escape Plan","Hello World"],"picked":"PathToVictory","floor":0},{"not_picked":["Body Slam","Perseverance"],"picked":"Cloak And Dagger","floor":0},{"not_picked":["Force Field","Prepared"],"picked":"Clothesline","floor":0},{"not_picked":["Gash","Headbutt"],"picked":"Auto Shields","floor":0},{"not_picked":["Skewer","Blizzard"],"picked":"Clash","floor":0},{"not_picked":["Warcry","FollowUp"],"picked":"Cloak And Dagger","floor":0},{"not_picked":["Beam Cell","Cold Snap"],"picked":"TalkToTheHand","floor":0},{"not_picked":["Compile Driver","Entrench"],"picked":"Pommel Strike","floor":0},{"not_picked":["Sweeping Beam","Clash"],"picked":"Deadly Poison","floor":0},{"not_picked":["Quick Slash","Rip and Tear"],"picked":"Intimidate","floor":0},{"not_picked":["Rupture","EmptyBody"],"picked":"Deadly Poison","floor":0},{"not_picked":["Stack","EmptyFist"],"picked":"WreathOfFlame","floor":0},{"not_picked":["Wild Strike","Underhanded Strike"],"picked":"Flex","floor":0},{"not_picked":["Perfected Strike","SashWhip"],"picked":"Bane","floor":1},{"not_picked":["Go for the Eyes","Headbutt","Havoc"],"picked":"SKIP","floor":2},{"not_picked":["BowlingBash","Slice"],"picked":"Burst","floor":3},{"not_picked":["Sweeping Beam","Adaptation"],"picked":"PiercingWail","floor":4},{"not_picked":["Sucker Punch","Ball Lightning"],"picked":"Thunderclap","floor":6},{"not_picked":["Chaos","Conserve Battery","Rip and Tear"],"picked":"Iron Wave","floor":7},{"not_picked":["EmptyMind","Acrobatics","Go for the Eyes","Crescendo"],"picked":"SKIP","floor":8},{"not_picked":["EmptyFist","Skim","Sword Boomerang","FlurryOfBlows"],"picked":"SKIP","floor":13},{"not_picked":["Bullet Time","Capacitor","Entrench"],"picked":"Catalyst","floor":14},{"not_picked":["Wild Strike","Cleave","Body Slam"],"picked":"Rampage","floor":15},{"not_picked":["Malaise","Scrawl","Doppelganger"],"picked":"Reaper","floor":16},{"not_picked":["ClearTheMind","Halt","Power Through","Turbo"],"picked":"SKIP","floor":18},{"not_picked":["FollowUp","ThirdEye","InnerPeace"],"picked":"PathToVictory+1","floor":19},{"not_picked":["CutThroughFate","FTL","White Noise","Brutality"],"picked":"SKIP","floor":22},{"not_picked":["Flex","Coolheaded","Prepared+1"],"picked":"Slice+1","floor":28},{"not_picked":["Sword Boomerang","Havoc","Slice","Barrage"],"picked":"SKIP","floor":29},{"not_picked":["Lockon+1","Compile Driver","Machine Learning"],"picked":"Static Discharge","floor":30},{"not_picked":["Underhanded Strike+1","Dodge and Roll","Steam"],"picked":"Anger+1","floor":32}],"player_experience":285947,"relics_obtained":[{"floor":6,"key":"Question Card"},{"floor":8,"key":"Ancient Tea Set"},{"floor":9,"key":"Dream Catcher"},{"floor":22,"key":"Mercury Hourglass"},{"floor":26,"key":"Centennial Puzzle"}],"event_choices":[{"damage_healed":0,"gold_gain":0,"player_choice":"Left Gold","damage_taken":0,"max_hp_gain":0,"max_hp_loss":0,"event_name":"World of Goop","floor":5,"gold_loss":38},{"damage_healed":23,"gold_gain":0,"player_choice":"Banana","damage_taken":0,"max_hp_gain":0,"max_hp_loss":0,"event_name":"Big Fish","floor":11,"gold_loss":0},{"cards_removed":["Storm of Steel"],"damage_healed":32,"gold_gain":0,"player_choice":"Offered Rare","damage_taken":0,"max_hp_gain":10,"max_hp_loss":0,"event_name":"Bonfire Elementals","floor":21,"gold_loss":0}],"is_beta":false,"boss_relics":[{"not_picked":["Busted Crown","Sozu"],"picked":"Astrolabe"}],"items_purged_floors":[],"is_endless":false,"potions_floor_spawned":[2,4,6,8,16,22,28,30],"killed_by":"Automaton","ascension_level":0}}