{"host":"8d3fefv2347kqkpz","time":1612584138,"event":{"mods":["AchievementEnabler","Act Like it!","Aspiration","BaseMod","Better Vampires","Colored Map","Colored Powertips","Conspire","GifTheSpireLib","Highlight Path","Hubris","Mimic Mod","Minty Spire (QoL Compilation)","Quick Restart","Rare Cards Sparkle","Relic Stats","Replay The Spire","Spicy Shops","StSLib","The Jungle","Waifu the Spire"],"gold_per_floor":[118,118,118,118,118,151,151,3,3,13,27,37,37,62,62,165,165,183,183,196,206,57,57,57,57],"floor_reached":24,"language":"ZHS","playtime":686,"items_purged":["Turbo+1"],"score":267,"play_id":"58395666-e6e5-45bf-8482-51d21a814145","local_time":"20210206120218","is_ascension_mode":true,"campfire_choices":[{"data":"Conserve Battery","floor":7,"key":"SMITH"},{"data":"Reprogram","floor":13,"key":"SMITH"},{"floor":15,"key":"REST"},{"floor":23,"key":"REST"}],"circlet_count":0,"master_deck":["Strike_B+1","Strike_B","Strike_B","Defend_B","Defend_B","Defend_B+1","Defend_B","Zap","Dualcast+1","Conserve Battery+1","Reprogram+1","Reprogram","Self Repair"],"relics":["Cracked Core","NeowsBlessing","Bronze Scales","Membership Card","Singing Bowl","Shuriken","conspire:SpecialSausage","Gremlin Food","PreservedInsect"],"acts_visited":["Exordium","TheCity"],"potions_floor_usage":[],"damage_taken":[{"damage":0,"enemies":"Cultist","floor":1,"turns":1},{"damage":0,"enemies":"3 Sentries","floor":6,"turns":1},{"damage":0,"enemies":"Small Slimes","floor":10,"turns":1},{"damage":0,"enemies":"2 Louse","floor":11,"turns":2},{"damage":6,"enemies":"2 Fungi Beasts","floor":12,"turns":4},{"damage":0,"enemies":"Lagavulin","floor":14,"turns":12},{"damage":40,"enemies":"Slime Boss","floor":16,"turns":25},{"damage":33,"enemies":"Chosen","floor":18,"turns":10},{"damage":3,"enemies":"3 Byrds","floor":20,"turns":5},{"damage":42,"enemies":"Snake Plant","floor":21,"turns":6},{"damage":38,"enemies":"3 Cultists","floor":24,"turns":4}],"seed_played":"6602743257820950863","potions_obtained":[{"floor":1,"key":"Explosive Potion"},{"floor":10,"key":"EssenceOfSteel"},{"floor":11,"key":"PowerPotion"},{"floor":18,"key":"Adrenaline Potion"},{"floor":21,"key":"BlessingOfTheForge"}],"is_trial":false,"path_per_floor":["M","?","?","?","?","E","R","$","T","M","M","M","R","E","R","B",null,"M","?","M","M","$","R","M"],"character_chosen":"DEFECT","items_purchased":["Membership Card","PreservedInsect","Self Repair"],"campfire_rested":2,"item_purchase_floors":[8,22,22],"current_hp_per_floor":[75,75,75,75,60,60,60,60,60,62,62,56,56,58,79,41,81,50,50,49,9,9,35,0,0],"gold":57,"neow_bonus":"THREE_ENEMY_KILL","is_daily":false,"chose_seed":false,"campfire_upgraded":2,"win_rate":0.0,"timestamp":1612584138,"path_taken":["M","?","?","?","?","E","R","?","T","M","M","M","R","E","R","BOSS","M","?","M","M","$","R","?"],"items_purchased_type":["Relic","Relic","Card"],"build_version":"2020-12-22","purchased_purges":1,"victory":false,"max_hp_per_floor":[75,75,75,75,75,75,75,75,75,77,77,77,77,79,79,81,81,83,83,85,87,87,87,87,87],"relic_stats":{"Singing Bowl":12,"counters":[11,71],"Shuriken":[1],"Bronze Scales":[229],"PreservedInsect":0,"obtain_stats":[{"Gremlin Food":19,"NeowsBlessing":0,"Singing Bowl":9,"Shuriken":14,"Bronze Scales":6,"conspire:SpecialSausage":17,"PreservedInsect":22,"Membership Card":8,"Cracked Core":0},{"Gremlin Food":8,"NeowsBlessing":0,"Singing Bowl":2,"Shuriken":6,"Bronze Scales":2,"conspire:SpecialSausage":7,"PreservedInsect":10,"Membership Card":2,"Cracked Core":0},{"Gremlin Food":56,"NeowsBlessing":0,"Singing Bowl":2,"Shuriken":21,"Bronze Scales":2,"conspire:SpecialSausage":46,"PreservedInsect":67,"Membership Card":2,"Cracked Core":0}]},"card_choices":[{"not_picked":["Static Discharge","Double Energy"],"picked":"Conserve Battery","floor":1},{"not_picked":["Barrage","Beam Cell"],"picked":"Conserve Battery","floor":6},{"not_picked":["Sweeping Beam","Storm","Turbo"],"picked":"Singing Bowl","floor":10},{"not_picked":["Panic Button","Blizzard"],"picked":"Reprogram","floor":11},{"not_picked":["Doom and Gloom","Time Bomb"],"picked":"Reprogram","floor":12},{"not_picked":["Glacier","Sweeping Beam","Reinforced Body"],"picked":"Singing Bowl","floor":14},{"not_picked":["Core Surge","Machine Learning","Amplify"],"picked":"Singing Bowl","floor":16},{"not_picked":["aspiration:Polymerization","Panic Button","Sweeping Beam"],"picked":"Singing Bowl","floor":18},{"not_picked":["Beam Cell","Steam+1","aspiration:Polymerization+1"],"picked":"Singing Bowl","floor":20},{"not_picked":["Turbo+1","Cold Snap","FIFO Queue"],"picked":"Singing Bowl","floor":21}],"player_experience":266057,"relics_obtained":[{"floor":6,"key":"Bronze Scales"},{"floor":9,"key":"Singing Bowl"},{"floor":14,"key":"Shuriken"}],"event_choices":[{"cards_removed":["Strike_B"],"damage_healed":0,"gold_gain":0,"player_choice":"Forget","damage_taken":0,"max_hp_gain":0,"max_hp_loss":0,"event_name":"Living Wall","floor":2,"gold_loss":0},{"damage_healed":0,"gold_gain":0,"player_choice":"Leave","damage_taken":0,"max_hp_gain":0,"max_hp_loss":0,"event_name":"conspire:Investor","floor":3,"gold_loss":0},{"damage_healed":0,"gold_gain":0,"player_choice":"Entered Light","damage_taken":15,"max_hp_gain":0,"max_hp_loss":0,"event_name":"Shining Light","floor":5,"gold_loss":0,"cards_upgraded":["Strike_B","Defend_B"]},{"damage_healed":0,"gold_gain":0,"player_choice":"Gave Potion","damage_taken":0,"relics_obtained":["Gremlin Food"],"max_hp_gain":0,"max_hp_loss":0,"event_name":"WeMeetAgain","floor":19,"gold_loss":0}],"is_beta":false,"boss_relics":[{"not_picked":["hubris:Backtick","hubris:CrackedHourglass"],"picked":"conspire:SpecialSausage"}],"items_purged_floors":[22],"is_endless":false,"potions_floor_spawned":[1,10,11,14,18,21],"killed_by":"3 Cultists","ascension_level":1}}