{"host":"81h68oe4mr04pk3r","time":1612575136,"event":{"mods":["Act Like it!","Aspiration","BaseMod","BetterRewards","Colored Map","Colored Powertips","Conspire","Downfall","Gensokyo","Hallownest","Hermit","Hubris","Infinite Spire","Jorbs\u0027s Wanderer Trilogy","Koishi","Lobotomy","LobotomyExtend","Marisa????????","Minty Spire (QoL Compilation)","Quick Restart","Reimu??????","Remilia??????","StSLib","The Bug Knight","The Construct","The Cursed","The Disciple","The Servant 0.9.4"],"gold_per_floor":[117,137,157,40,51,51,51,51,77,77,112,37,50,61,61,160,160,175,175,175,175,175,175,193,14,14,14,29,45,45,45,45,45,45],"floor_reached":33,"language":"ENG","playtime":1301,"items_purged":[],"score":295,"play_id":"bb5741a3-3d78-47f9-b0e7-cb7cd356c5be","local_time":"20210205173216","is_ascension_mode":false,"campfire_choices":[{"data":"AsteroidBelt","floor":6.0,"key":"SMITH"},{"data":"MasterSpark","floor":8.0,"key":"SMITH"},{"data":"MysteriousBeam","floor":10.0,"key":"SMITH"},{"data":"DoubleSpark","floor":15.0,"key":"SMITH"},{"floor":23,"key":"REST"},{"data":"hubris:InfiniteBlow+12","floor":30,"key":"SMITH"},{"data":"GrandCross","floor":32,"key":"SMITH"}],"circlet_count":0,"master_deck":["Strike_MRS","Strike_MRS","Strike_MRS","Strike_MRS","Defend_MRS","Defend_MRS","Defend_MRS","Defend_MRS","MasterSpark+1","UpSweep","Panache","PowerUp","MysteriousBeam+1","AsteroidBelt+1","Parasite","Parasite","DoubleSpark+1","BlazeAway","DoubleSpark","DoubleSpark","WitchLeyline","PulseMagic","hubris:InfiniteBlow+13","Dash","PowerUp","GrandCross+1","Blind","hubris:DuctTapeCard","AlicesGift","DoubleSpark"],"relics":["MiniHakkero","LetterFromLob","ShroomBag","aspiration:PocketMushroom","Gensokyo:ConquerorOfFear","Medical Kit","conspire:SpecialSausage","hubris:DuctTape","hubris:Icosahedron","Shuriken","Blue Candle"],"acts_visited":["Gensokyo:Gensokyo","Gensokyo:Gensokyoer"],"potions_floor_usage":[29,33],"damage_taken":[{"damage":6.0,"enemies":"Gensokyo:Gryphon","floor":1.0,"turns":3.0},{"damage":1.0,"enemies":"Gensokyo:3_Fairies","floor":2.0,"turns":4.0},{"damage":3.0,"enemies":"Gensokyo:2_Kodama","floor":3.0,"turns":3.0},{"damage":0.0,"enemies":"Gensokyo:LivingMonolith","floor":5.0,"turns":2.0},{"damage":2.0,"enemies":"Gensokyo:Mamizou","floor":11.0,"turns":5.0},{"damage":7.0,"enemies":"Gensokyo:Gryphon_and_Rabbit","floor":13.0,"turns":2.0},{"damage":0.0,"enemies":"Gensokyo:Python_and_Kodama","floor":14.0,"turns":3.0},{"damage":22,"enemies":"Gensokyo:Reimu","floor":16,"turns":8},{"damage":27,"enemies":"Gensokyo:3_Dogs","floor":18,"turns":4},{"damage":11,"enemies":"Gensokyo:AngelMirror","floor":24,"turns":2},{"damage":14,"enemies":"Gensokyo:Wraith","floor":28,"turns":3},{"damage":0,"enemies":"Gensokyo:Swordslinger","floor":29,"turns":1},{"damage":275,"enemies":"Gensokyo:Eternal_Rivals","floor":33,"turns":3}],"seed_played":"23654119784033943","potions_obtained":[{"floor":1.0,"key":"FearPotion"},{"floor":2.0,"key":"PowerPotion"},{"floor":5.0,"key":"DistilledChaos"}],"is_trial":false,"path_per_floor":["M","M","M","COS","M","R","M","R","T","R","E","$","M","M","R","B",null,"M","?","?","AVR","?","R","M","$","T","?","M","M","R","?","R","B"],"character_chosen":"MARISA","items_purchased":["BlazeAway","PowerUp","GrandCross","Blind"],"campfire_rested":1,"item_purchase_floors":[12,25,25,25],"current_hp_per_floor":[62,61,58,58,58,58,58,58,58,58,60,60,57,61,61,43,68,45,45,45,45,45,65,56,56,56,56,42,44,44,44,44,0,0],"gold":45,"neow_bonus":"RANDOM_COLORLESS_2","is_daily":false,"chose_seed":false,"campfire_upgraded":6,"win_rate":0.0,"timestamp":1612575136,"path_taken":["M","M","?","COS","M","R","M","R","T","R","E","$","M","M","R","BOSS","M","?","?","AVR","?","R","?","?","T","?","M","M","R","?","R","BOSS"],"items_purchased_type":["Card","Card","Card","Card"],"build_version":"2020-12-22","purchased_purges":0,"victory":false,"max_hp_per_floor":[68,68,68,68,68,68,68,68,68,68,68,68,68,68,68,68,68,68,68,68,68,68,68,68,68,68,68,68,68,68,68,68,68,68],"card_choices":[{"not_picked":["Transmutation","Secret Weapon"],"picked":"Panache","floor":0.0},{"not_picked":["MysteriousBeam","UnstableBomb","NonDirectionalLaser"],"picked":"SKIP","floor":1.0},{"not_picked":["GrandCross","UnstableBomb"],"picked":"PowerUp","floor":2.0},{"not_picked":["MeteoricShower","EventHorizon"],"picked":"MysteriousBeam","floor":3.0},{"not_picked":["DeepEcoloBomb","ShootingEcho"],"picked":"AsteroidBelt","floor":5.0},{"not_picked":["AsteroidBelt+1","UnstableBomb+1"],"picked":"PropBag+1","floor":11.0},{"not_picked":["CollectingQuirk","WitchOfGreed"],"picked":"DoubleSpark","floor":11.0},{"not_picked":["MysteriousBeam","OortCloud"],"picked":"DoubleSpark","floor":13.0},{"not_picked":["GasGiant","PowerUp"],"picked":"DoubleSpark","floor":14.0},{"not_picked":["DeepEcoloBomb","MysteriousBeam"],"picked":"WitchLeyline","floor":18},{"not_picked":["IllusionStar","WitchLeyline+1"],"picked":"PropBag","floor":24},{"not_picked":["PropBag","Occultation"],"picked":"AlicesGift","floor":28},{"not_picked":["OneTimeOff+1","OpenUniverse"],"picked":"DoubleSpark","floor":29}],"player_experience":209831,"relics_obtained":[{"floor":1.0,"key":"LetterFromLob"},{"floor":9.0,"key":"ShroomBag"},{"floor":11.0,"key":"aspiration:PocketMushroom"},{"floor":24,"key":"Gensokyo:ConquerorOfFear"},{"floor":26,"key":"hubris:DuctTape"}],"event_choices":[],"is_beta":false,"boss_relics":[{"not_picked":["conspire:SeveredTorchhead","Runic Dome","Snecko Eye"]}],"items_purged_floors":[],"is_endless":false,"potions_floor_spawned":[1,2,5,24,28],"killed_by":"Gensokyo:Eternal_Rivals","ascension_level":0}}