{"host":"pi8b3ffzwvxqztac","time":1612584585,"event":{"mods":["BaseMod","Colored Map","Custom Start","Downfall","Minty Spire (QoL Compilation)","StSLib"],"gold_per_floor":[199,211,224,234,234,234,234,34,48,59,209,119,148,165,176,273,273,173,193,207,225,236,269,345,364,364,381,381,89,89,102,115,211,211,211,228,246,17,28,28,28,45,45,70,170,181,181,209,226,226,226,251,77,77,77,77,77,77],"floor_reached":56,"language":"ENG","playtime":3950,"items_purged":["downfall:Icky","Shame","downfall:Bewildered"],"score":1123,"play_id":"f6ac10e1-4850-407f-a771-1f14757d93ff","local_time":"20210206170945","is_ascension_mode":true,"campfire_choices":[{"floor":1.0,"key":"RECALL"},{"data":"champ:Taunt","floor":8.0,"key":"SMITH"},{"data":"champ:HoldFirm","floor":18.0,"key":"SMITH"},{"data":"champ:PerfectedStrike","floor":26.0,"key":"SMITH"},{"data":"champ:PerfectedStrike","floor":28.0,"key":"SMITH"},{"data":"expansioncontent:DashGenerateEvil","floor":35.0,"key":"SMITH"},{"data":"champ:FanOfKnives","floor":40.0,"key":"SMITH"},{"data":"champ:PerfectedStrike","floor":43.0,"key":"SMITH"},{"data":"champ:AdrenalArmor","floor":47.0,"key":"SMITH"},{"data":"champ:StrikeOfGenius","floor":54,"key":"SMITH"}],"circlet_count":0,"master_deck":["champ:Strike","champ:Strike","champ:Strike+1","champ:Defend","champ:Defend","champ:Defend","champ:Defend","champ:Execute","champ:Taunt+1","champ:PerfectedStrike+1","champ:FlashCut+1","champ:EnGarde","champ:PerfectedStrike+1","champ:FlashCut","champ:GutPunch","champ:DefensiveShout","champ:AdrenalArmor+1","champ:HoldFirm+1","champ:RageSigil","champ:StanceDance","champ:BerserkersShout","champ:FlashCut+1","champ:BringItOn","expansioncontent:DashGenerateEvil+1","champ:PerfectedStrike+1","champ:FlashCut","champ:PerfectedStrike+1","champ:FanOfKnives+1","champ:PreciseThrust+1","champ:AdrenalArmor+1","champ:StrikeOfGenius+1","expansioncontent:DashGenerateEvil+1"],"relics":["champ:ChampionCrown","champ:LiftRelic","downfall:HeartBlessingBlue","downfall:HeartBlessingRed","Whetstone","Cursed Key","downfall:HeartBlessingGreen","Lantern","hexamod:CandleOfCauterizing","sneckomod:BabySnecko","champ:PowerArmor","Lee\u0027s Waffle","Kunai","Pear","bronze:BronzeIdol","Nunchaku"],"acts_visited":["Exordium","TheCity","TheBeyond","TheEnding"],"potions_floor_usage":[50,50,52,52,56],"damage_taken":[{"damage":17.0,"enemies":"Cultist","floor":2.0,"turns":4.0},{"damage":12.0,"enemies":"Small Slimes","floor":3.0,"turns":2.0},{"damage":2.0,"enemies":"Jaw Worm","floor":4.0,"turns":2.0},{"damage":10.0,"enemies":"Blue Slaver","floor":9.0,"turns":2.0},{"damage":13.0,"enemies":"Lots of Slimes","floor":10.0,"turns":4.0},{"damage":10.0,"enemies":"downfall:FleeingMerchant","floor":12.0,"turns":4.0},{"damage":22.0,"enemies":"3 Sentries","floor":13.0,"turns":7.0},{"damage":0.0,"enemies":"Large Slime","floor":14.0,"turns":3.0},{"damage":0.0,"enemies":"2 Fungi Beasts","floor":15.0,"turns":3.0},{"damage":61.0,"enemies":"DF_ARCHETYPE_STREAMLINE","floor":16.0,"turns":10.0},{"damage":5.0,"enemies":"Spheric Guardian","floor":19.0,"turns":3.0},{"damage":26.0,"enemies":"Snake Plant","floor":20.0,"turns":4.0},{"damage":20.0,"enemies":"Chosen and Byrds","floor":21.0,"turns":4.0},{"damage":38.0,"enemies":"Sentry and Sphere","floor":22.0,"turns":4.0},{"damage":51.0,"enemies":"Gremlin Leader","floor":23.0,"turns":7.0},{"damage":44.0,"enemies":"3 Cultists","floor":25.0,"turns":6.0},{"damage":30.0,"enemies":"Centurion and Healer","floor":27.0,"turns":5.0},{"damage":19.0,"enemies":"downfall:FleeingMerchant","floor":29.0,"turns":4.0},{"damage":15.0,"enemies":"Cultist and Chosen","floor":31.0,"turns":3.0},{"damage":0.0,"enemies":"Snake Plant","floor":32.0,"turns":1.0},{"damage":10.0,"enemies":"WA_ARCHETYPE_CALM","floor":33.0,"turns":5.0},{"damage":10.0,"enemies":"Orb Walker","floor":36.0,"turns":2.0},{"damage":0.0,"enemies":"3 Darklings","floor":37.0,"turns":2.0},{"damage":10.0,"enemies":"downfall:FleeingMerchant","floor":38.0,"turns":3.0},{"damage":23.0,"enemies":"Spire Growth","floor":39.0,"turns":2.0},{"damage":34.0,"enemies":"Sphere and 2 Shapes","floor":42.0,"turns":4.0},{"damage":10.0,"enemies":"Reptomancer","floor":44.0,"turns":4.0},{"damage":15.0,"enemies":"3 Darklings","floor":46.0,"turns":3.0},{"damage":29.0,"enemies":"Giant Head","floor":48.0,"turns":7.0},{"damage":10,"enemies":"Jaw Worm Horde","floor":49,"turns":3},{"damage":53,"enemies":"IC_BLOCK_ARCHETYPE","floor":50,"turns":10},{"damage":75,"enemies":"downfall:CharBossMerchant","floor":52,"turns":10},{"damage":125,"enemies":"downfall:NeowBoss","floor":55,"turns":17},{"damage":61,"enemies":"downfall:NeowBossFinal","floor":56,"turns":8}],"seed_played":"3435021217552993319","potions_obtained":[{"floor":2.0,"key":"PowerPotion"},{"floor":3.0,"key":"SkillPotion"},{"floor":15.0,"key":"Ancient Potion"},{"floor":16.0,"key":"Block Potion"},{"floor":20.0,"key":"Weak Potion"},{"floor":21.0,"key":"PowerPotion"},{"floor":23.0,"key":"Weak Potion"},{"floor":32.0,"key":"sneckomod:MuddlingPotion"},{"floor":33.0,"key":"SpeedPotion"},{"floor":36.0,"key":"BlessingOfTheForge"},{"floor":39.0,"key":"EssenceOfSteel"},{"floor":44.0,"key":"LiquidMemories"},{"floor":46.0,"key":"EntropicBrew"}],"is_trial":false,"path_per_floor":["R","M","M","M","?","?","T","R","M","M","?","$","E","M","M","B",null,"R","M","M","M","M","E","T","M","R","M","R","$","?","M","M","B",null,"R","M","M","?","M","R","T","M","R","E","?","M","R","E","M","B",null,"E","$","R","B","B"],"character_chosen":"THE_CHAMP","items_purchased":["expansioncontent:DashGenerateEvil","Lee\u0027s Waffle","Kunai","champ:FanOfKnives","expansioncontent:DashGenerateEvil+1"],"campfire_rested":0,"item_purchase_floors":[29,38,38,38,53],"current_hp_per_floor":[81,79,77,75,75,75,75,85,85,82,82,82,80,80,80,64,91,91,91,85,85,77,71,71,67,67,67,67,63,63,63,63,63,91,91,91,91,107,89,89,89,70,70,80,80,80,80,71,71,58,102,67,67,67,37,0,0,0],"gold":77,"neow_bonus":"HUNDRED_GOLD","is_daily":false,"chose_seed":false,"campfire_upgraded":9,"win_rate":0.0,"timestamp":1612584585,"path_taken":["R","M","M","M","?","?","T","R","M","?","?","$","E","M","M","BOSS","R","M","M","M","M","E","T","M","R","M","R","$","?","M","M","BOSS","R","M","M","?","M","R","T","M","R","E","?","?","R","E","M","BOSS","E","$","R","BOSS","BOSS"],"items_purchased_type":["Card","Relic","Relic","Card","Card"],"build_version":"2020-12-22","purchased_purges":3,"victory":false,"max_hp_per_floor":[90,90,90,90,90,90,90,100,100,100,100,100,100,100,100,100,100,100,100,100,100,100,100,100,100,100,100,100,100,100,100,100,100,100,100,100,100,107,107,107,107,107,107,117,117,117,117,117,117,117,117,117,117,117,117,117,117,117],"card_choices":[{"not_picked":["champ:TornadoPunch","champ:RecklessLeap"],"picked":"champ:PerfectedStrike","floor":2.0},{"not_picked":["champ:PreciseThrust","champ:BerserkersShout"],"picked":"champ:FlashCut","floor":3.0},{"not_picked":["champ:GladiatorStyle","champ:HeartStrike"],"picked":"champ:EnGarde","floor":4.0},{"not_picked":["champ:TornadoPunch","champ:DefensiveShout"],"picked":"champ:PerfectedStrike","floor":9.0},{"not_picked":["champ:FocusedBerserking","champ:SetATrap"],"picked":"champ:FlashCut","floor":10.0},{"not_picked":["champ:FalseCounter","champ:FancyFootwork"],"picked":"champ:GutPunch","floor":12.0},{"not_picked":["champ:ArenaPreparation","champ:SwordThrow"],"picked":"champ:DefensiveShout","floor":13.0},{"not_picked":["champ:EndlessRage","champ:CrownThrow"],"picked":"champ:AdrenalArmor","floor":14.0},{"not_picked":["champ:FocusedDefense","champ:BladeFlurry","champ:ShieldSigil"],"picked":"SKIP","floor":15.0},{"not_picked":["champ:DancingMaster","champ:GladiatorForm"],"picked":"champ:HoldFirm","floor":16.0},{"not_picked":["champ:BladeFlurry","champ:GutPunch"],"picked":"champ:RageSigil","floor":19.0},{"not_picked":["champ:Circumvent","champ:GladiatorStyle","champ:DeathBlow"],"picked":"SKIP","floor":20.0},{"not_picked":["champ:ArenaPreparation","champ:DeathBlow"],"picked":"champ:StanceDance","floor":21.0},{"not_picked":["champ:RapidStrikes","champ:FaceSlap","champ:SkillfulDodge"],"picked":"SKIP","floor":22.0},{"not_picked":["champ:UltimateStance","champ:DefensiveShout+1"],"picked":"champ:BerserkersShout","floor":23.0},{"not_picked":["champ:FanOfKnives","champ:TornadoPunch+1"],"picked":"champ:FlashCut+1","floor":25.0},{"not_picked":["champ:FalseCounter","champ:SkillfulDodge"],"picked":"champ:BringItOn","floor":27.0},{"not_picked":["champ:Backstep","champ:Duel+1","champ:RageSigil"],"picked":"SKIP","floor":29.0},{"not_picked":["champ:RapidStrikes","champ:LastStand"],"picked":"champ:PerfectedStrike","floor":31.0},{"not_picked":["champ:RageSigil","champ:PreemptiveStrike+1"],"picked":"champ:FlashCut","floor":32.0},{"not_picked":["champ:DefensiveShout","champ:FocusedDefense+1"],"picked":"champ:PerfectedStrike+1","floor":36.0},{"not_picked":["champ:RecklessLeap+1","champ:SwordSigil+1","champ:StanceDance"],"picked":"SKIP","floor":37.0},{"not_picked":["champ:PreemptiveStrike","champ:EndlessRage+1","champ:ShieldSigil"],"picked":"SKIP","floor":38.0},{"not_picked":["champ:BringItOn","champ:Shatter","champ:Backstep"],"picked":"SKIP","floor":39.0},{"not_picked":["champ:Encircle+1","champ:GutPunch"],"picked":"champ:PreciseThrust+1","floor":42.0},{"not_picked":["champ:Encircle","champ:ArenaPreparation+1","champ:ShieldSigil+1"],"picked":"SKIP","floor":44.0},{"not_picked":["champ:ArenaPreparation","champ:PreciseThrust","champ:BerserkersShout+1"],"picked":"SKIP","floor":46.0},{"not_picked":["champ:BladeFlurry+1","champ:IronFortress"],"picked":"champ:AdrenalArmor+1","floor":48.0},{"not_picked":["champ:FanOfKnives","champ:Duel+1","champ:FocusedDefense"],"picked":"SKIP","floor":49},{"not_picked":["champ:MurderStrike","champ:EnchantShield"],"picked":"champ:StrikeOfGenius","floor":52}],"player_experience":708787,"relics_obtained":[{"floor":13.0,"key":"Whetstone"},{"floor":23.0,"key":"Lantern"},{"floor":24.0,"key":"hexamod:CandleOfCauterizing"},{"floor":44.0,"key":"Pear"},{"floor":48.0,"key":"bronze:BronzeIdol"},{"floor":52,"key":"Nunchaku"}],"event_choices":[],"is_beta":false,"boss_relics":[{"not_picked":["Fusion Hammer","SlaversCollar"],"picked":"Cursed Key"},{"not_picked":["champ:ChampionCrownUpgraded","Philosopher\u0027s Stone"],"picked":"champ:PowerArmor"}],"items_purged_floors":[12,29,38],"is_endless":false,"potions_floor_spawned":[2,3,15,16,20,21,22,23,32,33,36,39,44,46],"killed_by":"downfall:NeowBossFinal","ascension_level":6}}