{"host":"zs3tguvuxkh90jf4","time":1612633042,"event":{"mods":["AchievementEnabler","BaseMod","Better Silent Start","Better-Laid Plans","BetterRewards","Block Reminder","Colored Map","Colored Powertips","Gold Saver","Minty Spire (QoL Compilation)","Shop Mod","StSLib","Transform Curses"],"gold_per_floor":[2258,2270,1629,1649,1649,1684,1697,1725,1725,1740,1740,1758,1758,1785,1785,1857,1857,1876,1368,1397,1412,1431,1458,1458,1458,1458],"floor_reached":25,"language":"ENG","playtime":1555,"items_purged":["Defend_G","Defend_G"],"score":617,"play_id":"0da1f925-1cf5-40fb-846a-73740d1b06d6","local_time":"20210206093722","is_ascension_mode":true,"campfire_choices":[{"floor":15,"key":"REST"},{"floor":24,"key":"REST"}],"circlet_count":0,"master_deck":["AscendersBane","Strike_G","Strike_G","Defend_G","Defend_G","Survivor","Neutralize+1","Apotheosis","Backflip","Cloak And Dagger","Crippling Poison","Accuracy","Bane","Dramatic Entrance","Infinite Blades","Eviscerate+1","Envenom","Blur","Poisoned Stab","PiercingWail","Catalyst","Burst","Backstab","A Thousand Cuts","Cloak And Dagger","Bane","Accuracy","Deflect","Distraction"],"relics":["Ring of the Snake","Boot","Kunai","Sling","Membership Card","Happy Flower","MerchantsRug","Question Card","Letter Opener","Art of War","Strawberry","Bottled Tornado","Empty Cage","Calipers","Ginger","Red Mask","Whetstone"],"acts_visited":["Exordium","TheCity"],"potions_floor_usage":[8,10,16,20,23],"damage_taken":[{"damage":0,"enemies":"Jaw Worm","floor":1,"turns":4},{"damage":0,"enemies":"Small Slimes","floor":2,"turns":5},{"damage":4,"enemies":"Cultist","floor":4,"turns":3},{"damage":10,"enemies":"3 Sentries","floor":6,"turns":5},{"damage":4,"enemies":"Large Slime","floor":7,"turns":4},{"damage":2,"enemies":"Lagavulin","floor":8,"turns":4},{"damage":14,"enemies":"Exordium Thugs","floor":10,"turns":3},{"damage":0,"enemies":"Looter","floor":12,"turns":3},{"damage":23,"enemies":"Gremlin Nob","floor":14,"turns":4},{"damage":4,"enemies":"Hexaghost","floor":16,"turns":7},{"damage":8,"enemies":"Shell Parasite","floor":18,"turns":6},{"damage":7,"enemies":"Masked Bandits","floor":20,"turns":4},{"damage":17,"enemies":"Spheric Guardian","floor":21,"turns":5},{"damage":13,"enemies":"Centurion and Healer","floor":22,"turns":6},{"damage":11,"enemies":"Slavers","floor":23,"turns":5},{"damage":33,"enemies":"Book of Stabbing","floor":25,"turns":4}],"seed_played":"-5216793344691157884","potions_obtained":[{"floor":1,"key":"GhostInAJar"},{"floor":7,"key":"Poison Potion"},{"floor":8,"key":"Explosive Potion"},{"floor":10,"key":"Ancient Potion"},{"floor":14,"key":"Energy Potion"},{"floor":22,"key":"SpeedPotion"}],"is_trial":false,"path_per_floor":["M","M","$","M","?","E","M","E","T","M","?","M","?","E","R","B",null,"M","$","?","M","M","E","R","E"],"character_chosen":"THE_SILENT","items_purchased":["Boot","Kunai","Sling","Apotheosis","Membership Card","Happy Flower","Crippling Poison","Accuracy","Bane","MerchantsRug","Question Card","Dramatic Entrance","Calipers","Ginger","A Thousand Cuts","Cloak And Dagger","Bane"],"campfire_rested":2,"item_purchase_floors":[0,0,0,0,3,3,3,3,3,3,3,3,19,19,19,19,19],"current_hp_per_floor":[52,52,52,48,48,38,34,32,39,25,25,25,49,26,47,43,66,58,58,51,34,21,10,31,0,0],"gold":1458,"neow_bonus":"","is_daily":false,"chose_seed":false,"campfire_upgraded":0,"win_rate":0.0,"timestamp":1612633042,"path_taken":["M","M","$","M","?","E","M","E","T","M","?","M","?","E","R","BOSS","M","$","?","M","M","E","R","E"],"items_purchased_type":["Relic","Relic","Relic","Card","Relic","Relic","Card","Card","Card","Relic","Relic","Card","Relic","Relic","Card","Card","Card"],"build_version":"2020-12-22","purchased_purges":2,"victory":false,"max_hp_per_floor":[66,66,66,66,66,66,66,66,73,73,73,73,73,73,73,73,73,73,73,73,73,73,73,73,73,73],"card_choices":[{"not_picked":["Underhanded Strike","Dodge and Roll"],"picked":"Backflip","floor":1},{"not_picked":["Acrobatics","Backflip"],"picked":"Cloak And Dagger","floor":2},{"not_picked":["Expertise","Tactician","Poisoned Stab"],"picked":"Infinite Blades","floor":4},{"not_picked":["Poisoned Stab","Sucker Punch","Reflex"],"picked":"Eviscerate","floor":6},{"not_picked":["Flying Knee","Sucker Punch","Dagger Spray"],"picked":"Envenom","floor":7},{"not_picked":["Infinite Blades","Slice","Masterful Stab"],"picked":"Blur","floor":8},{"not_picked":["Endless Agony","Cloak And Dagger","Envenom"],"picked":"Poisoned Stab","floor":10},{"not_picked":["Quick Slash","Dash","Poisoned Stab"],"picked":"PiercingWail","floor":12},{"not_picked":["Bane","Riddle With Holes","Masterful Stab"],"picked":"Catalyst","floor":14},{"not_picked":["Phantasmal Killer","Adrenaline","A Thousand Cuts"],"picked":"Burst","floor":16},{"not_picked":["Endless Agony","Quick Slash","Slice"],"picked":"Backstab","floor":18},{"not_picked":["Dagger Spray","PiercingWail","Riddle With Holes+1"],"picked":"Accuracy","floor":21},{"not_picked":["Backflip","Skewer","All Out Attack"],"picked":"Deflect","floor":22},{"not_picked":["Venomology","Crippling Poison","Quick Slash"],"picked":"Distraction","floor":23}],"player_experience":525238,"relics_obtained":[{"floor":6,"key":"Letter Opener"},{"floor":8,"key":"Art of War"},{"floor":9,"key":"Strawberry"},{"floor":14,"key":"Bottled Tornado"},{"floor":20,"key":"Red Mask"},{"floor":23,"key":"Whetstone"}],"event_choices":[{"damage_healed":0,"gold_gain":0,"player_choice":"Ignored","damage_taken":0,"max_hp_gain":0,"max_hp_loss":0,"event_name":"Liars Game","floor":5,"gold_loss":0},{"damage_healed":0,"gold_gain":0,"player_choice":"Ignored","damage_taken":0,"max_hp_gain":0,"max_hp_loss":0,"event_name":"Shining Light","floor":11,"gold_loss":0},{"damage_healed":24,"gold_gain":0,"player_choice":"Banana","damage_taken":0,"max_hp_gain":0,"max_hp_loss":0,"event_name":"Big Fish","floor":13,"gold_loss":0},{"damage_healed":0,"gold_gain":0,"player_choice":"Fought Bandits","damage_taken":0,"max_hp_gain":0,"max_hp_loss":0,"event_name":"Masked Bandits","floor":20,"gold_loss":0}],"is_beta":false,"boss_relics":[{"not_picked":["Snecko Eye","Tiny House"],"picked":"Empty Cage"}],"items_purged_floors":[3,19],"is_endless":false,"potions_floor_spawned":[1,7,8,10,14,22],"killed_by":"Book of Stabbing","ascension_level":16}}