{"host":"b7j598ve05halrwk","time":1612599152,"event":{"mods":["2.2 Compatiblity","BaseMod","Block Reminder","DeckTracker","Minty Spire (QoL Compilation)","Relic Stats","Slay the Relics Exporter","StSLib","ojb\u0027s Better Paths Mod","ojb\u0027s Info Mod"],"gold_per_floor":[110,110,122,133,208,236,255,289,313,313,327,340,353,385,385,459,509,519,519,532,562,577,577,593,593,593],"floor_reached":25,"language":"ENG","playtime":1462,"items_purged":[],"score":504,"play_id":"ef59f780-9bba-4608-a278-b9997816a7a8","local_time":"20210206031232","is_ascension_mode":true,"campfire_choices":[{"floor":15,"key":"REST"},{"floor":23,"key":"REST"}],"circlet_count":0,"master_deck":["AscendersBane","Strike_B","Strike_B","Strike_B","Strike_B","Defend_B","Defend_B","Defend_B","Defend_B","Zap","Dualcast","Metamorphosis","Ball Lightning","Compile Driver+1","Sweeping Beam+1","Barrage+1","Glacier","Leap","Leap","Ball Lightning","Buffer","Fission","Hologram","Compile Driver+1","Doom and Gloom","Beam Cell+1","Turbo","Self Repair","Stack+1"],"relics":["Cracked Core","Whetstone","Lantern","Vajra","Dream Catcher","Tiny House","Symbiotic Virus","Red Mask"],"acts_visited":["Exordium","TheCity"],"potions_floor_usage":[8,11,14,20,21,21,25],"damage_taken":[{"damage":7,"enemies":"Jaw Worm","floor":1,"turns":2},{"damage":4,"enemies":"Small Slimes","floor":3,"turns":3},{"damage":1,"enemies":"Cultist","floor":4,"turns":3},{"damage":23,"enemies":"Lagavulin","floor":6,"turns":5},{"damage":7,"enemies":"Large Slime","floor":7,"turns":4},{"damage":0,"enemies":"Gremlin Nob","floor":8,"turns":4},{"damage":0,"enemies":"Blue Slaver","floor":11,"turns":2},{"damage":1,"enemies":"Exordium Wildlife","floor":12,"turns":2},{"damage":0,"enemies":"3 Louse","floor":13,"turns":4},{"damage":5,"enemies":"3 Sentries","floor":14,"turns":4},{"damage":8,"enemies":"Slime Boss","floor":16,"turns":8},{"damage":12,"enemies":"Chosen","floor":18,"turns":6},{"damage":8,"enemies":"2 Thieves","floor":20,"turns":2},{"damage":5,"enemies":"Masked Bandits","floor":21,"turns":3},{"damage":10,"enemies":"Snecko","floor":22,"turns":5},{"damage":16,"enemies":"3 Cultists","floor":24,"turns":6},{"damage":23,"enemies":"Slavers","floor":25,"turns":3}],"seed_played":"8101464983367964042","potions_obtained":[{"floor":3,"key":"PowerPotion"},{"floor":6,"key":"SteroidPotion"},{"floor":8,"key":"DistilledChaos"},{"floor":11,"key":"SpeedPotion"},{"floor":17,"key":"EntropicBrew"},{"floor":18,"key":"FearPotion"},{"floor":22,"key":"Explosive Potion"}],"is_trial":false,"path_per_floor":["M","?","M","M","?","E","M","E","T","?","M","M","M","E","R","B",null,"M","T","M","?","M","R","M","E"],"character_chosen":"DEFECT","items_purchased":[],"campfire_rested":2,"item_purchase_floors":[],"current_hp_per_floor":[39,62,58,57,46,23,16,16,16,16,16,15,15,10,31,23,64,52,52,44,39,29,51,35,12,12],"gold":593,"neow_bonus":"RANDOM_COLORLESS_2","is_daily":false,"chose_seed":false,"campfire_upgraded":0,"win_rate":0.0,"timestamp":1612599152,"path_taken":["M","?","M","M","?","E","M","E","T","?","M","?","M","E","R","BOSS","M","?","M","?","M","R","M","E"],"items_purchased_type":[],"build_version":"2020-12-22","purchased_purges":0,"victory":false,"max_hp_per_floor":[71,71,71,71,71,71,71,71,71,71,71,71,71,71,71,71,76,76,76,76,76,76,76,76,76,76],"relic_stats":{"Dream Catcher":2,"counters":[17,66],"Whetstone":["Sweeping Beam","Compile Driver"],"obtain_stats":[{"Lantern":8,"Dream Catcher":14,"Tiny House":17,"Vajra":9,"Red Mask":21,"Whetstone":6,"Cracked Core":0,"Symbiotic Virus":19},{"Lantern":6,"Dream Catcher":10,"Tiny House":11,"Vajra":6,"Red Mask":14,"Whetstone":4,"Cracked Core":0,"Symbiotic Virus":12},{"Lantern":21,"Dream Catcher":33,"Tiny House":41,"Vajra":21,"Red Mask":52,"Whetstone":13,"Cracked Core":0,"Symbiotic Virus":47}]},"card_choices":[{"not_picked":["Transmutation","Thinking Ahead"],"picked":"Metamorphosis","floor":0},{"not_picked":["Leap","Genetic Algorithm"],"picked":"Ball Lightning","floor":1},{"not_picked":["Chill","Redo"],"picked":"Compile Driver","floor":3},{"not_picked":["Force Field","Turbo"],"picked":"Sweeping Beam","floor":4},{"not_picked":["Genetic Algorithm","Capacitor"],"picked":"Barrage","floor":6},{"not_picked":["Cold Snap","Aggregate"],"picked":"Glacier","floor":7},{"not_picked":["Double Energy","Streamline"],"picked":"Leap","floor":8},{"not_picked":["Barrage","Tempest"],"picked":"Leap","floor":11},{"not_picked":["Meteor Strike","Barrage"],"picked":"Ball Lightning","floor":12},{"not_picked":["Conserve Battery","Streamline","Redo"],"picked":"SKIP","floor":13},{"not_picked":["Scrape","Redo"],"picked":"Buffer","floor":14},{"not_picked":["Multi-Cast","Rainbow"],"picked":"Fission","floor":16},{"not_picked":["Heatsinks","Barrage"],"picked":"Hologram","floor":17},{"not_picked":["Rebound","Ball Lightning+1"],"picked":"Compile Driver+1","floor":18},{"not_picked":["Force Field","Leap"],"picked":"Doom and Gloom","floor":20},{"not_picked":["Chaos","Hologram"],"picked":"Beam Cell+1","floor":21},{"not_picked":["Machine Learning","Rebound"],"picked":"Turbo","floor":22},{"not_picked":["Lockon","Beam Cell+1"],"picked":"Self Repair","floor":23},{"not_picked":["Darkness","Static Discharge"],"picked":"Stack+1","floor":24}],"player_experience":1112437,"relics_obtained":[{"floor":6,"key":"Whetstone"},{"floor":8,"key":"Lantern"},{"floor":9,"key":"Vajra"},{"floor":14,"key":"Dream Catcher"},{"floor":19,"key":"Symbiotic Virus"},{"floor":21,"key":"Red Mask"}],"event_choices":[{"damage_healed":23,"gold_gain":0,"player_choice":"Banana","damage_taken":0,"max_hp_gain":0,"max_hp_loss":0,"event_name":"Big Fish","floor":2,"gold_loss":0},{"damage_healed":0,"gold_gain":75,"player_choice":"Gather Gold","damage_taken":11,"max_hp_gain":0,"max_hp_loss":0,"event_name":"World of Goop","floor":5,"gold_loss":0},{"damage_healed":0,"gold_gain":0,"player_choice":"Searched \u00270\u0027 times","damage_taken":0,"max_hp_gain":0,"max_hp_loss":0,"event_name":"Dead Adventurer","floor":10,"gold_loss":0},{"damage_healed":0,"gold_gain":0,"player_choice":"Fought Bandits","damage_taken":0,"max_hp_gain":0,"max_hp_loss":0,"event_name":"Masked Bandits","floor":21,"gold_loss":0}],"is_beta":false,"boss_relics":[{"not_picked":["SacredBark","Ectoplasm"],"picked":"Tiny House"}],"items_purged_floors":[],"is_endless":false,"potions_floor_spawned":[3,6,8,11,18,22],"killed_by":"Slavers","ascension_level":20}}