{"host":"opg65mucj6ra7dr1","time":1612614533,"event":{"mods":["BaseMod","DeckTracker","Keyboard Shortcuts","Minty Spire (QoL Compilation)","Permanent Neow","Quick Restart","everything is the same but u backflip on backflip"],"gold_per_floor":[109,109,11,26,46,46,64,79,105,105,105,123,123,53,53,53,53],"floor_reached":16,"language":"KOR","playtime":370,"items_purged":["Strike_G"],"score":138,"play_id":"5db336bd-ba33-4ec8-9e72-8f9e681c300d","local_time":"20210206212853","is_ascension_mode":true,"campfire_choices":[{"data":"Terror","floor":6.0,"key":"SMITH"},{"data":"Neutralize","floor":11.0,"key":"SMITH"},{"data":"Survivor","floor":13,"key":"SMITH"},{"data":"Footwork","floor":15,"key":"SMITH"}],"circlet_count":0,"master_deck":["AscendersBane","Strike_G","Strike_G","Strike_G","Defend_G","Defend_G","Defend_G","Defend_G","Defend_G","Survivor+1","Neutralize+1","Terror+1","Deflect","Sucker Punch+1","PiercingWail","Footwork+1"],"relics":["Ring of the Snake","Toy Ornithopter","Regal Pillow"],"acts_visited":["Exordium"],"potions_floor_usage":[12],"damage_taken":[{"damage":2.0,"enemies":"Jaw Worm","floor":1.0,"turns":5.0},{"damage":1.0,"enemies":"Cultist","floor":4.0,"turns":4.0},{"damage":9.0,"enemies":"2 Louse","floor":5.0,"turns":3.0},{"damage":20.0,"enemies":"Exordium Thugs","floor":7.0,"turns":7.0},{"damage":6.0,"enemies":"Large Slime","floor":8.0,"turns":7.0},{"damage":1,"enemies":"Lots of Slimes","floor":12,"turns":2},{"damage":32,"enemies":"Hexaghost","floor":16,"turns":17}],"seed_played":"1174005064470201854","potions_obtained":[{"floor":1.0,"key":"Energy Potion"},{"floor":5.0,"key":"Weak Potion"},{"floor":8.0,"key":"Explosive Potion"}],"is_trial":false,"path_per_floor":["M","?","$","M","M","R","M","M","T","?","R","M","R","$","R","B"],"character_chosen":"THE_SILENT","items_purchased":["Deflect","Footwork"],"campfire_rested":0,"item_purchase_floors":[3,14],"current_hp_per_floor":[61,61,61,60,51,51,31,25,25,25,25,29,29,29,29,0,0],"gold":53,"neow_bonus":"RANDOM_COMMON_RELIC","is_daily":false,"chose_seed":false,"campfire_upgraded":4,"win_rate":0.0,"timestamp":1612614533,"path_taken":["M","?","$","?","M","R","M","M","T","?","R","M","R","?","R","BOSS"],"items_purchased_type":["Card","Card"],"build_version":"2020-12-22","purchased_purges":1,"victory":false,"max_hp_per_floor":[70,70,70,70,70,70,70,70,70,70,70,70,70,70,70,70,70],"card_choices":[{"not_picked":["Deflect","Skewer"],"picked":"Terror","floor":1.0},{"not_picked":["Outmaneuver","Deadly Poison"],"picked":"Sucker Punch","floor":4.0},{"not_picked":["Sucker Punch","Cloak And Dagger"],"picked":"PiercingWail","floor":5.0},{"not_picked":["Masterful Stab","Sucker Punch","Choke"],"picked":"SKIP","floor":7.0},{"not_picked":["Deflect","Envenom","Bane"],"picked":"SKIP","floor":8.0},{"not_picked":["Poisoned Stab","Crippling Poison","Outmaneuver"],"picked":"SKIP","floor":12}],"player_experience":166626,"relics_obtained":[{"floor":9.0,"key":"Regal Pillow"}],"event_choices":[{"cards_removed":["Strike_G"],"damage_healed":0.0,"max_hp_gain":0.0,"max_hp_loss":0.0,"gold_gain":0.0,"event_name":"Purifier","player_choice":"Purged","floor":2.0,"gold_loss":0.0,"damage_taken":0.0},{"damage_healed":0.0,"max_hp_gain":0.0,"max_hp_loss":0.0,"gold_gain":0.0,"event_name":"Accursed Blacksmith","player_choice":"Forge","floor":10.0,"gold_loss":0.0,"damage_taken":0.0,"cards_upgraded":["Sucker Punch"]}],"is_beta":false,"boss_relics":[],"items_purged_floors":[3],"is_endless":false,"potions_floor_spawned":[1,5,8],"killed_by":"Hexaghost","ascension_level":10}}