{"host":"ypphcgdomtfqpc2w","time":1612617059,"event":{"mods":["BaseMod","DeckTracker","Minty Spire (QoL Compilation)","Relic Stats","StSLib"],"gold_per_floor":[109,109,120,133,149,149,182,182,182,182,192,207,225,238,238,310,310,322,338,59,59,75,75,75,109,109,109,109,134,84,101,101,172,172,188,21,21,0,18,53,53,85,111,61,77,109,109,123,123,123,123,123,123,31,66,66],"floor_reached":57,"language":"ENG","playtime":4893,"items_purged":["Bite","Flying Knee"],"score":2914,"play_id":"36e94641-1995-4c41-b05c-9ba203d75281","local_time":"20210206221059","is_ascension_mode":true,"campfire_choices":[{"data":"Metamorphosis","floor":6.0,"key":"SMITH"},{"data":"Prepared","floor":8.0,"key":"SMITH"},{"data":"Calculated Gamble","floor":15.0,"key":"SMITH"},{"data":"After Image","floor":23.0,"key":"SMITH"},{"data":"Neutralize","floor":27.0,"key":"SMITH"},{"data":"Concentrate","floor":32.0,"key":"SMITH"},{"data":"Reflex","floor":41.0,"key":"SMITH"},{"data":"Calculated Gamble","floor":47.0,"key":"SMITH"},{"floor":49.0,"key":"RECALL"},{"data":"Expertise","floor":53.0,"key":"SMITH"}],"circlet_count":0,"master_deck":["AscendersBane","Survivor","Neutralize+1","Metamorphosis+1","Blade Dance","Prepared+1","Dagger Throw","Glass Knife","Calculated Gamble+1","Envenom","After Image+1","Expertise+1","Backflip+1","Blade Dance","Bite","Bite","Bite","Accuracy","Dagger Throw","Concentrate+1","Deadly Poison","Calculated Gamble+1","Reflex+1","Tactician","Deflect","Dash+1","Acrobatics","Crippling Poison+1","Backflip","Blur","Acrobatics+1"],"relics":["Ring of the Snake","Tough Bandages","Tingsha","Coffee Dripper","Matryoshka","Mango","Oddly Smooth Stone","HornCleat","Pandora\u0027s Box","Centennial Puzzle","Red Mask","Happy Flower","Snake Skull","StrikeDummy","Smiling Mask","Bag of Marbles","InkBottle"],"acts_visited":["Exordium","TheCity","TheBeyond","TheEnding"],"potions_floor_usage":[56,56],"damage_taken":[{"damage":1.0,"enemies":"Jaw Worm","floor":1.0,"turns":3.0},{"damage":4.0,"enemies":"2 Louse","floor":3.0,"turns":3.0},{"damage":1.0,"enemies":"Cultist","floor":4.0,"turns":3.0},{"damage":4.0,"enemies":"Exordium Wildlife","floor":5.0,"turns":4.0},{"damage":13.0,"enemies":"Lagavulin","floor":7.0,"turns":7.0},{"damage":0.0,"enemies":"2 Fungi Beasts","floor":11.0,"turns":3.0},{"damage":1.0,"enemies":"Large Slime","floor":12.0,"turns":4.0},{"damage":0.0,"enemies":"Lots of Slimes","floor":13.0,"turns":3.0},{"damage":0.0,"enemies":"Looter","floor":14.0,"turns":2.0},{"damage":9.0,"enemies":"Hexaghost","floor":16.0,"turns":7.0},{"damage":4.0,"enemies":"3 Byrds","floor":18.0,"turns":4.0},{"damage":0.0,"enemies":"Shell Parasite","floor":19.0,"turns":3.0},{"damage":8.0,"enemies":"Sentry and Sphere","floor":22.0,"turns":4.0},{"damage":19.0,"enemies":"Book of Stabbing","floor":25.0,"turns":5.0},{"damage":0.0,"enemies":"Gremlin Leader","floor":29.0,"turns":5.0},{"damage":0.0,"enemies":"Chosen and Byrds","floor":31.0,"turns":5.0},{"damage":37.0,"enemies":"Collector","floor":33.0,"turns":9.0},{"damage":0.0,"enemies":"3 Shapes","floor":35.0,"turns":5.0},{"damage":5.0,"enemies":"Orb Walker","floor":39.0,"turns":4.0},{"damage":17.0,"enemies":"Giant Head","floor":40.0,"turns":6.0},{"damage":0.0,"enemies":"Reptomancer","floor":42.0,"turns":8.0},{"damage":12.0,"enemies":"4 Shapes","floor":45.0,"turns":4.0},{"damage":17.0,"enemies":"Nemesis","floor":46.0,"turns":5.0},{"damage":0.0,"enemies":"3 Darklings","floor":48.0,"turns":9.0},{"damage":12.0,"enemies":"Donu and Deca","floor":50.0,"turns":7.0},{"damage":0.0,"enemies":"Awakened One","floor":51.0,"turns":8.0},{"damage":5.0,"enemies":"Shield and Spear","floor":55.0,"turns":6.0},{"damage":61,"enemies":"The Heart","floor":56,"turns":10}],"seed_played":"-9191498423766705900","potions_obtained":[{"floor":1.0,"key":"Block Potion"},{"floor":4.0,"key":"GamblersBrew"},{"floor":7.0,"key":"Explosive Potion"},{"floor":12.0,"key":"SpeedPotion"},{"floor":13.0,"key":"LiquidBronze"},{"floor":19.0,"key":"Ancient Potion"},{"floor":31.0,"key":"DuplicationPotion"},{"floor":39.0,"key":"PowerPotion"},{"floor":40.0,"key":"DuplicationPotion"},{"floor":48.0,"key":"Dexterity Potion"}],"is_trial":false,"path_per_floor":["M","?","M","M","M","R","E","R","T","?","M","M","M","M","R","B",null,"M","M","$","?","M","R","?","E","T","R","?","E","?","M","R","B",null,"M","$","?","?","M","E","R","E","T","$","M","E","R","M","R","B","B",null,"R","$","E","B",null],"character_chosen":"THE_SILENT","items_purchased":["Matryoshka","Centennial Puzzle","Blur"],"campfire_rested":0,"item_purchase_floors":[20,36,54],"current_hp_per_floor":[43,48,44,43,39,39,26,26,26,26,26,25,25,25,25,16,57,53,53,53,53,45,45,45,46,46,46,46,48,48,56,56,27,54,62,62,62,62,59,46,46,63,63,63,53,36,36,48,48,56,63,63,63,63,63,18],"gold":66,"neow_bonus":"RANDOM_COLORLESS_2","is_daily":false,"chose_seed":false,"campfire_upgraded":9,"win_rate":0.0,"timestamp":1612617059,"path_taken":["M","?","M","M","M","R","E","R","T","?","M","M","M","M","R","BOSS","M","M","$","?","?","R","?","E","T","R","?","E","?","M","R","BOSS","M","?","?","?","M","E","R","E","T","$","M","E","R","M","R","BOSS","BOSS","R","$","E","BOSS"],"items_purchased_type":["Relic","Relic","Card"],"build_version":"2020-12-22","purchased_purges":2,"victory":true,"max_hp_per_floor":[66,71,71,71,71,71,71,71,71,71,71,71,71,71,71,71,71,71,71,71,71,71,71,49,63,63,63,63,63,63,63,63,63,63,63,63,63,63,63,63,63,63,63,63,63,63,63,63,63,63,63,63,63,63,63,63],"relic_stats":{"Tough Bandages":[1461],"Centennial Puzzle":[21],"Happy Flower":[19],"counters":[28,146],"Tingsha":[1276],"Pandora\u0027s Box":["Deadly Poison","Calculated Gamble","Reflex","Tactician"],"Snake Skull":[164],"Smiling Mask":75,"obtain_stats":[{"Happy Flower":40,"Oddly Smooth Stone":26,"Tingsha":9,"Mango":25,"Snake Skull":42,"Smiling Mask":43,"Tough Bandages":7,"Centennial Puzzle":36,"Matryoshka":20,"HornCleat":29,"Pandora\u0027s Box":34,"Coffee Dripper":17,"Red Mask":38,"Bag of Marbles":46,"StrikeDummy":43,"InkBottle":55,"Ring of the Snake":0},{"Happy Flower":20,"Oddly Smooth Stone":14,"Tingsha":5,"Mango":14,"Snake Skull":21,"Smiling Mask":21,"Tough Bandages":5,"Centennial Puzzle":18,"Matryoshka":12,"HornCleat":15,"Pandora\u0027s Box":17,"Coffee Dripper":10,"Red Mask":18,"Bag of Marbles":23,"StrikeDummy":21,"InkBottle":27,"Ring of the Snake":0},{"Happy Flower":89,"Oddly Smooth Stone":55,"Tingsha":20,"Mango":55,"Snake Skull":97,"Smiling Mask":97,"Tough Bandages":20,"Centennial Puzzle":79,"Matryoshka":46,"HornCleat":60,"Pandora\u0027s Box":74,"Coffee Dripper":39,"Red Mask":79,"Bag of Marbles":106,"StrikeDummy":97,"InkBottle":136,"Ring of the Snake":0}],"InkBottle":[10],"Ring of the Snake":[56]},"card_choices":[{"not_picked":["Violence","Magnetism"],"picked":"Metamorphosis","floor":0.0},{"not_picked":["Underhanded Strike","Dagger Spray"],"picked":"Blade Dance","floor":1.0},{"not_picked":["Heel Hook","Tactician"],"picked":"Flying Knee","floor":3.0},{"not_picked":["Expertise","Dodge and Roll"],"picked":"Prepared","floor":4.0},{"not_picked":["Cloak And Dagger","Dodge and Roll"],"picked":"Dagger Throw","floor":5.0},{"not_picked":["Riddle With Holes","Deadly Poison"],"picked":"Glass Knife","floor":7.0},{"not_picked":["Deadly Poison","Flying Knee","Masterful Stab"],"picked":"SKIP","floor":11.0},{"not_picked":["Bane","Expertise"],"picked":"Calculated Gamble","floor":12.0},{"not_picked":["Sucker Punch","Poisoned Stab","Catalyst"],"picked":"SKIP","floor":13.0},{"not_picked":["Sucker Punch","Cloak And Dagger"],"picked":"Envenom","floor":14.0},{"not_picked":["Corpse Explosion","Grand Finale"],"picked":"After Image","floor":16.0},{"not_picked":["Crippling Poison","Concentrate"],"picked":"Expertise","floor":18.0},{"not_picked":["Dodge and Roll","Outmaneuver","Blade Dance"],"picked":"SKIP","floor":19.0},{"not_picked":["Caltrops+1","Flechettes"],"picked":"Blade Dance","floor":22.0},{"not_picked":["Deadly Poison","Masterful Stab"],"picked":"Accuracy","floor":25.0},{"not_picked":["Choke","Sucker Punch"],"picked":"Dagger Throw","floor":29.0},{"not_picked":["Blade Dance+1","Bouncing Flask"],"picked":"Concentrate","floor":31.0},{"not_picked":["Masterful Stab","Poisoned Stab+1"],"picked":"Deflect","floor":35.0},{"not_picked":["Deadly Poison","Cloak And Dagger"],"picked":"Dash+1","floor":39.0},{"not_picked":["Slice","Poisoned Stab+1"],"picked":"Acrobatics","floor":40.0},{"not_picked":["Bane","Sucker Punch"],"picked":"Crippling Poison+1","floor":42.0},{"not_picked":["Finisher+1","Cloak And Dagger"],"picked":"Backflip","floor":45.0},{"not_picked":["Dagger Spray","Concentrate","Flechettes"],"picked":"SKIP","floor":46.0},{"not_picked":["Backstab","Poisoned Stab","Slice"],"picked":"SKIP","floor":48.0},{"not_picked":["A Thousand Cuts","Prepared"],"picked":"Acrobatics+1","floor":55.0}],"player_experience":2150568,"relics_obtained":[{"floor":7.0,"key":"Tough Bandages"},{"floor":9.0,"key":"Tingsha"},{"floor":25.0,"key":"Mango"},{"floor":26.0,"key":"Oddly Smooth Stone"},{"floor":29.0,"key":"HornCleat"},{"floor":40.0,"key":"Happy Flower"},{"floor":42.0,"key":"Snake Skull"},{"floor":43.0,"key":"StrikeDummy"},{"floor":43.0,"key":"Smiling Mask"},{"floor":46.0,"key":"Bag of Marbles"},{"floor":55.0,"key":"InkBottle"}],"event_choices":[{"damage_healed":0.0,"max_hp_gain":5.0,"max_hp_loss":0.0,"gold_gain":0.0,"event_name":"Big Fish","player_choice":"Donut","floor":2.0,"gold_loss":0.0,"damage_taken":0.0},{"damage_healed":0.0,"max_hp_gain":0.0,"max_hp_loss":0.0,"gold_gain":0.0,"event_name":"Dead Adventurer","player_choice":"Searched \u00270\u0027 times","floor":10.0,"gold_loss":0.0,"damage_taken":0.0},{"damage_healed":0.0,"max_hp_gain":0.0,"max_hp_loss":0.0,"gold_gain":0.0,"cards_transformed":["Strike_G"],"event_name":"Transmorgrifier","player_choice":"Transformed","floor":21.0,"gold_loss":0.0,"damage_taken":0.0,"cards_obtained":["Backflip"]},{"damage_healed":0.0,"max_hp_gain":0.0,"max_hp_loss":22.0,"gold_gain":0.0,"event_name":"Vampires","player_choice":"Became a vampire","floor":24.0,"gold_loss":0.0,"damage_taken":0.0,"cards_obtained":["Bite","Bite","Bite","Bite","Bite"]},{"cards_removed":["Defend_G"],"damage_healed":0.0,"max_hp_gain":0.0,"max_hp_loss":0.0,"gold_gain":0.0,"event_name":"Back to Basics","player_choice":"Elegance","floor":28.0,"gold_loss":0.0,"damage_taken":0.0},{"damage_healed":0.0,"max_hp_gain":0.0,"max_hp_loss":0.0,"gold_gain":0.0,"event_name":"Designer","player_choice":"Upgrade","floor":30.0,"gold_loss":50.0,"damage_taken":0.0,"cards_upgraded":["Backflip"]},{"cards_removed":["Bite"],"damage_healed":0.0,"max_hp_gain":0.0,"max_hp_loss":0.0,"gold_gain":0.0,"event_name":"Falling","player_choice":"Removed Attack","floor":37.0,"gold_loss":0.0,"damage_taken":0.0},{"damage_healed":0.0,"max_hp_gain":0.0,"max_hp_loss":0.0,"gold_gain":0.0,"event_name":"Tomb of Lord Red Mask","player_choice":"Paid","floor":38.0,"gold_loss":21.0,"damage_taken":0.0,"relics_obtained":["Red Mask"]}],"is_beta":false,"boss_relics":[{"not_picked":["Calling Bell","Tiny House"],"picked":"Coffee Dripper"},{"not_picked":["Black Star","Philosopher\u0027s Stone"],"picked":"Pandora\u0027s Box"}],"items_purged_floors":[44,54],"is_endless":false,"potions_floor_spawned":[1,4,7,12,13,16,19,31,39,40,48,55],"ascension_level":20}}