{"host":"3a1ypf1irl30q4k8","time":1612622266,"event":{"mods":["AchievementEnabler","BaseMod","Bestiary","Minty Spire (QoL Compilation)","Relic Stats","ojb\u0027s Better Paths Mod","ojb\u0027s Info Mod"],"gold_per_floor":[20,32,47,60,72,106,106,140,140,114,114,146,146,164,164,261,261,272,272,272,288,307,307,27,27,27,58,58,10,22,22,22,22,22],"floor_reached":33,"language":"ENG","playtime":1233,"items_purged":["Heavy Blade"],"score":381,"play_id":"f2397158-804b-4e69-aeb5-074653d81514","local_time":"20210206143746","is_ascension_mode":true,"campfire_choices":[{"data":"Whirlwind","floor":7,"key":"SMITH"},{"floor":11,"key":"REST"},{"floor":15,"key":"REST"},{"data":"Feel No Pain","floor":23,"key":"SMITH"},{"data":"Corruption","floor":25,"key":"SMITH"},{"floor":32,"key":"REST"}],"circlet_count":0,"master_deck":["Bash+1","Master of Strategy","Thunderclap","Perfected Strike","Feel No Pain+1","Wild Strike","Whirlwind+1","Evolve","Spot Weakness","Cleave","Wild Strike","Corruption+1","Seeing Red","Fiend Fire","Dual Wield","Fiend Fire","Juggernaut","Whirlwind","Flex","True Grit","Metallicize+1","Dark Embrace","Feel No Pain+1","Havoc","Iron Wave+1","Ghostly","Ghostly","Ghostly","Ghostly","Ghostly"],"relics":["Burning Blood","Whetstone","CaptainsWheel","Mercury Hourglass","Ornamental Fan","Pandora\u0027s Box","Mummified Hand","DollysMirror","Bottled Tornado","StoneCalendar"],"acts_visited":["Exordium","TheCity"],"potions_floor_usage":[4,12,18,27,27,30],"damage_taken":[{"damage":2,"enemies":"Jaw Worm","floor":1,"turns":3},{"damage":0,"enemies":"Small Slimes","floor":2,"turns":2},{"damage":1,"enemies":"2 Louse","floor":3,"turns":2},{"damage":0,"enemies":"2 Fungi Beasts","floor":4,"turns":2},{"damage":0,"enemies":"Exordium Wildlife","floor":5,"turns":2},{"damage":34,"enemies":"Gremlin Nob","floor":6,"turns":4},{"damage":40,"enemies":"Lagavulin","floor":8,"turns":4},{"damage":8,"enemies":"Gremlin Nob","floor":12,"turns":4},{"damage":21,"enemies":"Blue Slaver","floor":14,"turns":3},{"damage":21,"enemies":"Slime Boss","floor":16,"turns":8},{"damage":18,"enemies":"2 Thieves","floor":18,"turns":2},{"damage":11,"enemies":"Spheric Guardian","floor":21,"turns":3},{"damage":14,"enemies":"Snecko","floor":22,"turns":4},{"damage":29,"enemies":"Slavers","floor":27,"turns":3},{"damage":0,"enemies":"Cultist and Chosen","floor":30,"turns":4},{"damage":24,"enemies":"Collector","floor":33,"turns":7}],"seed_played":"-4044848516204224666","potions_obtained":[{"floor":2,"key":"DistilledChaos"},{"floor":6,"key":"Ancient Potion"},{"floor":12,"key":"Ancient Potion"},{"floor":16,"key":"EssenceOfSteel"},{"floor":18,"key":"Strength Potion"},{"floor":27,"key":"FearPotion"}],"is_trial":false,"path_per_floor":["M","M","M","M","M","E","R","E","T","?","R","E","?","M","R","B",null,"M","?","?","M","M","R","$","R","T","E","?","$","M","?","R","B"],"character_chosen":"IRONCLAD","items_purchased":["DollysMirror","AttackPotion","Explosive Potion"],"campfire_rested":3,"item_purchase_floors":[24,24,29],"current_hp_per_floor":[80,80,80,80,80,52,52,18,18,18,42,40,40,25,49,34,69,57,57,57,52,44,44,44,44,44,21,6,6,12,12,24,0,0],"gold":22,"neow_bonus":"RANDOM_COLORLESS_2","is_daily":false,"chose_seed":false,"campfire_upgraded":3,"win_rate":0.0,"timestamp":1612622266,"path_taken":["M","M","M","M","M","E","R","E","T","?","R","E","?","M","R","BOSS","M","?","?","M","M","R","$","R","T","E","?","$","M","?","R","BOSS"],"items_purchased_type":["Relic","Potion","Potion"],"build_version":"2020-12-22","purchased_purges":1,"victory":false,"max_hp_per_floor":[80,80,80,80,80,80,80,80,80,80,80,80,80,80,80,80,80,80,80,80,80,80,80,80,80,80,80,85,85,85,42,42,42,42],"relic_stats":{"counters":[16,56],"Ornamental Fan":[16],"Mummified Hand":[27],"Pandora\u0027s Box":["Seeing Red","Fiend Fire","Dual Wield","Corruption","Heavy Blade","Fiend Fire","Juggernaut","Whirlwind","Flex"],"StoneCalendar":[52],"Whetstone":["Strike_R","Bash"],"obtain_stats":[{"CaptainsWheel":8,"Ornamental Fan":12,"Mummified Hand":20,"DollysMirror":24,"Pandora\u0027s Box":17,"StoneCalendar":27,"Whetstone":6,"Bottled Tornado":26,"Burning Blood":0,"Mercury Hourglass":9},{"CaptainsWheel":7,"Ornamental Fan":8,"Mummified Hand":11,"DollysMirror":13,"Pandora\u0027s Box":10,"StoneCalendar":14,"Whetstone":6,"Bottled Tornado":13,"Burning Blood":0,"Mercury Hourglass":7},{"CaptainsWheel":19,"Ornamental Fan":23,"Mummified Hand":35,"DollysMirror":42,"Pandora\u0027s Box":33,"StoneCalendar":45,"Whetstone":15,"Bottled Tornado":42,"Burning Blood":0,"Mercury Hourglass":19}],"Burning Blood":63,"Mercury Hourglass":[161]},"card_choices":[{"not_picked":["Panache","Secret Technique"],"picked":"Master of Strategy","floor":0},{"not_picked":["Iron Wave","Sword Boomerang"],"picked":"Thunderclap","floor":1},{"not_picked":["Heavy Blade","Pommel Strike"],"picked":"Perfected Strike","floor":2},{"not_picked":["Clash","Havoc"],"picked":"Feel No Pain","floor":3},{"not_picked":["Headbutt","Heavy Blade"],"picked":"Wild Strike","floor":4},{"not_picked":["Limit Break","Disarm"],"picked":"Whirlwind","floor":5},{"not_picked":["Twin Strike","Inflame"],"picked":"Evolve","floor":6},{"not_picked":["Cleave","Headbutt"],"picked":"Spot Weakness","floor":8},{"not_picked":["Heavy Blade","Spot Weakness"],"picked":"Cleave","floor":12},{"not_picked":["Flex","Anger"],"picked":"Wild Strike","floor":14},{"not_picked":["Demon Form","Double Tap"],"picked":"Corruption","floor":16},{"not_picked":["Clothesline+1","Flex"],"picked":"True Grit","floor":18},{"not_picked":["Armaments","Cleave"],"picked":"Metallicize+1","floor":21},{"not_picked":["Ghostly Armor","Thunderclap"],"picked":"Dark Embrace","floor":22},{"not_picked":["Hemokinesis+1","Twin Strike"],"picked":"Havoc","floor":27},{"not_picked":["Pommel Strike","Pummel"],"picked":"Iron Wave+1","floor":30}],"player_experience":1351530,"relics_obtained":[{"floor":6,"key":"Whetstone"},{"floor":8,"key":"CaptainsWheel"},{"floor":9,"key":"Mercury Hourglass"},{"floor":12,"key":"Ornamental Fan"},{"floor":26,"key":"Bottled Tornado"},{"floor":27,"key":"StoneCalendar"}],"event_choices":[{"damage_healed":0,"gold_gain":0,"player_choice":"Left Gold","damage_taken":0,"max_hp_gain":0,"max_hp_loss":0,"event_name":"World of Goop","floor":10,"gold_loss":26},{"damage_healed":0,"gold_gain":0,"player_choice":"Fled","damage_taken":0,"max_hp_gain":0,"max_hp_loss":0,"event_name":"Scrap Ooze","floor":13,"gold_loss":0},{"cards_removed":["Corruption"],"damage_healed":0,"gold_gain":0,"player_choice":"Elegance","damage_taken":0,"max_hp_gain":0,"max_hp_loss":0,"event_name":"Back to Basics","floor":19,"gold_loss":0},{"damage_healed":0,"gold_gain":0,"player_choice":"Opened","damage_taken":0,"relics_obtained":["Mummified Hand"],"max_hp_gain":0,"max_hp_loss":0,"event_name":"The Mausoleum","floor":20,"gold_loss":0},{"damage_healed":0,"gold_gain":0,"player_choice":"Shed Blood","damage_taken":20,"max_hp_gain":5,"max_hp_loss":0,"event_name":"Forgotten Altar","floor":28,"gold_loss":0},{"damage_healed":0,"gold_gain":0,"player_choice":"Became a Ghost","damage_taken":0,"max_hp_gain":0,"max_hp_loss":43,"event_name":"Ghosts","floor":31,"gold_loss":0,"cards_obtained":["Ghostly","Ghostly","Ghostly","Ghostly","Ghostly"]}],"is_beta":false,"boss_relics":[{"not_picked":["Black Blood","Runic Dome"],"picked":"Pandora\u0027s Box"}],"items_purged_floors":[24],"is_endless":false,"potions_floor_spawned":[2,6,12,16,18,27],"killed_by":"Collector","ascension_level":5}}