{"host":"8u7tvcybuv0u72fd","time":1612589960,"event":{"mods":["BaseMod","BetterRewards","Colored Map","Colored Powertips","Minty Spire (QoL Compilation)","Quick Restart","Shop Mod"],"gold_per_floor":[114,125,125,145,161,194,219,219,219,230,243,260,260,304,304,427,427,442,442,461,461,486,486,526,238,319,319,362,380,380,404,404,530,530,545,545,568,901,234,234,268,268,294,294,319,319,346,346,346,346,346,346,44,69,69],"floor_reached":56,"language":"ENG","playtime":2846,"items_purged":["Strike_R","Offering"],"score":1728,"play_id":"1b4e0238-1723-44ae-b84a-8c072aeb557b","local_time":"20210206003920","is_ascension_mode":false,"campfire_choices":[{"data":"Bash","floor":8.0,"key":"SMITH"},{"data":"Body Slam","floor":15.0,"key":"SMITH"},{"data":"Barricade","floor":23.0,"key":"SMITH"},{"data":"Uppercut","floor":27.0,"key":"SMITH"},{"data":"Metallicize","floor":30.0,"key":"SMITH"},{"data":"Defend_R","floor":32.0,"key":"SMITH"},{"data":"Sadistic Nature","floor":40.0,"key":"SMITH"},{"data":"Shrug It Off","floor":42.0,"key":"SMITH"},{"data":"Berserk","floor":44.0,"key":"SMITH"},{"floor":49,"key":"RECALL"},{"data":"1","floor":52,"key":"LIFT"}],"circlet_count":0,"master_deck":["Strike_R","Strike_R+1","Strike_R+1","Strike_R","Defend_R+1","Defend_R","Defend_R","Defend_R","Bash+1","Body Slam+1","Barricade+1","Uppercut+1","Metallicize+1","Iron Wave+1","Berserk+1","CurseOfTheBell","Shrug It Off+1","Sadistic Nature+1","Bandage Up"],"relics":["Burning Blood","Singing Bowl","Anchor","WarpedTongs","Paper Frog","Odd Mushroom","Blue Candle","Red Skull","Velvet Choker","Dream Catcher","Turnip","Self Forming Clay","Oddly Smooth Stone","Calling Bell","Juzu Bracelet","Pear","Girya","Ornamental Fan","Question Card","Eternal Feather","Whetstone","Membership Card","Mango","White Beast Statue"],"acts_visited":["Exordium","TheCity","TheBeyond","TheEnding"],"potions_floor_usage":[55,55,55],"damage_taken":[{"damage":3.0,"enemies":"Jaw Worm","floor":1.0,"turns":3.0},{"damage":1.0,"enemies":"Cultist","floor":2.0,"turns":3.0},{"damage":2.0,"enemies":"2 Louse","floor":4.0,"turns":2.0},{"damage":16.0,"enemies":"Large Slime","floor":5.0,"turns":7.0},{"damage":33.0,"enemies":"3 Sentries","floor":6.0,"turns":7.0},{"damage":18.0,"enemies":"The Mushroom Lair","floor":7.0,"turns":4.0},{"damage":7.0,"enemies":"Looter","floor":10.0,"turns":2.0},{"damage":6.0,"enemies":"Lots of Slimes","floor":11.0,"turns":6.0},{"damage":1.0,"enemies":"Exordium Wildlife","floor":12.0,"turns":2.0},{"damage":22.0,"enemies":"Lagavulin","floor":14.0,"turns":6.0},{"damage":7.0,"enemies":"Slime Boss","floor":16.0,"turns":6.0},{"damage":11.0,"enemies":"2 Thieves","floor":18.0,"turns":4.0},{"damage":19.0,"enemies":"Shell Parasite","floor":20.0,"turns":4.0},{"damage":6.0,"enemies":"Cultist and Chosen","floor":22.0,"turns":6.0},{"damage":15.0,"enemies":"Slavers","floor":24.0,"turns":6.0},{"damage":6.0,"enemies":"Book of Stabbing","floor":28.0,"turns":5.0},{"damage":6.0,"enemies":"Centurion and Healer","floor":29.0,"turns":5.0},{"damage":0.0,"enemies":"Sentry and Sphere","floor":31.0,"turns":6.0},{"damage":12.0,"enemies":"Champ","floor":33.0,"turns":8.0},{"damage":6.0,"enemies":"3 Darklings","floor":35.0,"turns":7.0},{"damage":6.0,"enemies":"Orb Walker","floor":37.0,"turns":4.0},{"damage":0.0,"enemies":"Giant Head","floor":41.0,"turns":9.0},{"damage":24.0,"enemies":"Nemesis","floor":45.0,"turns":10.0},{"damage":26,"enemies":"Time Eater","floor":50,"turns":15},{"damage":131,"enemies":"Shield and Spear","floor":54,"turns":13},{"damage":17,"enemies":"The Heart","floor":55,"turns":11}],"seed_played":"-4061364009916040254","potions_obtained":[{"floor":5.0,"key":"Swift Potion"},{"floor":7.0,"key":"Regen Potion"},{"floor":10.0,"key":"Strength Potion"},{"floor":14.0,"key":"Explosive Potion"},{"floor":18.0,"key":"GamblersBrew"},{"floor":24.0,"key":"LiquidMemories"},{"floor":35.0,"key":"HeartOfIron"}],"is_trial":false,"path_per_floor":["M","M","?","M","M","E","?","R","T","M","M","M","?","E","R","B",null,"M","?","M","?","M","R","E","$","T","R","E","M","R","M","R","B",null,"M","?","M","?","$","R","E","R","T","R","E","?","T","?","R","B",null,"R","$","E","B",null],"character_chosen":"IRONCLAD","items_purchased":["Singing Bowl","Anchor","Turnip","Shrug It Off","Ornamental Fan","LiquidBronze","Sadistic Nature","Membership Card","Mango"],"campfire_rested":0,"item_purchase_floors":[0,0,25,39,39,39,39,53,53],"current_hp_per_floor":[65,72,72,78,68,43,33,33,33,32,49,56,56,42,42,41,87,84,84,71,71,73,73,64,64,64,64,66,66,66,74,74,68,105,107,107,109,109,109,109,111,111,111,111,95,95,95,89,98,78,117,117,131,14,9],"gold":69,"neow_bonus":"","is_daily":false,"chose_seed":false,"campfire_upgraded":9,"win_rate":0.0,"timestamp":1612589960,"path_taken":["M","M","?","M","?","E","?","R","T","M","M","M","?","E","R","BOSS","M","?","?","?","?","R","E","$","T","R","E","M","R","M","R","BOSS","M","?","M","?","$","R","E","R","T","R","E","?","?","?","R","BOSS","R","$","E","BOSS"],"items_purchased_type":["Relic","Relic","Relic","Card","Relic","Potion","Card","Relic","Relic"],"build_version":"2020-12-22","purchased_purges":2,"victory":true,"max_hp_per_floor":[80,82,82,84,84,86,88,88,88,88,90,92,85,87,87,87,87,89,89,89,89,91,91,91,91,91,91,93,93,93,95,95,95,105,107,107,109,109,109,109,111,111,111,111,113,113,113,117,117,117,117,117,131,133,133],"card_choices":[{"not_picked":["Havoc","Sentinel"],"picked":"Headbutt","floor":1.0},{"not_picked":["Second Wind","Burning Pact","Thunderclap"],"picked":"Singing Bowl","floor":2.0},{"not_picked":["Pommel Strike","Sever Soul","Sword Boomerang"],"picked":"Singing Bowl","floor":4.0},{"not_picked":["Searing Blow","Dropkick"],"picked":"Offering","floor":5.0},{"not_picked":["Havoc","Rupture","Thunderclap"],"picked":"Singing Bowl","floor":6.0},{"not_picked":["Power Through","Wild Strike","Cleave"],"picked":"Singing Bowl","floor":7.0},{"not_picked":["Iron Wave","Perfected Strike"],"picked":"Body Slam","floor":10.0},{"not_picked":["Rampage","Anger","Thunderclap"],"picked":"Singing Bowl","floor":11.0},{"not_picked":["Rupture","Reckless Charge","Wild Strike"],"picked":"Singing Bowl","floor":12.0},{"not_picked":["Sword Boomerang","Fire Breathing","Infernal Blade"],"picked":"Singing Bowl","floor":14.0},{"not_picked":["Offering","Corruption"],"picked":"Barricade","floor":16.0},{"not_picked":["Pommel Strike","Clothesline+1","Burning Pact"],"picked":"Singing Bowl","floor":18.0},{"not_picked":["Feel No Pain+1","Armaments"],"picked":"Uppercut","floor":20.0},{"not_picked":["Body Slam","Cleave","Clash"],"picked":"Singing Bowl","floor":22.0},{"not_picked":["Sentinel","Rampage"],"picked":"Metallicize","floor":24.0},{"not_picked":["Clothesline","Carnage","Fire Breathing+1"],"picked":"Singing Bowl","floor":28.0},{"not_picked":["Rupture","Clash"],"picked":"Iron Wave+1","floor":29.0},{"not_picked":["Spot Weakness+1","Pommel Strike","Armaments+1"],"picked":"Singing Bowl","floor":31.0},{"not_picked":["Exhume","Offering"],"picked":"Berserk","floor":33.0},{"not_picked":["Cleave+1","Armaments","Anger"],"picked":"Singing Bowl","floor":35.0},{"not_picked":["Bludgeon","Perfected Strike","Body Slam"],"picked":"Singing Bowl","floor":37.0},{"not_picked":["Carnage+1","Perfected Strike+1","Havoc"],"picked":"Singing Bowl","floor":41.0},{"not_picked":["True Grit","Seeing Red+1","Bloodletting+1","Ghostly Armor+1"],"picked":"Singing Bowl","floor":45.0},{"not_picked":["Jack Of All Trades","Magnetism","Mind Blast","Dramatic Entrance"],"picked":"Singing Bowl","floor":48},{"not_picked":["Metamorphosis","Magnetism","Transmutation","Apotheosis"],"picked":"Singing Bowl","floor":48},{"not_picked":["Discovery","Trip","Dark Shackles"],"picked":"Bandage Up","floor":48},{"not_picked":["Sword Boomerang+1","Thunderclap+1","Wild Strike","Sever Soul+1"],"picked":"Singing Bowl","floor":54}],"player_experience":1502226,"relics_obtained":[{"floor":6.0,"key":"Paper Frog"},{"floor":7.0,"key":"Odd Mushroom"},{"floor":9.0,"key":"Blue Candle"},{"floor":14.0,"key":"Red Skull"},{"floor":24.0,"key":"Dream Catcher"},{"floor":26.0,"key":"Self Forming Clay"},{"floor":28.0,"key":"Oddly Smooth Stone"},{"floor":34.0,"key":"Juzu Bracelet"},{"floor":34.0,"key":"Pear"},{"floor":34.0,"key":"Girya"},{"floor":41.0,"key":"Question Card"},{"floor":45.0,"key":"Eternal Feather"},{"floor":47.0,"key":"Whetstone"},{"floor":54,"key":"White Beast Statue"}],"event_choices":[{"damage_healed":0.0,"max_hp_gain":0.0,"max_hp_loss":0.0,"gold_gain":0.0,"event_name":"Accursed Blacksmith","player_choice":"Rummage","floor":3.0,"gold_loss":0.0,"damage_taken":0.0,"relics_obtained":["WarpedTongs"],"cards_obtained":["Pain"]},{"damage_healed":0.0,"max_hp_gain":0.0,"max_hp_loss":0.0,"gold_gain":0.0,"event_name":"Mushrooms","player_choice":"Fought Mushrooms","floor":7.0,"gold_loss":0.0,"damage_taken":0.0},{"damage_healed":0.0,"max_hp_gain":0.0,"max_hp_loss":7.0,"gold_gain":0.0,"event_name":"Golden Idol","player_choice":"Lose Max HP","floor":13.0,"gold_loss":0.0,"damage_taken":0.0,"relics_obtained":["Golden Idol"]},{"damage_healed":0.0,"max_hp_gain":0.0,"max_hp_loss":0.0,"gold_gain":0.0,"event_name":"Match and Keep!","player_choice":"0 cards matched","floor":19.0,"gold_loss":0.0,"damage_taken":0.0,"cards_obtained":[]},{"cards_removed":["Pain"],"damage_healed":0.0,"max_hp_gain":0.0,"max_hp_loss":0.0,"gold_gain":0.0,"event_name":"Purifier","player_choice":"Purged","floor":21.0,"gold_loss":0.0,"damage_taken":0.0},{"cards_removed":["Headbutt"],"damage_healed":0.0,"max_hp_gain":0.0,"max_hp_loss":0.0,"gold_gain":0.0,"event_name":"Falling","player_choice":"Removed Attack","floor":36.0,"gold_loss":0.0,"damage_taken":0.0},{"damage_healed":0.0,"max_hp_gain":0.0,"max_hp_loss":0.0,"gold_gain":333.0,"event_name":"The Moai Head","player_choice":"Gave Idol","floor":38.0,"relics_lost":["Golden Idol"],"gold_loss":0.0,"damage_taken":0.0},{"damage_healed":0.0,"max_hp_gain":0.0,"max_hp_loss":0.0,"gold_gain":0.0,"event_name":"Mysterious Sphere","player_choice":"Ignored","floor":46.0,"gold_loss":0.0,"damage_taken":0.0},{"damage_healed":0,"gold_gain":0,"player_choice":"Memory 3","damage_taken":10,"max_hp_gain":0,"max_hp_loss":0,"event_name":"SensoryStone","floor":48,"gold_loss":0}],"is_beta":false,"boss_relics":[{"not_picked":["Cursed Key","SlaversCollar"],"picked":"Velvet Choker"},{"not_picked":["Runic Cube","Black Star"],"picked":"Calling Bell"}],"items_purged_floors":[0,39],"is_endless":false,"potions_floor_spawned":[5,7,10,14,16,18,20,24,33,35,41],"ascension_level":0}}