{"host":"ek3xvuouaw6vk9if","time":1612648948,"event":{"mods":["BaseMod","BetterRewards","Curses Come First","Dark Map","Hubris","Minty Spire (QoL Compilation)","Permanent Neow","Quick Restart","Relic Stats","Replay The Spire","Robot Space Explorer","Spire Arcade","StSLib","The Cursed"],"gold_per_floor":[110,126,146,146,157,157,182,182,182,195,214,246,0,50,50,125,125,136,152,166,166,176,206,1,13,13,13,25,58,71,71,71,145,145,158,23,37,50,61,61,95,112,186,202,202,202,202],"floor_reached":46,"language":"ENG","playtime":3431,"items_purged":["Strike_G"],"score":1133,"play_id":"29ef80ea-cf11-471a-9f75-c8dfed310bbc","local_time":"20210206170228","is_ascension_mode":true,"campfire_choices":[{"data":"Blade Dance","floor":6,"key":"SMITH"},{"data":"Burst","floor":8,"key":"SMITH"},{"data":"Blade Dance","floor":15,"key":"SMITH"},{"data":"Blade Dance","floor":27,"key":"SMITH"},{"data":"Choke","floor":32,"key":"SMITH"},{"data":"A Thousand Cuts","floor":40,"key":"SMITH"},{"data":"Footwork","floor":45,"key":"SMITH"}],"circlet_count":0,"master_deck":["AscendersBane","Strike_G","Defend_G","Defend_G","Defend_G","Defend_G","Defend_G","Survivor","Neutralize","Blade Dance+1","Blade Dance","Blade Dance+1","Adrenaline+1","Burst+1","Tactician+1","ReplayTheSpireMod:Speed Training","After Image+1","Cloak And Dagger+1","Replay:Bag of Tricks+1","Reflex","Footwork+1","Blade Dance+1","Choke+1","A Thousand Cuts+1","Deflect","Blade Dance+1"],"relics":["Ring of the Snake","Blood Vial","Eternal Feather","ReplayFunnel","Ornamental Fan","HandDrill","Replay:Grab Bag","Sozu","ReplayTheSpireMod:DimensionalGlitch","hubris:Backtick","Shuriken","The Courier","Guide Book","Pet Ghost","Bag of Marbles","Replay:Drink Me","Replay:Baseball","Sundial","Replay:WaspNest"],"acts_visited":["Exordium","TheCity","TheBeyond"],"potions_floor_usage":[5,16,35,46],"damage_taken":[{"damage":1,"enemies":"Jaw Worm","floor":1,"turns":3},{"damage":1,"enemies":"Cultist","floor":2,"turns":3},{"damage":0,"enemies":"2 Louse","floor":3,"turns":2},{"damage":0,"enemies":"Exordium Thugs","floor":5,"turns":2},{"damage":32,"enemies":"Gremlin Nob","floor":7,"turns":4},{"damage":2,"enemies":"Red Slaver","floor":10,"turns":2},{"damage":8,"enemies":"Gremlin Gang","floor":11,"turns":4},{"damage":9,"enemies":"3 Sentries","floor":12,"turns":7},{"damage":8,"enemies":"The Guardian","floor":16,"turns":11},{"damage":14,"enemies":"2 Thieves","floor":18,"turns":4},{"damage":0,"enemies":"3 Byrds","floor":19,"turns":4},{"damage":0,"enemies":"3 Cultists","floor":20,"turns":6},{"damage":0,"enemies":"Centurion and Healer","floor":22,"turns":3},{"damage":8,"enemies":"Book of Stabbing","floor":23,"turns":4},{"damage":0,"enemies":"Cultist and Chosen","floor":25,"turns":5},{"damage":0,"enemies":"Snake Plant","floor":28,"turns":3},{"damage":0,"enemies":"Slavers","floor":29,"turns":4},{"damage":0,"enemies":"Sentry and Sphere","floor":30,"turns":3},{"damage":28,"enemies":"Collector","floor":33,"turns":7},{"damage":0,"enemies":"3 Darklings","floor":35,"turns":3},{"damage":11,"enemies":"3 Shapes","floor":37,"turns":3},{"damage":11,"enemies":"Maw","floor":38,"turns":6},{"damage":0,"enemies":"Jaw Worm Horde","floor":39,"turns":3},{"damage":0,"enemies":"R_Hoarder","floor":41,"turns":5},{"damage":0,"enemies":"Transient","floor":42,"turns":6},{"damage":0,"enemies":"Maw","floor":44,"turns":4},{"damage":51,"enemies":"2 Orb Walkers","floor":46,"turns":3}],"seed_played":"-8139821809610866964","potions_obtained":[{"floor":2,"key":"Energy Potion"},{"floor":3,"key":"AttackPotion"},{"floor":11,"key":"Reflective Coating"},{"floor":12,"key":"Strength Potion"},{"floor":16,"key":"Poison Potion"}],"is_trial":false,"path_per_floor":["M","M","M","?","M","R","E","R","T","M","M","E","$","?","R","B",null,"M","M","M","?","M","E","$","M","T","R","M","E","M","$","R","B",null,"M","$","M","M","M","R","E","M","T","M","R","?"],"character_chosen":"THE_SILENT","items_purchased":["Blade Dance","Blood Vial","HandDrill","Footwork","Guide Book","Replay:Baseball"],"campfire_rested":0,"item_purchase_floors":[0,0,13,24,24,36],"current_hp_per_floor":[60,61,63,63,65,65,34,43,43,43,37,30,30,30,39,33,58,45,46,47,47,48,41,41,42,42,57,58,59,60,60,66,38,47,48,48,38,28,29,44,45,46,46,47,50,0,0],"gold":202,"neow_bonus":"","is_daily":false,"chose_seed":false,"campfire_upgraded":7,"win_rate":0.0,"timestamp":1612648948,"path_taken":["M","M","M","?","M","R","E","R","T","M","M","E","$","?","R","BOSS","M","M","?","?","M","E","$","M","T","R","M","E","M","?","R","BOSS","M","$","M","M","M","R","E","?","T","M","R","?"],"items_purchased_type":["Card","Relic","Relic","Card","Relic","Relic"],"build_version":"2020-12-22","purchased_purges":1,"victory":false,"max_hp_per_floor":[66,66,66,66,66,66,66,66,66,66,66,66,66,66,66,66,66,66,66,66,66,66,66,66,66,66,66,66,66,66,66,66,66,50,50,50,50,50,50,50,50,50,50,50,50,50,50],"relic_stats":{"Blood Vial":33,"Sozu":9,"counters":[36,162],"Ornamental Fan":[556],"Shuriken":[128],"Sundial":[2],"Eternal Feather":57,"HandDrill":[56],"obtain_stats":[{"ReplayFunnel":9,"Divine Protection":6,"Replay:Grab Bag":17,"Guide Book":24,"Circlet":0,"Eternal Feather":7,"The Courier":23,"Replay:WaspNest":43,"Pet Ghost":26,"Blood Vial":0,"Sozu":17,"Replay:Baseball":10,"hubris:Backtick":17,"Ornamental Fan":12,"Shuriken":17,"Sundial":41,"Coffee Dripper":0,"HandDrill":13,"Bag of Marbles":29,"Grinning Jar":0,"Toxic Egg 2":9,"ReplayTheSpireMod:DimensionalGlitch":17,"Replay:Drink Me":34,"Ring of the Snake":0},{"ReplayFunnel":14,"Divine Protection":6,"Replay:Grab Bag":18,"Guide Book":23,"Circlet":0,"Eternal Feather":14,"The Courier":23,"Replay:WaspNest":34,"Pet Ghost":24,"Blood Vial":9,"Sozu":18,"Replay:Baseball":8,"hubris:Backtick":18,"Ornamental Fan":17,"Shuriken":18,"Sundial":33,"Coffee Dripper":0,"HandDrill":17,"Bag of Marbles":26,"Grinning Jar":0,"Toxic Egg 2":7,"ReplayTheSpireMod:DimensionalGlitch":18,"Replay:Drink Me":28,"Ring of the Snake":0},{"ReplayFunnel":62,"Divine Protection":33,"Replay:Grab Bag":86,"Guide Book":107,"Circlet":0,"Eternal Feather":62,"The Courier":107,"Replay:WaspNest":155,"Pet Ghost":112,"Blood Vial":48,"Sozu":86,"Replay:Baseball":44,"hubris:Backtick":86,"Ornamental Fan":75,"Shuriken":86,"Sundial":149,"Coffee Dripper":0,"HandDrill":75,"Bag of Marbles":119,"Grinning Jar":0,"Toxic Egg 2":36,"ReplayTheSpireMod:DimensionalGlitch":86,"Replay:Drink Me":129,"Ring of the Snake":0}],"Ring of the Snake":[72]},"card_choices":[{"not_picked":["Bouncing Flask","Flying Knee","Cloak And Dagger"],"picked":"SKIP","floor":1},{"not_picked":["Eviscerate","Slice"],"picked":"Blade Dance","floor":2},{"not_picked":["Dagger Throw","Sneak Up"],"picked":"Adrenaline","floor":3},{"not_picked":["Toxin Wave","Dash","Underhanded Strike"],"picked":"SKIP","floor":5},{"not_picked":["Well Laid Plans","ReplayTheSpireMod:Speed Training"],"picked":"Burst","floor":7},{"not_picked":["Sucker Punch","PiercingWail","Flying Knee"],"picked":"SKIP","floor":10},{"not_picked":["Reflex","Backflip"],"picked":"Tactician","floor":11},{"not_picked":["Hidden Blade","Poisoned Stab"],"picked":"ReplayTheSpireMod:Speed Training","floor":12},{"not_picked":["Glass Knife","Atom Bomb"],"picked":"After Image","floor":16},{"not_picked":["Quick Slash","Deadly Poison"],"picked":"Cloak And Dagger+1","floor":18},{"not_picked":["Quick Slash","Riddle With Holes","Deadly Poison"],"picked":"SKIP","floor":19},{"not_picked":["Concentrate","Hidden Blade"],"picked":"Replay:Bag of Tricks","floor":20},{"not_picked":["Sucker Punch","All Out Attack","hubris:Counter"],"picked":"SKIP","floor":22},{"not_picked":["Outmaneuver","Dodge and Roll"],"picked":"Reflex","floor":23},{"not_picked":["Sucker Punch","Acrobatics"],"picked":"Blade Dance","floor":25},{"not_picked":["Blade Dance","Outmaneuver","hubris:SlightOfHand"],"picked":"SKIP","floor":28},{"not_picked":["ReplayTheSpireMod:The Works","Deadly Poison","Slice"],"picked":"SKIP","floor":29},{"not_picked":["Expertise","Poisoned Stab"],"picked":"Choke","floor":30},{"not_picked":["ReplayTheSpireMod:From All Sides","Grand Finale"],"picked":"A Thousand Cuts","floor":33},{"not_picked":["Bane","Dagger Throw+1"],"picked":"Deflect","floor":35},{"not_picked":["All Out Attack","Bouncing Flask","Dagger Spray"],"picked":"SKIP","floor":37},{"not_picked":["hubris:Counter","Prepared","Dodge and Roll"],"picked":"SKIP","floor":38},{"not_picked":["Toxin Wave","All Out Attack","Flying Knee"],"picked":"SKIP","floor":39},{"not_picked":["Toxin Wave+1","Skewer"],"picked":"Blade Dance+1","floor":41},{"not_picked":["Eviscerate","Dagger Spray","Dash+1"],"picked":"SKIP","floor":42},{"not_picked":["Crippling Poison","Dodge and Roll","Flechettes"],"picked":"SKIP","floor":44}],"player_experience":544036,"relics_obtained":[{"floor":7,"key":"Eternal Feather"},{"floor":9,"key":"ReplayFunnel"},{"floor":12,"key":"Ornamental Fan"},{"floor":23,"key":"The Courier"},{"floor":26,"key":"Pet Ghost"},{"floor":29,"key":"Bag of Marbles"},{"floor":41,"key":"Sundial"},{"floor":43,"key":"Replay:WaspNest"}],"event_choices":[{"damage_healed":0,"gold_gain":0,"player_choice":"Grow","damage_taken":0,"max_hp_gain":0,"max_hp_loss":0,"event_name":"Living Wall","floor":4,"gold_loss":0,"cards_upgraded":["Adrenaline"]},{"damage_healed":0,"gold_gain":50,"player_choice":"Pray","damage_taken":0,"max_hp_gain":0,"max_hp_loss":0,"event_name":"Golden Shrine","floor":14,"gold_loss":0},{"damage_healed":0,"gold_gain":0,"player_choice":"Forge","damage_taken":0,"max_hp_gain":0,"max_hp_loss":0,"event_name":"Accursed Blacksmith","floor":21,"gold_loss":0,"cards_upgraded":["Replay:Bag of Tricks"]},{"damage_healed":0,"gold_gain":0,"player_choice":"Fight","damage_taken":0,"max_hp_gain":0,"max_hp_loss":0,"event_name":"Mysterious Sphere","floor":46,"gold_loss":0}],"is_beta":false,"boss_relics":[{"not_picked":["hubris:RunicObelisk","Velvet Choker"],"picked":"Replay:Grab Bag"},{"not_picked":["ReplayTheSpireMod:Onyx Gauntlets","ChewingGum"],"picked":"Sozu"},{"not_picked":["Philosopher\u0027s Stone","Coffee Dripper"],"picked":"ReplayTheSpireMod:DimensionalGlitch"},{"not_picked":["Astrolabe","Runic Pyramid"],"picked":"hubris:Backtick"},{"not_picked":["Snecko Heart","Ring of the Serpent"],"picked":"Replay:Drink Me"}],"items_purged_floors":[13],"is_endless":false,"potions_floor_spawned":[2,3,11,12,16,19,20,22,25,30,37,38,41,44],"killed_by":"2 Orb Walkers","ascension_level":18}}