{"host":"0rw6szqh3yi1u2jw","time":1612583254,"event":{"mods":["BaseMod","Bestiary","Minty Spire (QoL Compilation)"],"gold_per_floor":[109,109,109,129,140,171,171,198,198,227,237,237,312,326,326,423,423,433,433,452,184,201,201,201,201,201,201,201],"floor_reached":27,"language":"ENG","playtime":1519,"items_purged":["Defend_R"],"score":243,"play_id":"26d063f6-84a6-4871-869b-9b517032b2ff","local_time":"20210205224734","is_ascension_mode":true,"campfire_choices":[{"data":"True Grit","floor":7,"key":"SMITH"},{"data":"Metallicize","floor":12,"key":"SMITH"},{"data":"Armaments","floor":15,"key":"SMITH"},{"data":"Fiend Fire","floor":23,"key":"SMITH"},{"data":"Uppercut","floor":25,"key":"SMITH"}],"circlet_count":0,"master_deck":["Strike_R","Strike_R","Strike_R","Defend_R","Defend_R","Defend_R","Bash","Metallicize+1","Ghostly Armor","Clothesline","Armaments+1","True Grit+1","Dual Wield","Intimidate","Uppercut+1","Fiend Fire+1","Exhume","Flex+1","Feel No Pain+1","Flame Barrier","Power Through"],"relics":["Burning Blood","NeowsBlessing","WarpedTongs","PreservedInsect","Unceasing Top","Mummified Hand","Pen Nib","Coffee Dripper","Lantern","Sundial"],"acts_visited":["Exordium","TheCity"],"potions_floor_usage":[8,16],"damage_taken":[{"damage":0,"enemies":"Small Slimes","floor":1,"turns":1},{"damage":0,"enemies":"Jaw Worm","floor":4,"turns":1},{"damage":0,"enemies":"Cultist","floor":5,"turns":1},{"damage":22,"enemies":"Gremlin Nob","floor":6,"turns":6},{"damage":5,"enemies":"Lagavulin","floor":8,"turns":8},{"damage":17,"enemies":"3 Sentries","floor":10,"turns":9},{"damage":12,"enemies":"3 Louse","floor":11,"turns":5},{"damage":2,"enemies":"Blue Slaver","floor":14,"turns":4},{"damage":29,"enemies":"The Guardian","floor":16,"turns":13},{"damage":18,"enemies":"Spheric Guardian","floor":18,"turns":4},{"damage":2,"enemies":"Chosen","floor":20,"turns":5},{"damage":18,"enemies":"3 Cultists","floor":22,"turns":8},{"damage":63,"enemies":"Gremlin Leader","floor":27,"turns":7}],"seed_played":"5107784289961346913","potions_obtained":[{"floor":1,"key":"LiquidMemories"},{"floor":6,"key":"Energy Potion"},{"floor":11,"key":"Fire Potion"},{"floor":18,"key":"Ancient Potion"},{"floor":22,"key":"BloodPotion"}],"is_trial":false,"path_per_floor":["M","?","?","M","M","E","R","E","T","E","M","R","?","M","R","B",null,"M","?","M","$","M","R","?","R","T","E"],"character_chosen":"IRONCLAD","items_purchased":["Lantern","Flame Barrier"],"campfire_rested":0,"item_purchase_floors":[21,21],"current_hp_per_floor":[80,80,80,80,80,64,64,65,65,54,48,48,37,41,41,18,80,68,68,72,72,60,60,60,60,60,0,0],"gold":201,"neow_bonus":"THREE_ENEMY_KILL","is_daily":false,"chose_seed":false,"campfire_upgraded":5,"win_rate":0.0,"timestamp":1612583254,"path_taken":["M","?","?","M","?","E","R","E","T","E","M","R","?","M","R","BOSS","M","?","M","$","?","R","?","R","T","E"],"items_purchased_type":["Relic","Card"],"build_version":"2020-12-22","purchased_purges":1,"victory":false,"max_hp_per_floor":[80,80,80,80,80,80,80,80,80,80,80,80,80,80,80,80,80,80,80,80,80,80,80,80,80,80,80,80],"card_choices":[{"not_picked":["Pommel Strike","Intimidate"],"picked":"Metallicize","floor":1},{"not_picked":["Searing Blow","Thunderclap"],"picked":"Clothesline","floor":4},{"not_picked":["Thunderclap","Sword Boomerang"],"picked":"Armaments","floor":5},{"not_picked":["Body Slam","Anger"],"picked":"True Grit","floor":6},{"not_picked":["Warcry","Heavy Blade"],"picked":"Dual Wield","floor":8},{"not_picked":["Sword Boomerang","Bloodletting"],"picked":"Intimidate","floor":10},{"not_picked":["Headbutt","Dual Wield"],"picked":"Uppercut","floor":11},{"not_picked":["Sword Boomerang","Body Slam"],"picked":"Fiend Fire","floor":14},{"not_picked":["Berserk","Limit Break"],"picked":"Exhume","floor":16},{"not_picked":["Shrug It Off","Armaments"],"picked":"Flex+1","floor":18},{"not_picked":["Warcry","Offering"],"picked":"Feel No Pain+1","floor":20},{"not_picked":["Heavy Blade","Cleave"],"picked":"Power Through","floor":22}],"player_experience":114794,"relics_obtained":[{"floor":6,"key":"PreservedInsect"},{"floor":8,"key":"Unceasing Top"},{"floor":9,"key":"Mummified Hand"},{"floor":10,"key":"Pen Nib"},{"floor":26,"key":"Sundial"}],"event_choices":[{"damage_healed":0,"gold_gain":0,"cards_transformed":["Strike_R"],"player_choice":"Change","damage_taken":0,"max_hp_gain":0,"max_hp_loss":0,"event_name":"Living Wall","floor":2,"gold_loss":0,"cards_obtained":["Ghostly Armor"]},{"damage_healed":0,"gold_gain":0,"player_choice":"Rummage","damage_taken":0,"relics_obtained":["WarpedTongs"],"max_hp_gain":0,"max_hp_loss":0,"event_name":"Accursed Blacksmith","floor":3,"gold_loss":0,"cards_obtained":["Pain"]},{"damage_healed":0,"gold_gain":75,"player_choice":"Gather Gold","damage_taken":11,"max_hp_gain":0,"max_hp_loss":0,"event_name":"World of Goop","floor":13,"gold_loss":0},{"cards_removed":["Pain"],"damage_healed":0,"gold_gain":0,"player_choice":"Removed Curses","damage_taken":0,"max_hp_gain":0,"max_hp_loss":0,"event_name":"Fountain of Cleansing","floor":19,"gold_loss":0},{"cards_removed":["Strike_R"],"damage_healed":0,"gold_gain":0,"player_choice":"Purged","damage_taken":0,"max_hp_gain":0,"max_hp_loss":0,"event_name":"Purifier","floor":24,"gold_loss":0}],"is_beta":false,"boss_relics":[{"not_picked":["Runic Dome","Cursed Key"],"picked":"Coffee Dripper"}],"items_purged_floors":[21],"is_endless":false,"potions_floor_spawned":[1,6,11,18,22],"killed_by":"Gremlin Leader","ascension_level":1}}