{"host":"FirstDane","time":1612581158,"event":{"mods":["BaseMod","Bestiary","Highlight Path","Minty Spire (QoL Compilation)","Relic Stats","Slay the Relics Exporter","StSLib"],"gold_per_floor":[114,126,138,138,157,157,188,204,204,204,204],"floor_reached":10,"language":"ENG","playtime":492,"items_purged":[],"score":140,"play_id":"4669b8fd-b118-49cd-b4c6-e0a7a3c3d0d2","local_time":"20210205211238","is_ascension_mode":true,"campfire_choices":[{"data":"Defragment","floor":6,"key":"SMITH"}],"circlet_count":0,"master_deck":["AscendersBane","Strike_B","Strike_B","Strike_B","Strike_B","Defend_B","Defend_B","Defend_B","Defend_B","Zap","Dualcast","Sweeping Beam","Tempest","Turbo","Reboot","Defragment+1","Double Energy","Tempest"],"relics":["Cracked Core","Du-Vu Doll","Mummified Hand"],"acts_visited":["Exordium"],"potions_floor_usage":[7,8],"damage_taken":[{"damage":6,"enemies":"2 Louse","floor":1,"turns":2},{"damage":0,"enemies":"Cultist","floor":2,"turns":3},{"damage":4,"enemies":"Small Slimes","floor":3,"turns":3},{"damage":28,"enemies":"Exordium Thugs","floor":5,"turns":4},{"damage":20,"enemies":"3 Sentries","floor":7,"turns":5},{"damage":6,"enemies":"Red Slaver","floor":8,"turns":3},{"damage":7,"enemies":"Gremlin Nob","floor":10,"turns":2}],"seed_played":"-5352203430070834576","potions_obtained":[{"floor":5,"key":"Explosive Potion"},{"floor":7,"key":"Weak Potion"}],"is_trial":false,"path_per_floor":["M","M","M","?","M","R","E","M","T","E"],"character_chosen":"DEFECT","items_purchased":[],"campfire_rested":0,"item_purchase_floors":[],"current_hp_per_floor":[65,65,61,61,33,33,13,7,7,0,0],"gold":204,"neow_bonus":"TEN_PERCENT_HP_BONUS","is_daily":false,"chose_seed":false,"campfire_upgraded":1,"win_rate":0.0,"timestamp":1612581158,"path_taken":["M","M","M","?","M","R","E","?","T","E"],"items_purchased_type":[],"build_version":"2020-12-18","purchased_purges":0,"victory":false,"max_hp_per_floor":[78,78,78,78,78,78,78,78,78,78,78],"relic_stats":{"counters":[7,22],"Mummified Hand":[0],"obtain_stats":[{"Du-Vu Doll":7,"Mummified Hand":9,"Cracked Core":0},{"Du-Vu Doll":5,"Mummified Hand":6,"Cracked Core":0},{"Du-Vu Doll":17,"Mummified Hand":20,"Cracked Core":0}]},"card_choices":[{"not_picked":["Conserve Battery","Stack"],"picked":"Sweeping Beam","floor":1},{"not_picked":["Stack","Consume"],"picked":"Tempest","floor":2},{"not_picked":["Conserve Battery","Scrape"],"picked":"Turbo","floor":3},{"not_picked":["Sweeping Beam","Steam"],"picked":"Defragment","floor":5},{"not_picked":["Hologram","Cold Snap"],"picked":"Double Energy","floor":7},{"not_picked":["Force Field","Double Energy"],"picked":"Tempest","floor":8}],"player_experience":4042264,"relics_obtained":[{"floor":7,"key":"Du-Vu Doll"},{"floor":9,"key":"Mummified Hand"}],"event_choices":[{"damage_healed":0,"gold_gain":0,"player_choice":"1 cards matched","damage_taken":0,"max_hp_gain":0,"max_hp_loss":0,"event_name":"Match and Keep!","floor":4,"gold_loss":0,"cards_obtained":["Reboot"]},{"damage_healed":0,"gold_gain":0,"player_choice":"1 cards matched","damage_taken":0,"max_hp_gain":0,"max_hp_loss":0,"event_name":"Match and Keep!","floor":4,"gold_loss":0,"cards_obtained":["Reboot"]}],"is_beta":true,"boss_relics":[],"items_purged_floors":[],"is_endless":false,"potions_floor_spawned":[5,7],"killed_by":"Gremlin Nob","ascension_level":20}}