{"host":"vex7walpoxzv48nx","time":1612645574,"event":{"mods":["AchievementEnabler","BaseMod","Bestiary","Highlight Path","Minty Spire (QoL Compilation)","Permanent Neow","Quick Restart","StSLib","UnlockEverythingMod"],"gold_per_floor":[112,112,112,124,1,1,36,54,81,108,120,143,155,199,211,318,330,355,384,406,418,449,461,58,58,58,158,158,168,188,198,198,299,299,312,331,381,14,33,33,66,0,0,0,0,19,34,47,47,47,47,47,47,47,47],"floor_reached":54,"language":"ENG","playtime":5308,"items_purged":["Strike_B","Strike_B","Strike_B"],"score":764,"play_id":"620793f6-2d29-468d-a383-f6649b4569d4","local_time":"20210206220614","is_ascension_mode":false,"campfire_choices":[{"data":"Go for the Eyes","floor":6.0,"key":"SMITH"},{"data":"Zap","floor":11.0,"key":"SMITH"},{"data":"Barrage","floor":15.0,"key":"SMITH"},{"data":"Doom and Gloom","floor":23.0,"key":"SMITH"},{"data":"Coolheaded","floor":25.0,"key":"SMITH"},{"data":"Hyperbeam","floor":28.0,"key":"SMITH"},{"data":"Double Energy","floor":32.0,"key":"SMITH"},{"floor":40,"key":"RECALL"},{"data":"Defragment","floor":49,"key":"SMITH"},{"data":"Hologram","floor":52,"key":"SMITH"}],"circlet_count":0,"master_deck":["Strike_B","Defend_B","Defend_B+1","Defend_B+1","Defend_B","Zap+1","Dualcast","Go for the Eyes+1","Cold Snap","Sweeping Beam+1","Cold Snap","Barrage+1","Core Surge","Doom and Gloom+1","Ball Lightning","Coolheaded+1","Core Surge","Hyperbeam+1","Ball Lightning","Double Energy+1","Coolheaded","Leap","Biased Cognition","Recycle+1","Sunder+1","Static Discharge","Defragment+1","Cold Snap+1","Conserve Battery+1","Hologram+1","Cold Snap+1","Compile Driver+1","Creative AI"],"relics":["Cracked Core","Bag of Preparation","MealTicket","Happy Flower","Centennial Puzzle","MawBank","Mercury Hourglass","Runic Pyramid","War Paint","Prayer Wheel","Ice Cream","Sundial","Nuclear Battery","Gambling Chip","Boot","Red Mask"],"acts_visited":["Exordium","TheCity","TheBeyond","TheEnding"],"potions_floor_usage":[37,38,39,46,47,50,50],"damage_taken":[{"damage":0.0,"enemies":"Small Slimes","floor":1.0,"turns":3.0},{"damage":1.0,"enemies":"Jaw Worm","floor":4.0,"turns":3.0},{"damage":16.0,"enemies":"Gremlin Nob","floor":7.0,"turns":4.0},{"damage":0.0,"enemies":"Cultist","floor":8.0,"turns":3.0},{"damage":23.0,"enemies":"3 Sentries","floor":10.0,"turns":8.0},{"damage":4.0,"enemies":"Blue Slaver","floor":12.0,"turns":3.0},{"damage":1.0,"enemies":"Lagavulin","floor":14.0,"turns":8.0},{"damage":0.0,"enemies":"Slime Boss","floor":16.0,"turns":3.0},{"damage":3.0,"enemies":"Chosen","floor":18.0,"turns":3.0},{"damage":11.0,"enemies":"Shell Parasite","floor":19.0,"turns":5.0},{"damage":15.0,"enemies":"Shelled Parasite and Fungi","floor":20.0,"turns":4.0},{"damage":0.0,"enemies":"Snecko","floor":22.0,"turns":4.0},{"damage":13.0,"enemies":"Colosseum Slavers","floor":27.0,"turns":3.0},{"damage":17.0,"enemies":"Colosseum Nobs","floor":27.0,"turns":3.0},{"damage":0.0,"enemies":"Cultist and Chosen","floor":29.0,"turns":4.0},{"damage":0.0,"enemies":"Sentry and Sphere","floor":30.0,"turns":4.0},{"damage":1.0,"enemies":"Snecko","floor":31.0,"turns":3.0},{"damage":53.0,"enemies":"Collector","floor":33.0,"turns":8.0},{"damage":0,"enemies":"3 Darklings","floor":35,"turns":3},{"damage":0,"enemies":"Orb Walker","floor":36,"turns":2},{"damage":0,"enemies":"Mind Bloom Boss Battle","floor":37,"turns":5},{"damage":0,"enemies":"3 Darklings","floor":39,"turns":1},{"damage":3,"enemies":"Giant Head","floor":41,"turns":7},{"damage":6,"enemies":"4 Shapes","floor":46,"turns":1},{"damage":12,"enemies":"Writhing Mass","floor":47,"turns":5},{"damage":0,"enemies":"3 Darklings","floor":48,"turns":3},{"damage":19,"enemies":"Awakened One","floor":50,"turns":10},{"damage":101,"enemies":"Shield and Spear","floor":54,"turns":5}],"seed_played":"5708764338527919750","potions_obtained":[{"floor":1.0,"key":"Weak Potion"},{"floor":7.0,"key":"GamblersBrew"},{"floor":12.0,"key":"SteroidPotion"},{"floor":16.0,"key":"Dexterity Potion"},{"floor":18.0,"key":"Fire Potion"},{"floor":20.0,"key":"Energy Potion"},{"floor":27.0,"key":"Swift Potion"},{"floor":31.0,"key":"Fruit Juice"},{"floor":33.0,"key":"EntropicBrew"},{"floor":36,"key":"LiquidMemories"},{"floor":41,"key":"DuplicationPotion"},{"floor":47,"key":"Fruit Juice"}],"is_trial":false,"path_per_floor":["M","?","?","M","$","R","E","M","T","E","R","M","?","E","R","B",null,"M","M","M","?","M","R","$","R","T","?","R","M","M","M","R","B",null,"M","M","?","$","M","R","E","?","T","?","?","M","M","M","R","B",null,"R","$","E"],"character_chosen":"DEFECT","items_purchased":["Cold Snap","Coolheaded","War Paint","Core Surge","Defragment","Fruit Juice","CultistPotion"],"campfire_rested":0,"item_purchase_floors":[5,24,24,24,38,38,38],"current_hp_per_floor":[75,72,77,80,80,80,71,78,78,62,62,65,65,71,71,78,80,80,76,68,53,60,60,75,75,75,59,59,66,73,77,77,31,90,90,90,90,95,95,95,95,95,95,95,90,84,77,77,77,58,95,95,95,0,0],"gold":47,"neow_bonus":"RANDOM_COMMON_RELIC","is_daily":false,"chose_seed":false,"campfire_upgraded":9,"win_rate":0.0,"timestamp":1612645574,"path_taken":["M","?","?","M","?","R","E","M","T","E","R","M","?","E","R","BOSS","M","M","M","?","M","R","$","R","T","?","R","M","M","M","R","BOSS","M","M","?","$","M","R","E","?","T","?","?","?","M","M","R","BOSS","R","$","E"],"items_purchased_type":["Card","Card","Relic","Card","Card","Potion","Potion"],"build_version":"2020-12-22","purchased_purges":3,"victory":false,"max_hp_per_floor":[75,75,80,80,80,80,80,80,80,80,80,80,80,80,80,80,80,80,80,80,85,85,85,85,85,85,85,85,85,85,90,90,90,90,90,90,90,95,95,95,95,95,95,95,90,90,95,95,95,95,95,95,95,95,95],"card_choices":[{"not_picked":["Auto Shields","Heatsinks"],"picked":"Self Repair","floor":1.0},{"not_picked":["Turbo","Steam"],"picked":"Go for the Eyes","floor":4.0},{"not_picked":["Loop","Recycle"],"picked":"Sweeping Beam","floor":7.0},{"not_picked":["Double Energy","Consume","Self Repair"],"picked":"SKIP","floor":8.0},{"not_picked":["Double Energy","Redo"],"picked":"Cold Snap","floor":10.0},{"not_picked":["Conserve Battery","Stack","Redo"],"picked":"SKIP","floor":12.0},{"not_picked":["Undo","Melter"],"picked":"Barrage","floor":14.0},{"not_picked":["Amplify","Hyperbeam"],"picked":"Core Surge","floor":16.0},{"not_picked":["Hologram","Redo","Rebound"],"picked":"SKIP","floor":18.0},{"not_picked":["Hologram","Skim"],"picked":"Doom and Gloom","floor":19.0},{"not_picked":["Steam","Fusion","Rebound"],"picked":"SKIP","floor":20.0},{"not_picked":["Cold Snap","Fusion"],"picked":"Ball Lightning","floor":22.0},{"not_picked":["Sweeping Beam","Chaos+1"],"picked":"Hyperbeam","floor":27.0},{"not_picked":["Barrage","Cold Snap"],"picked":"Ball Lightning","floor":29.0},{"not_picked":["Fusion","Undo","Steam"],"picked":"SKIP","floor":29.0},{"not_picked":["Aggregate","Hologram"],"picked":"Double Energy","floor":30.0},{"not_picked":["Streamline","Rebound+1","Compile Driver"],"picked":"SKIP","floor":30.0},{"not_picked":["Compile Driver","Ball Lightning"],"picked":"Coolheaded","floor":31.0},{"not_picked":["Hello World","Multi-Cast"],"picked":"Leap","floor":31.0},{"not_picked":["Creative AI","Seek"],"picked":"Biased Cognition","floor":33.0},{"not_picked":["BootSequence+1","Redo+1"],"picked":"Recycle+1","floor":35},{"not_picked":["Sweeping Beam","Go for the Eyes+1"],"picked":"Sunder+1","floor":35},{"not_picked":["Self Repair+1","Rebound+1","Cold Snap+1"],"picked":"SKIP","floor":36},{"not_picked":["Streamline","Turbo","Steam"],"picked":"SKIP","floor":36},{"not_picked":["Barrage","Aggregate"],"picked":"Static Discharge","floor":37},{"not_picked":["Redo+1","White Noise+1"],"picked":"Cold Snap+1","floor":39},{"not_picked":["Undo+1","Hyperbeam"],"picked":"Conserve Battery+1","floor":39},{"not_picked":["Scrape","Blizzard+1"],"picked":"Hologram","floor":41},{"not_picked":["Streamline+1","Steam"],"picked":"Cold Snap+1","floor":46},{"not_picked":["Gash","Barrage","Darkness+1"],"picked":"SKIP","floor":46},{"not_picked":["Rebound","Sweeping Beam","Beam Cell"],"picked":"SKIP","floor":47},{"not_picked":["Sunder+1","Chaos","Darkness"],"picked":"SKIP","floor":47},{"not_picked":["Chill+1","Gash+1"],"picked":"Compile Driver+1","floor":48},{"not_picked":["Hologram","Darkness"],"picked":"Creative AI","floor":48}],"player_experience":266059,"relics_obtained":[{"floor":7.0,"key":"Happy Flower"},{"floor":9.0,"key":"Centennial Puzzle"},{"floor":10.0,"key":"MawBank"},{"floor":14.0,"key":"Mercury Hourglass"},{"floor":26.0,"key":"Prayer Wheel"},{"floor":27.0,"key":"Ice Cream"},{"floor":27.0,"key":"Sundial"},{"floor":37,"key":"Gambling Chip"},{"floor":41,"key":"Boot"}],"event_choices":[{"damage_healed":0.0,"max_hp_gain":0.0,"max_hp_loss":0.0,"gold_gain":0.0,"event_name":"Scrap Ooze","player_choice":"Success","floor":2.0,"gold_loss":0.0,"damage_taken":3.0,"relics_obtained":["MealTicket"]},{"damage_healed":0.0,"max_hp_gain":5.0,"max_hp_loss":0.0,"gold_gain":0.0,"event_name":"Big Fish","player_choice":"Donut","floor":3.0,"gold_loss":0.0,"damage_taken":0.0},{"damage_healed":0.0,"max_hp_gain":0.0,"max_hp_loss":0.0,"gold_gain":0.0,"event_name":"Upgrade Shrine","player_choice":"Upgraded","floor":13.0,"gold_loss":0.0,"damage_taken":0.0,"cards_upgraded":["Sweeping Beam"]},{"damage_healed":0.0,"max_hp_gain":5.0,"max_hp_loss":0.0,"gold_gain":0.0,"event_name":"Forgotten Altar","player_choice":"Shed Blood","floor":21.0,"gold_loss":0.0,"damage_taken":20.0},{"damage_healed":0.0,"max_hp_gain":0.0,"max_hp_loss":0.0,"gold_gain":0.0,"event_name":"Colosseum","player_choice":"Fight","floor":27.0,"gold_loss":0.0,"damage_taken":0.0},{"damage_healed":0.0,"max_hp_gain":0.0,"max_hp_loss":0.0,"gold_gain":0.0,"event_name":"Colosseum","player_choice":"Fought Nobs","floor":27.0,"gold_loss":0.0,"damage_taken":0.0},{"damage_healed":0,"gold_gain":0,"player_choice":"Fight","damage_taken":0,"max_hp_gain":0,"max_hp_loss":0,"event_name":"MindBloom","floor":37,"gold_loss":0},{"damage_healed":0,"gold_gain":0,"player_choice":"Paid","damage_taken":0,"relics_obtained":["Red Mask"],"max_hp_gain":0,"max_hp_loss":0,"event_name":"Tomb of Lord Red Mask","floor":42,"gold_loss":66},{"cards_removed":["Self Repair"],"damage_healed":0,"gold_gain":0,"player_choice":"Removed Power","damage_taken":0,"max_hp_gain":0,"max_hp_loss":0,"event_name":"Falling","floor":44,"gold_loss":0},{"damage_healed":0,"gold_gain":0,"player_choice":"Max HP","damage_taken":0,"max_hp_gain":0,"max_hp_loss":5,"event_name":"Winding Halls","floor":45,"gold_loss":0}],"is_beta":false,"boss_relics":[{"not_picked":["Pandora\u0027s Box","Ectoplasm"],"picked":"Runic Pyramid"},{"not_picked":["Velvet Choker","Cursed Key"],"picked":"Nuclear Battery"}],"items_purged_floors":[5,24,38],"is_endless":false,"potions_floor_spawned":[1,7,12,16,18,20,27,27,31,33,36,41,47],"killed_by":"Shield and Spear","ascension_level":0}}