{"host":"fmegyk2zep2mz06j","time":1612610749,"event":{"mods":["BaseMod","Beaked The Cultist","Downfall","Fiend Mod","Hubris","Marisa????????","Minty Spire (QoL Compilation)","Onozuka Komachi Mod","READ ME - Guardian Mod","READ ME - Snecko Mod","StSLib","The Construct","The Cursed","The Disciple","The Dragon Tamer","The Judge","The Mystic","The Necromancer","The Runesmith","The Servant 0.9.4","thorton"],"gold_per_floor":[99,114,114,114,114,99,123,142,157,157,168,68,80,108,124,228,228,128,146,176,189,200,200,200,229,229,229,243,258,11,21,41,142,142,142,153,164,174,221,256,256,276,304,304,304,304],"floor_reached":44,"language":"ENG","playtime":5113,"items_purged":[],"score":539,"play_id":"cf2589ca-73f0-40be-b32a-852d004e4f0e","local_time":"20210206122549","is_ascension_mode":false,"campfire_choices":[{"floor":1,"key":"RECALL"},{"data":"bronze:Flail","floor":12,"key":"SMITH"},{"data":"bronze:Mutator","floor":18,"key":"SMITH"},{"data":"1","floor":27,"key":"LIFT"},{"data":"2","floor":35,"key":"LIFT"}],"circlet_count":0,"master_deck":["bronze:Defend","bronze:Defend","bronze:Defend","bronze:Defend","bronze:Replicate","bronze:Goto","bronze:Boost","bronze:Flail+1","bronze:Branch","bronze:BuggyMess","bronze:CleanCode","bronze:ClassDefault","bronze:Repair","bronze:FineTuning","bronze:Mutator+1","bronze:DigitalCarnage","bronze:Frontload","bronze:Branch+1","Bite","Bite","Bite","Bite","Bite","bronze:MaxOutput","bronze:GetLatest+1","expansioncontent:QuickStudy","bronze:CloningBeam+1","bronze:Flail+1"],"relics":["bronze:BronzeCore","hubris:Icosahedron","bronze:BottledCode","downfall:HeartBlessingRed","Smiling Mask","beaked:MawFillet","downfall:HeartBlessingBlue","Dream Catcher","Girya","Regal Pillow","Membership Card","thethorton:CrushedCigarette","Toy Ornithopter","Bottled Lightning","hubris:PeanutButter","Torii"],"acts_visited":["Exordium","TheCity","TheBeyond"],"potions_floor_usage":[14,16,33,33,42],"damage_taken":[{"damage":8,"enemies":"Small Slimes","floor":2,"turns":4},{"damage":0,"enemies":"downfall:FleeingMerchant","floor":6,"turns":4},{"damage":2,"enemies":"2 Louse","floor":8,"turns":2},{"damage":0,"enemies":"Jaw Worm","floor":9,"turns":3},{"damage":0,"enemies":"2 Fungi Beasts","floor":11,"turns":1},{"damage":1,"enemies":"3 Louse","floor":13,"turns":3},{"damage":15,"enemies":"Gremlin Nob","floor":14,"turns":3},{"damage":0,"enemies":"Exordium Wildlife","floor":15,"turns":1},{"damage":46,"enemies":"WA_ARCHETYPE_RETAIN","floor":16,"turns":7},{"damage":0,"enemies":"Spheric Guardian","floor":19,"turns":4},{"damage":31,"enemies":"Gremlin Leader","floor":20,"turns":8},{"damage":19,"enemies":"Shell Parasite","floor":21,"turns":4},{"damage":0,"enemies":"Cultist and Chosen","floor":22,"turns":4},{"damage":34,"enemies":"Slavers","floor":25,"turns":5},{"damage":18,"enemies":"Snake Plant","floor":28,"turns":4},{"damage":0,"enemies":"Snecko","floor":29,"turns":4},{"damage":10,"enemies":"downfall:FleeingMerchant","floor":30,"turns":4},{"damage":0,"enemies":"3 Cultists","floor":31,"turns":3},{"damage":0,"enemies":"Chosen and Byrds","floor":32,"turns":3},{"damage":69,"enemies":"SI_MIRROR_ARCHETYPE","floor":33,"turns":12},{"damage":23,"enemies":"3 Shapes","floor":36,"turns":3},{"damage":6,"enemies":"Orb Walker","floor":37,"turns":4},{"damage":11,"enemies":"Sphere and 2 Shapes","floor":38,"turns":2},{"damage":58,"enemies":"beaked:SuperParasite","floor":40,"turns":9},{"damage":5,"enemies":"Transient","floor":42,"turns":5},{"damage":34,"enemies":"Reptomancer","floor":43,"turns":6},{"damage":12,"enemies":"4 Shapes","floor":44,"turns":2}],"seed_played":"9055267382907566024","potions_obtained":[{"floor":2,"key":"Explosive Potion"},{"floor":9,"key":"Slimebound:ThreeZeroPotion"},{"floor":14,"key":"Dexterity Potion"},{"floor":15,"key":"construct:ShiftPotion"},{"floor":25,"key":"DuplicationPotion"},{"floor":33,"key":"champ:CounterPotion"},{"floor":42,"key":"bronze:FreeFunctionsPotion"}],"is_trial":false,"path_per_floor":["R","M","?","?","?","$","T","M","M","?","M","R","M","E","M","B",null,"R","M","E","M","M","?","T","E","?","R","M","M","$","M","M","B",null,"R","M","M","M","?","E","T","M","E","M"],"character_chosen":"THE_AUTOMATON","items_purchased":["Membership Card","expansioncontent:QuickStudy"],"campfire_rested":0,"item_purchase_floors":[30,30],"current_hp_per_floor":[77,69,69,67,67,67,67,65,65,65,65,65,64,49,56,17,67,77,77,46,34,41,66,66,39,39,39,34,49,53,53,53,11,53,53,32,41,32,32,5,5,27,9,0,0,0],"gold":304,"neow_bonus":"TEN_PERCENT_HP_BONUS","is_daily":false,"chose_seed":false,"campfire_upgraded":2,"win_rate":0.0,"timestamp":1612610749,"path_taken":["R","M","?","?","?","$","T","M","?","?","M","R","M","E","M","BOSS","R","M","E","M","M","?","T","E","?","R","M","M","?","M","M","BOSS","R","M","M","M","?","E","T","M","E","M"],"items_purchased_type":["Relic","Card"],"build_version":"2020-12-22","purchased_purges":0,"victory":false,"max_hp_per_floor":[77,77,77,67,67,67,67,67,67,67,67,67,67,67,67,67,67,77,77,77,77,77,77,77,77,53,53,53,53,53,53,53,53,53,53,53,53,53,53,53,53,53,53,53,53,53],"card_choices":[{"not_picked":["bronze:ItsAFeature","bronze:Flail"],"picked":"bronze:Boost","floor":2},{"not_picked":["bronze:Frontload","bronze:Shield"],"picked":"bronze:Flail","floor":6},{"not_picked":["bronze:ItsAFeature","bronze:Philosophize"],"picked":"bronze:Branch","floor":8},{"not_picked":["bronze:WildBeam","bronze:BugBarrage"],"picked":"bronze:BuggyMess","floor":9},{"not_picked":["bronze:Shield","bronze:Return"],"picked":"bronze:CleanCode","floor":11},{"not_picked":["bronze:OilSpill","bronze:DelayedGuard"],"picked":"bronze:ClassDefault","floor":13},{"not_picked":["bronze:ChildClass","bronze:Invalidate"],"picked":"bronze:Repair","floor":14},{"not_picked":["bronze:BugBarrage","bronze:Turbo"],"picked":"bronze:FineTuning","floor":15},{"not_picked":["bronze:FindAndReplace","bronze:Assembly"],"picked":"bronze:Mutator","floor":16},{"not_picked":["bronze:FineTuning","bronze:Overheat+1"],"picked":"bronze:DigitalCarnage","floor":19},{"not_picked":["bronze:Turbo","bronze:NullPointer+1","bronze:BurnOut"],"picked":"SKIP","floor":20},{"not_picked":["bronze:Deprecate","bronze:Safeguard+1"],"picked":"bronze:Frontload","floor":21},{"not_picked":["bronze:Deprecate","bronze:DelayedGuard","bronze:Safeguard"],"picked":"SKIP","floor":22},{"not_picked":["bronze:ClassDefault","bronze:Frontload"],"picked":"bronze:Branch+1","floor":25},{"not_picked":["bronze:OilSpill","bronze:Boost"],"picked":"bronze:MaxOutput","floor":28},{"not_picked":["bronze:Shield","bronze:DelayedSlice","bronze:Turbo"],"picked":"SKIP","floor":29},{"not_picked":["bronze:CutThrough+1","bronze:Shield"],"picked":"bronze:GetLatest+1","floor":30},{"not_picked":["bronze:Branch+1","bronze:DelayedGuard","bronze:DelayedSlice"],"picked":"SKIP","floor":31},{"not_picked":["bronze:Repair","bronze:SpaghettiCode","bronze:ClassDefault"],"picked":"SKIP","floor":32},{"not_picked":["bronze:DigitalCarnage+1","bronze:OilSpill","bronze:ForceShield+1"],"picked":"SKIP","floor":36},{"not_picked":["bronze:Boost","bronze:Philosophize"],"picked":"bronze:CloningBeam+1","floor":37},{"not_picked":["bronze:BitShift+1","bronze:OilSpill","bronze:CutThrough"],"picked":"SKIP","floor":38},{"not_picked":["bronze:WildBeam","bronze:Boost"],"picked":"bronze:Flail+1","floor":40},{"not_picked":["bronze:Turbo","bronze:ItsAFeature","bronze:DelayedSlice"],"picked":"SKIP","floor":42},{"not_picked":["bronze:DelayedGuard+1","bronze:OilSpill","bronze:Shell"],"picked":"SKIP","floor":43}],"player_experience":130092,"relics_obtained":[{"floor":14,"key":"Smiling Mask"},{"floor":20,"key":"Dream Catcher"},{"floor":24,"key":"Girya"},{"floor":25,"key":"Regal Pillow"},{"floor":39,"key":"Toy Ornithopter"},{"floor":40,"key":"Bottled Lightning"},{"floor":41,"key":"hubris:PeanutButter"},{"floor":43,"key":"Torii"}],"event_choices":[{"damage_healed":25,"gold_gain":0,"player_choice":"Heal","damage_taken":0,"max_hp_gain":0,"max_hp_loss":0,"event_name":"The Library","floor":23,"gold_loss":0},{"damage_healed":0,"gold_gain":0,"player_choice":"Became a vampire","damage_taken":0,"max_hp_gain":0,"max_hp_loss":24,"event_name":"Vampires","floor":26,"gold_loss":0,"cards_obtained":["Bite","Bite","Bite","Bite","Bite"]}],"is_beta":false,"boss_relics":[{"not_picked":["hubris:GrandSneckoEye","Runic Dome"],"picked":"beaked:MawFillet"},{"not_picked":["Tiny House","Fusion Hammer"],"picked":"thethorton:CrushedCigarette"}],"items_purged_floors":[],"is_endless":false,"potions_floor_spawned":[2,9,14,15,22,25,28,29,33,42],"killed_by":"4 Shapes","ascension_level":0}}