{"host":"oj1wqp41zfsetb5p","time":1612597372,"event":{"mods":["AchievementEnabler","BaseMod","Colored Map","Minty Spire (QoL Compilation)","Relic Stats","StSLib"],"gold_per_floor":[114,133,133,153,153,153,187,201,226,254,254,254,35,51,51,150,150,169,169,169,189,204,204,220,145,172,72,82,102,428,440,440,541,541,560,336,350,365,365,365,392,410,410,410,410,410],"floor_reached":45,"language":"ENG","playtime":5146,"items_purged":["Tactician","Burst"],"score":577,"play_id":"d38465d5-f405-4094-b722-8cfb2ed8e8c0","local_time":"20210206184252","is_ascension_mode":true,"campfire_choices":[{"data":"Neutralize","floor":6,"key":"SMITH"},{"floor":11,"key":"REST"},{"data":"Noxious Fumes","floor":15,"key":"SMITH"},{"data":"Wraith Form v2","floor":23,"key":"SMITH"},{"floor":32,"key":"REST"},{"data":"Deflect","floor":40,"key":"SMITH"},{"floor":44,"key":"REST"}],"circlet_count":0,"master_deck":["Survivor","Neutralize+1","Caltrops+1","Poisoned Stab+1","Dagger Spray","Deflect+1","Backstab","Noxious Fumes+1","Venomology","Flying Knee","All Out Attack","Bullet Time","Envenom","Corpse Explosion","Wraith Form v2+1","Riddle With Holes","A Thousand Cuts","Deflect","Backflip","Prepared","Escape Plan+1","Well Laid Plans+1"],"relics":["Ring of the Snake","NeowsBlessing","Juzu Bracelet","Blood Vial","Lantern","MealTicket","Pandora\u0027s Box","Art of War","Old Coin","SacredBark","Bag of Preparation","Regal Pillow"],"acts_visited":["Exordium","TheCity","TheBeyond"],"potions_floor_usage":[7,10,10,21,22,22,28,29,30,30,31,33,33,35,35,37,38,41,41,42,42,42,45,45],"damage_taken":[{"damage":0,"enemies":"2 Louse","floor":1,"turns":1},{"damage":0,"enemies":"Small Slimes","floor":2,"turns":1},{"damage":0,"enemies":"Cultist","floor":4,"turns":1},{"damage":17,"enemies":"Gremlin Nob","floor":7,"turns":4},{"damage":2,"enemies":"3 Louse","floor":8,"turns":3},{"damage":16,"enemies":"Lagavulin","floor":10,"turns":7},{"damage":4,"enemies":"Exordium Wildlife","floor":14,"turns":4},{"damage":24,"enemies":"Hexaghost","floor":16,"turns":8},{"damage":19,"enemies":"2 Thieves","floor":18,"turns":2},{"damage":22,"enemies":"Spheric Guardian","floor":21,"turns":4},{"damage":0,"enemies":"Centurion and Healer","floor":22,"turns":5},{"damage":4,"enemies":"Shelled Parasite and Fungi","floor":24,"turns":5},{"damage":2,"enemies":"Chosen and Byrds","floor":28,"turns":6},{"damage":12,"enemies":"Snake Plant","floor":29,"turns":4},{"damage":0,"enemies":"Gremlin Leader","floor":30,"turns":4},{"damage":25,"enemies":"Sentry and Sphere","floor":31,"turns":6},{"damage":52,"enemies":"Champ","floor":33,"turns":11},{"damage":11,"enemies":"3 Darklings","floor":35,"turns":4},{"damage":9,"enemies":"Orb Walker","floor":37,"turns":3},{"damage":10,"enemies":"Maw","floor":38,"turns":6},{"damage":2,"enemies":"Reptomancer","floor":41,"turns":6},{"damage":16,"enemies":"Writhing Mass","floor":42,"turns":5},{"damage":94,"enemies":"Giant Head","floor":45,"turns":7}],"seed_played":"4360240396990189690","potions_obtained":[{"floor":1,"key":"Weak Potion"},{"floor":4,"key":"Swift Potion"},{"floor":8,"key":"DuplicationPotion"},{"floor":21,"key":"Energy Potion"},{"floor":22,"key":"SkillPotion"},{"floor":28,"key":"CunningPotion"},{"floor":33,"key":"DuplicationPotion"}],"is_trial":false,"path_per_floor":["M","M","?","M","?","R","E","M","T","E","R","?","$","M","R","B",null,"M","?","?","M","M","R","M","$","T","$","M","M","E","M","R","B",null,"M","$","M","M","?","R","E","M","T","R","E"],"character_chosen":"THE_SILENT","items_purchased":["Noxious Fumes","MealTicket","Bag of Preparation","DistilledChaos"],"campfire_rested":3,"item_purchase_floors":[13,13,36,36],"current_hp_per_floor":[70,70,56,56,56,56,39,37,37,23,44,44,44,42,42,20,70,51,51,51,31,33,33,31,46,46,61,61,51,53,30,51,16,70,59,70,61,53,53,53,53,39,39,66,0,0],"gold":410,"neow_bonus":"THREE_ENEMY_KILL","is_daily":false,"chose_seed":false,"campfire_upgraded":4,"win_rate":0.0,"timestamp":1612597372,"path_taken":["M","M","?","M","?","R","E","M","T","E","R","?","$","M","R","BOSS","M","?","?","M","M","R","M","$","T","$","M","M","E","M","R","BOSS","M","$","M","M","?","R","E","M","T","R","E"],"items_purchased_type":["Card","Relic","Relic","Potion"],"build_version":"2020-12-22","purchased_purges":2,"victory":false,"max_hp_per_floor":[70,70,70,70,70,70,70,70,70,70,70,70,70,70,70,70,70,70,70,70,70,70,70,70,70,70,70,70,70,70,70,70,70,70,70,70,70,70,66,66,66,66,66,66,66,66],"relic_stats":{"Blood Vial":28,"Regal Pillow":8,"counters":[23,107],"MealTicket":41,"Pandora\u0027s Box":["Flying Knee","All Out Attack","Bullet Time","Envenom","Corpse Explosion","Burst","Tactician","Wraith Form v2","Riddle With Holes","A Thousand Cuts"],"Juzu Bracelet":1,"Art of War":[6],"Bag of Preparation":[10],"obtain_stats":[{"Blood Vial":9,"Lantern":10,"Regal Pillow":41,"NeowsBlessing":0,"SacredBark":34,"MealTicket":13,"Pandora\u0027s Box":17,"Juzu Bracelet":7,"Art of War":26,"Bag of Preparation":36,"Ring of the Snake":0,"Old Coin":30},{"Blood Vial":5,"Lantern":6,"Regal Pillow":21,"NeowsBlessing":0,"SacredBark":17,"MealTicket":6,"Pandora\u0027s Box":8,"Juzu Bracelet":4,"Art of War":12,"Bag of Preparation":18,"Ring of the Snake":0,"Old Coin":15},{"Blood Vial":10,"Lantern":17,"Regal Pillow":95,"NeowsBlessing":0,"SacredBark":76,"MealTicket":17,"Pandora\u0027s Box":29,"Juzu Bracelet":7,"Art of War":45,"Bag of Preparation":80,"Ring of the Snake":0,"Old Coin":59}],"Ring of the Snake":[46]},"card_choices":[{"not_picked":["Tactician","Dagger Spray"],"picked":"Caltrops","floor":1},{"not_picked":["Dash","All Out Attack"],"picked":"Poisoned Stab","floor":2},{"not_picked":["Choke","Finisher","Escape Plan"],"picked":"SKIP","floor":4},{"not_picked":["Bane","Cloak And Dagger"],"picked":"Dagger Spray","floor":7},{"not_picked":["Outmaneuver","Underhanded Strike"],"picked":"Deflect","floor":8},{"not_picked":["Eviscerate","Night Terror"],"picked":"Backstab","floor":10},{"not_picked":["Crippling Poison","Poisoned Stab","Infinite Blades"],"picked":"SKIP","floor":14},{"not_picked":["Storm of Steel","Unload"],"picked":"Venomology","floor":16},{"not_picked":["Prepared","Flying Knee"],"picked":"Deflect","floor":18},{"not_picked":["Eviscerate+1","Reflex+1","Finisher"],"picked":"SKIP","floor":21},{"not_picked":["Noxious Fumes","PiercingWail"],"picked":"Prepared","floor":22},{"not_picked":["Quick Slash+1","Underhanded Strike"],"picked":"Escape Plan+1","floor":24},{"not_picked":["Deflect","Outmaneuver","Doppelganger"],"picked":"SKIP","floor":28},{"not_picked":["PiercingWail","Calculated Gamble","Flying Knee"],"picked":"SKIP","floor":29},{"not_picked":["Blade Dance","Deadly Poison","Dagger Throw+1"],"picked":"SKIP","floor":30},{"not_picked":["Outmaneuver","Acrobatics+1","Burst"],"picked":"SKIP","floor":31},{"not_picked":["Poisoned Stab+1","Dagger Throw+1"],"picked":"Well Laid Plans+1","floor":35},{"not_picked":["Predator+1","Skewer+1","Quick Slash"],"picked":"SKIP","floor":37},{"not_picked":["Underhanded Strike+1","Flying Knee+1","All Out Attack+1"],"picked":"SKIP","floor":38},{"not_picked":["Venomology","Prepared+1","Endless Agony"],"picked":"SKIP","floor":41},{"not_picked":["Quick Slash","Crippling Poison","Masterful Stab"],"picked":"SKIP","floor":42}],"player_experience":174142,"relics_obtained":[{"floor":7,"key":"Juzu Bracelet"},{"floor":9,"key":"Blood Vial"},{"floor":10,"key":"Lantern"},{"floor":26,"key":"Art of War"},{"floor":30,"key":"Old Coin"},{"floor":41,"key":"Regal Pillow"}],"event_choices":[{"damage_healed":0,"gold_gain":0,"player_choice":"Entered Light","damage_taken":14,"max_hp_gain":0,"max_hp_loss":0,"event_name":"Shining Light","floor":3,"gold_loss":0,"cards_upgraded":["Caltrops","Strike_G"]},{"damage_healed":0,"gold_gain":0,"player_choice":"Upgraded","damage_taken":0,"max_hp_gain":0,"max_hp_loss":0,"event_name":"Upgrade Shrine","floor":5,"gold_loss":0,"cards_upgraded":["Poisoned Stab"]},{"damage_healed":0,"gold_gain":0,"player_choice":"Ignored","damage_taken":0,"max_hp_gain":0,"max_hp_loss":0,"event_name":"Golden Idol","floor":12,"gold_loss":0},{"damage_healed":0,"gold_gain":0,"player_choice":"Read","damage_taken":0,"max_hp_gain":0,"max_hp_loss":0,"event_name":"The Library","floor":19,"gold_loss":0,"cards_obtained":["Backflip"]},{"damage_healed":0,"gold_gain":0,"player_choice":"Ignored","damage_taken":0,"max_hp_gain":0,"max_hp_loss":0,"event_name":"Vampires","floor":20,"gold_loss":0},{"damage_healed":0,"gold_gain":0,"player_choice":"Max HP","damage_taken":0,"max_hp_gain":0,"max_hp_loss":4,"event_name":"Winding Halls","floor":39,"gold_loss":0}],"is_beta":false,"boss_relics":[{"not_picked":["Empty Cage","Tiny House"],"picked":"Pandora\u0027s Box"},{"not_picked":["WristBlade","Black Star"],"picked":"SacredBark"}],"items_purged_floors":[25,27],"is_endless":false,"potions_floor_spawned":[1,4,8,21,22,28,33,38],"killed_by":"Giant Head","ascension_level":3}}