{"host":"i4vlfbz13gs2xtdj","time":1612651937,"event":{"mods":["2.2 Compatiblity","AchievementEnabler","Act Like it!","Arknights","Aspiration","BaseMod","Bestiary","Better Altar","Better Match","Better Note","Better Sensory Stone","Better Skull","Better Third Choice","BetterRewards","CatGirl Mod","Challenge The Spire","Colored Map","Colored Powertips","Curses Come First","Defuse TimeMaze Blight","Elementarium","Energized Spire","Fox Events","Friendly Minions","GifTheSpireLib","Halation","Hubris","Infinite Spire","Jedi Mod","Marked Mod","Minty Spire (QoL Compilation)","Pale of the Ancients","Potionbrewer","Rare Cards Sparkle","Relic Sorter","Relic Stats","Reliquary","Replay The Spire","Shop Mod","Somnambulant","Spicy Shops","Spikes Relics","StSLib","Stuff the Spire","The Marked","The Sage","Trackpad","Wandering Minibosses"],"gold_per_floor":[114,114,114,560,575,590,590,605,655,670,700,715,715,730,730,830,830,845,845,25,40,55,55,55,94,94,133,133,157,172,2,2,2,2,2,2,2,2,2,2,23,23,54,73,73,93,114,136,175,216,216,216],"floor_reached":53,"language":"ENG","playtime":3685,"items_purged":[],"score":1366,"play_id":"3b4563d1-4bdd-4c99-84e0-6e5258e9e2ba","local_time":"20210206175217","daily_mods":["Draft","Diverse","DeadlyEvents"],"is_ascension_mode":false,"campfire_choices":[{"floor":7,"key":"REST"},{"floor":13,"key":"REST"},{"floor":15,"key":"REST"},{"data":"infinitespire:Oblivion","floor":23,"key":"SMITH"},{"floor":34,"key":"DIG"},{"data":"Dagger Spray","floor":42,"key":"SMITH"},{"floor":51,"key":"REST"}],"circlet_count":0,"master_deck":["Infernal Blade","potionbrewer:Toxicity","somnambulantmod: HorrificThought","theMarked:Overcharge","CrushJoints","Dual Wield","ReplayTheSpireMod:System Scan","Protect","Replay:Battleflow","somnambulantmod: RecurringDream","Dagger Spray+1","Dagger Throw","Quick Slash","Conserve Battery+1","EmptyBody","Spot Weakness","infinitespire:Oblivion+1","ats:Curse Doll","somnambulantmod: BrainFeeder","Replay:Undeath\u0027s Touch","Glacier","Sweeping Beam","Toxin Wave","theCatGirl:BleedingWounds","Finisher","WindmillStrike","Violence","Finesse","potionbrewer:Refill","Cloak And Dagger","theCatGirl:PoisedStrike","ats:Red Shift+1","Swivel","hubris:Gluttony","somnambulantmod: MindWave","theMarked:StartUp+1","White Noise+1","Flying Knee+1","Force Field+1"],"relics":["PureWater","aspiration:BabyByrd","potionbrewer:Torch","ats:Originium","jedi:Pinwheel","CosmicIsotope","MerchantsRug","StuffTheSpire:HeavyRock","HandDrill","Sandwich","trackpad:CultistFigurine","Akabeko","wanderingMiniBosses:Inkheart","jedi:ominousloannote","Happy Flower","BrokenLever","hubris:FunFungus","infinitespire:EvilPickle","Replay:Wanted Poster","Ring of Searing","Ring of Panic","reliquary:Solitaire","jedi:shrinkray","reliquary:MudwinsCradle","ShockBauble"],"acts_visited":["Exordium","TheCity","TheBeyond"],"potions_floor_usage":[8,16,16,22,44,49,49,52,52],"damage_taken":[{"damage":0,"enemies":"Small Slimes","floor":1,"turns":2},{"damage":12,"enemies":"2 Louse","floor":5,"turns":2},{"damage":0,"enemies":"Cultist","floor":6,"turns":2},{"damage":11,"enemies":"Red Slaver","floor":8,"turns":5},{"damage":0,"enemies":"Looter","floor":10,"turns":2},{"damage":4,"enemies":"Replay:BlueRogue","floor":11,"turns":3},{"damage":0,"enemies":"3 Louse","floor":12,"turns":2},{"damage":0,"enemies":"Exordium Wildlife","floor":14,"turns":3},{"damage":12,"enemies":"The Guardian","floor":16,"turns":7},{"damage":4,"enemies":"3 Byrds","floor":18,"turns":4},{"damage":3,"enemies":"Spheric Guardian","floor":21,"turns":3},{"damage":2,"enemies":"Shelled Parasite and Fungi","floor":22,"turns":4},{"damage":0,"enemies":"Replay:Snechameleon","floor":25,"turns":3},{"damage":0,"enemies":"Nightmare","floor":27,"turns":1},{"damage":4,"enemies":"3 Cultists","floor":29,"turns":5},{"damage":3,"enemies":"Centurion and Healer","floor":30,"turns":2},{"damage":0,"enemies":"Pondfish","floor":35,"turns":4},{"damage":7,"enemies":"3 Shapes","floor":37,"turns":3},{"damage":22,"enemies":"3 Darklings","floor":38,"turns":2},{"damage":4,"enemies":"Nemesis","floor":43,"turns":4},{"damage":0,"enemies":"Maw","floor":44,"turns":4},{"damage":0,"enemies":"Writhing Mass","floor":46,"turns":1},{"damage":12,"enemies":"Spire Growth","floor":47,"turns":3},{"damage":0,"enemies":"4 Shapes","floor":48,"turns":3},{"damage":14,"enemies":"R_Hoarder","floor":49,"turns":3},{"damage":0,"enemies":"Reptomancer","floor":50,"turns":2},{"damage":19,"enemies":"infinitespire:MassOfShapes","floor":52,"turns":6}],"seed_played":"5285009320175426936","potions_obtained":[{"floor":5,"key":"potionbrewer:ToxicPotion"},{"floor":6,"key":"Swift Potion"},{"floor":10,"key":"PowerPotion"},{"floor":11,"key":"potionbrewer:NoxiousPotion"},{"floor":27,"key":"potionbrewer:StunPotion"},{"floor":29,"key":"SkillPotion"},{"floor":35,"key":"Venom Potion"},{"floor":46,"key":"potionbrewer:DiscountPotion"},{"floor":48,"key":"jedi:StrikingPotion"},{"floor":49,"key":"DistilledChaos"}],"is_trial":false,"path_per_floor":["M","?","?","?","M","M","R","M","T","M","E","M","R","M","R","B",null,"M","?","$","M","M","R","AVR","E","T","NM","T","M","M","$","PTL","PTL","R_BF","B",null,"M","M","?","?","$","R","E","M","T","M","M","M","E","E","R_BF","B",null],"character_chosen":"WATCHER","items_purchased":["WindmillStrike","MerchantsRug","Violence","Finesse","StuffTheSpire:HeavyRock","HandDrill","jedi:ominousloannote","halation:BlackBeret","Happy Flower","BrokenLever"],"campfire_rested":4,"item_purchase_floors":[20,20,20,20,20,20,31,31,31,31],"current_hp_per_floor":[72,55,55,16,4,4,25,14,14,14,10,10,31,31,52,40,72,68,68,68,65,63,63,63,63,63,63,63,59,56,56,56,56,56,56,72,65,43,43,43,43,43,41,43,43,43,31,33,19,19,40,21],"gold":216,"neow_bonus":"","is_daily":true,"chose_seed":false,"campfire_upgraded":2,"win_rate":0.0,"timestamp":1612651937,"path_taken":["M","?","?","?","M","M","R","M","T","M","?","M","R","M","R","BOSS","M","?","?","M","?","R","AVR","?","T","NM","?","?","M","$","PTL","PTL","R_BF","BOSS","M","M","?","?","$","R","?","M","T","?","?","M","?","E","R_BF","BOSS"],"items_purchased_type":["Card","Relic","Card","Card","Relic","Relic","Relic","Relic","Relic","Relic"],"build_version":"2020-12-22","purchased_purges":0,"victory":true,"max_hp_per_floor":[72,72,72,72,72,72,72,72,72,72,72,72,72,72,72,72,72,72,72,72,72,72,72,72,72,72,72,72,72,72,72,72,72,72,72,72,72,72,72,72,72,72,72,72,72,72,72,72,72,72,72,72],"relic_stats":{"Happy Flower":[11],"counters":[27,85],"HandDrill":[74],"obtain_stats":[{"halation:BlackBeret":31,"reliquary:Solitaire":43,"ShockBauble":50,"CeramicFish":25,"BrokenLever":31,"jedi:Pinwheel":11,"Ring of Searing":39,"jedi:shrinkray":45,"Replay:Wanted Poster":36,"aspiration:BabyByrd":3,"StuffTheSpire:HeavyRock":20,"hubris:FunFungus":34,"HandDrill":20,"trackpad:CultistFigurine":26,"Ring of Panic":39,"MerchantsRug":20,"Happy Flower":31,"Akabeko":28,"potionbrewer:Torch":9,"Sandwich":24,"infinitespire:EvilPickle":35,"Replay:Baseball":27,"ats:Originium":11,"jedi:ominousloannote":31,"CosmicIsotope":17,"PureWater":0,"reliquary:MudwinsCradle":49,"wanderingMiniBosses:Inkheart":29,"Pocketwatch":24},{"halation:BlackBeret":16,"reliquary:Solitaire":20,"ShockBauble":26,"CeramicFish":13,"BrokenLever":16,"jedi:Pinwheel":6,"Ring of Searing":19,"jedi:shrinkray":21,"Replay:Wanted Poster":17,"aspiration:BabyByrd":1,"StuffTheSpire:HeavyRock":10,"hubris:FunFungus":16,"HandDrill":10,"trackpad:CultistFigurine":13,"Ring of Panic":19,"MerchantsRug":10,"Happy Flower":16,"Akabeko":14,"potionbrewer:Torch":4,"Sandwich":12,"infinitespire:EvilPickle":17,"Replay:Baseball":14,"ats:Originium":6,"jedi:ominousloannote":16,"CosmicIsotope":9,"PureWater":0,"reliquary:MudwinsCradle":25,"wanderingMiniBosses:Inkheart":15,"Pocketwatch":12},{"halation:BlackBeret":50,"reliquary:Solitaire":63,"ShockBauble":79,"CeramicFish":42,"BrokenLever":50,"jedi:Pinwheel":16,"Ring of Searing":59,"jedi:shrinkray":67,"Replay:Wanted Poster":54,"aspiration:BabyByrd":2,"StuffTheSpire:HeavyRock":32,"hubris:FunFungus":50,"HandDrill":32,"trackpad:CultistFigurine":42,"Ring of Panic":59,"MerchantsRug":32,"Happy Flower":50,"Akabeko":43,"potionbrewer:Torch":11,"Sandwich":39,"infinitespire:EvilPickle":54,"Replay:Baseball":43,"ats:Originium":16,"jedi:ominousloannote":50,"CosmicIsotope":28,"PureWater":0,"reliquary:MudwinsCradle":77,"wanderingMiniBosses:Inkheart":48,"Pocketwatch":39}]},"card_choices":[{"not_picked":["theCatGirl:SearchBackpack","Cleave"],"picked":"Infernal Blade","floor":0},{"not_picked":["Wild Strike","theCatGirl:TwoStep"],"picked":"potionbrewer:Toxicity","floor":0},{"not_picked":["theMarked:WardOff","Stack"],"picked":"somnambulantmod: HorrificThought","floor":0},{"not_picked":["somnambulantmod: Unknow","ats:Apocalypse"],"picked":"theMarked:Overcharge","floor":0},{"not_picked":["sagemod:Grounded_Strike","theMarked:Aftermath"],"picked":"CrushJoints","floor":0},{"not_picked":["Heatsinks","potionbrewer:QuickStep"],"picked":"Dual Wield","floor":0},{"not_picked":["ReplayTheSpireMod:Strike From Hell","Steam"],"picked":"ReplayTheSpireMod:System Scan","floor":0},{"not_picked":["theCatGirl:SearchBackpack","Replay:BluntJabs"],"picked":"Protect","floor":0},{"not_picked":["sagemod:How_To_Warm_Elephants","jedi:collectorstrike"],"picked":"Replay:Battleflow","floor":0},{"not_picked":["ats:Powerful Strike","jedi:reiji"],"picked":"somnambulantmod: RecurringDream","floor":0},{"not_picked":["ReplayTheSpireMod:Strike From Hell","sagemod:Tinker"],"picked":"Dagger Spray","floor":0},{"not_picked":["potionbrewer:Biohazard","theMarked:ResourceFulStrike"],"picked":"Dagger Throw","floor":0},{"not_picked":["StuffTheSpire:Repulse","jedi:locknload"],"picked":"Quick Slash","floor":0},{"not_picked":["ats:Ignite","theCatGirl:RunningWithDaggers"],"picked":"Conserve Battery","floor":0},{"not_picked":["sagemod:Let_It_Go","Sword Boomerang"],"picked":"EmptyBody","floor":0},{"not_picked":["Prepared","sagemod:How_To_Charm_A_Sentry"],"picked":"Spot Weakness","floor":1},{"not_picked":["infinitespire:SevenWalls","infinitespire:FutureSight"],"picked":"infinitespire:Oblivion","floor":2},{"not_picked":["Lockon","Halt","Havoc"],"picked":"SKIP","floor":5},{"not_picked":["Flex","theMarked:LightningStrikesTwice"],"picked":"ats:Curse Doll","floor":6},{"not_picked":["ats:Ignite","Expertise"],"picked":"somnambulantmod: BrainFeeder","floor":8},{"not_picked":["potionbrewer:PotentialEnergy","Whirlwind"],"picked":"Replay:Undeath\u0027s Touch","floor":10},{"not_picked":["ats:Hook Shot","sagemod:Fire_Brew"],"picked":"Glacier","floor":11},{"not_picked":["somnambulantmod: Blink","Panic Button"],"picked":"Sweeping Beam","floor":12},{"not_picked":["theMarked:Pokerface","theCatGirl:DecliningDefenses"],"picked":"Toxin Wave","floor":14},{"not_picked":["theCatGirl:LearnThePattern","potionbrewer:TwoForOne"],"picked":"theCatGirl:BleedingWounds","floor":16},{"not_picked":["ats:Explosion Area Strengthen","BowlingBash"],"picked":"Finisher","floor":18},{"not_picked":["Deadly Poison+1","ats:Directed Diagnosis+1"],"picked":"potionbrewer:Refill","floor":21},{"not_picked":["Coolheaded+1","WindmillStrike","ats:Apocalypse+1"],"picked":"SKIP","floor":22},{"not_picked":["Ball Lightning","StuffTheSpire:Slingshot"],"picked":"Cloak And Dagger","floor":25},{"not_picked":["StuffTheSpire:Sprint","potionbrewer:QuickStep"],"picked":"theCatGirl:PoisedStrike","floor":27},{"not_picked":["somnambulantmod: Nosebleed+1","Armaments+1"],"picked":"ats:Red Shift+1","floor":29},{"not_picked":["Wallop+1","sagemod:Undermine","potionbrewer:Toxicity+1"],"picked":"SKIP","floor":30},{"not_picked":["sagemod:Pincer_Repair","theMarked:CreepingChasm+1"],"picked":"Swivel","floor":37},{"not_picked":["sagemod:Taste_This_One","Blade Dance+1","theCatGirl:DecliningDefenses+1"],"picked":"SKIP","floor":38},{"not_picked":["theCatGirl:AngryForm","somnambulantmod: SickeningSwathe","Deflect+1"],"picked":"SKIP","floor":43},{"not_picked":["Havoc","theMarked:WastefulAttack","SashWhip"],"picked":"SKIP","floor":44},{"not_picked":["Leap","jedi:BurstLightning"],"picked":"somnambulantmod: MindWave","floor":46},{"not_picked":["somnambulantmod: Pinch+1","theCatGirl:Prepared+1"],"picked":"theMarked:StartUp+1","floor":47},{"not_picked":["theCatGirl:ElegantStrike+1","MarkedMod:FirstStrike+1"],"picked":"White Noise+1","floor":48},{"not_picked":["somnambulantmod: Refracture","Poisoned Stab"],"picked":"Flying Knee+1","floor":49},{"not_picked":["Collect+1","somnambulantmod: Nosebleed+1"],"picked":"Force Field+1","floor":50}],"player_experience":345950,"relics_obtained":[{"floor":9,"key":"potionbrewer:Torch"},{"floor":11,"key":"ats:Originium"},{"floor":11,"key":"jedi:Pinwheel"},{"floor":25,"key":"ats:Originium"},{"floor":25,"key":"CeramicFish"},{"floor":26,"key":"trackpad:CultistFigurine"},{"floor":27,"key":"ats:Originium"},{"floor":27,"key":"Replay:Baseball"},{"floor":28,"key":"Akabeko"},{"floor":29,"key":"wanderingMiniBosses:Inkheart"},{"floor":34,"key":"hubris:FunFungus"},{"floor":39,"key":"Ring of Searing"},{"floor":39,"key":"Ring of Panic"},{"floor":43,"key":"reliquary:Solitaire"},{"floor":43,"key":"ats:Originium"},{"floor":45,"key":"jedi:shrinkray"},{"floor":49,"key":"reliquary:MudwinsCradle"},{"floor":50,"key":"ShockBauble"}],"event_choices":[{"damage_healed":0,"gold_gain":446,"player_choice":"GO GO GO GO ","damage_taken":43,"relics_obtained":[],"max_hp_gain":0,"max_hp_loss":0,"event_name":"betterSkull:BetterSkull","floor":4,"gold_loss":0,"cards_upgraded":[]},{"damage_healed":0,"gold_gain":0,"player_choice":"Upgraded","damage_taken":0,"max_hp_gain":0,"max_hp_loss":0,"event_name":"Upgrade Shrine","floor":40,"gold_loss":0,"cards_upgraded":["Conserve Battery"]}],"is_beta":false,"boss_relics":[{"not_picked":["hubris:CrackedHourglass","hubris:RunicObelisk"],"picked":"CosmicIsotope"},{"not_picked":["aspiration:PoetsPen_weak","Runic Dome"],"picked":"Replay:Wanted Poster"}],"items_purged_floors":[],"is_endless":false,"potions_floor_spawned":[5,6,10,11,27,29,35,37,46,48,49],"ascension_level":0}}