{"host":"vlqej45p0v31lhdi","time":1612587768,"event":{"mods":["AchievementEnabler","BaseMod","Bestiary","Colored Powertips","Minty Spire (QoL Compilation)","Relic Sorter","Relic Stats"],"gold_per_floor":[111,111,123,141,160,186,186,217,242,93,93,93,19,51,51,154,154,170,188,200,212,226,226,226],"floor_reached":23,"language":"ENG","playtime":2482,"items_purged":["Strike_B"],"score":316,"play_id":"9d7cb235-6e44-459d-88ad-4f2565e8e040","local_time":"20210205230248","is_ascension_mode":true,"campfire_choices":[{"data":"Sunder","floor":7,"key":"SMITH"},{"floor":11,"key":"REST"},{"data":"Reprogram","floor":15,"key":"SMITH"}],"circlet_count":0,"master_deck":["Strike_B","Strike_B","Strike_B","Defend_B+1","Defend_B","Defend_B","Defend_B","Zap","Dualcast","Sunder+1","Genetic Algorithm","Beam Cell","Genetic Algorithm","Conserve Battery+1","Leap","Doom and Gloom","Reprogram+1","Biased Cognition","CurseOfTheBell","Hologram","Fusion+1","Glacier","Ball Lightning","Redo+1"],"relics":["Snecko Eye","Calipers","War Paint","Tiny Chest","Potion Belt","Calling Bell","Dream Catcher","Question Card","Pocketwatch"],"acts_visited":["Exordium","TheCity"],"potions_floor_usage":[6,8,14,16],"damage_taken":[{"damage":0,"enemies":"Small Slimes","floor":1,"turns":4},{"damage":0,"enemies":"Cultist","floor":3,"turns":3},{"damage":0,"enemies":"Jaw Worm","floor":4,"turns":1},{"damage":2,"enemies":"2 Fungi Beasts","floor":5,"turns":3},{"damage":27,"enemies":"Lagavulin","floor":6,"turns":6},{"damage":19,"enemies":"3 Sentries","floor":8,"turns":9},{"damage":17,"enemies":"Lagavulin","floor":14,"turns":7},{"damage":0,"enemies":"Slime Boss","floor":16,"turns":7},{"damage":20,"enemies":"Shell Parasite","floor":18,"turns":6},{"damage":0,"enemies":"Chosen","floor":19,"turns":5},{"damage":13,"enemies":"Snake Plant","floor":20,"turns":3},{"damage":16,"enemies":"3 Cultists","floor":21,"turns":7},{"damage":18,"enemies":"Shelled Parasite and Fungi","floor":22,"turns":4},{"damage":8,"enemies":"Gremlin Leader","floor":23,"turns":1}],"seed_played":"-696258685339635096","potions_obtained":[{"floor":1,"key":"Energy Potion"},{"floor":2,"key":"BlessingOfTheForge"},{"floor":2,"key":"Dexterity Potion"},{"floor":4,"key":"FearPotion"},{"floor":16,"key":"Ancient Potion"},{"floor":18,"key":"Fire Potion"},{"floor":22,"key":"FocusPotion"}],"is_trial":false,"path_per_floor":["M","?","M","M","M","E","R","E","T","$","R","?","$","E","R","B",null,"M","M","M","M","M","E"],"character_chosen":"DEFECT","items_purchased":["Leap","Fire Potion","Doom and Gloom"],"campfire_rested":1,"item_purchase_floors":[10,10,13],"current_hp_per_floor":[75,75,75,75,73,46,46,27,27,27,49,49,49,32,32,32,75,55,55,42,26,8,0,0],"gold":226,"neow_bonus":"BOSS_RELIC","is_daily":false,"chose_seed":false,"campfire_upgraded":2,"win_rate":0.0,"timestamp":1612587768,"path_taken":["M","?","M","?","M","E","R","E","T","$","R","?","$","E","R","BOSS","M","M","M","M","M","E"],"items_purchased_type":["Card","Potion","Card"],"build_version":"2020-12-22","purchased_purges":1,"victory":false,"max_hp_per_floor":[75,75,75,75,75,75,75,75,75,75,75,75,75,75,75,75,75,75,75,75,75,75,75,75],"relic_stats":{"Dream Catcher":0,"counters":[14,66],"Snecko Eye":[102,134,120,101],"Tiny Chest":0,"War Paint":["Conserve Battery","Defend_B"],"Question Card":5,"obtain_stats":[{"Potion Belt":14,"Calling Bell":17,"Dream Catcher":17,"Calipers":6,"Snecko Eye":0,"Tiny Chest":9,"War Paint":8,"Cracked Core":0,"Question Card":17,"Pocketwatch":17},{"Potion Belt":7,"Calling Bell":8,"Dream Catcher":8,"Calipers":5,"Snecko Eye":0,"Tiny Chest":6,"War Paint":6,"Cracked Core":0,"Question Card":8,"Pocketwatch":8},{"Potion Belt":33,"Calling Bell":40,"Dream Catcher":40,"Calipers":17,"Snecko Eye":0,"Tiny Chest":26,"War Paint":26,"Cracked Core":0,"Question Card":40,"Pocketwatch":40}],"Pocketwatch":[30]},"card_choices":[{"not_picked":["Sweeping Beam","Turbo"],"picked":"Sunder","floor":1},{"not_picked":["Stack","Barrage"],"picked":"Genetic Algorithm","floor":3},{"not_picked":["Redo","Hello World"],"picked":"Beam Cell","floor":4},{"not_picked":["Aggregate","Doom and Gloom"],"picked":"Genetic Algorithm","floor":5},{"not_picked":["Steam Power","Stack"],"picked":"Conserve Battery","floor":6},{"not_picked":["Fission","Redo","Rebound"],"picked":"SKIP","floor":8},{"not_picked":["Leap","Beam Cell"],"picked":"Reprogram","floor":14},{"not_picked":["Multi-Cast","Rainbow"],"picked":"Biased Cognition","floor":16},{"not_picked":["Gash","Steam","BootSequence"],"picked":"Hologram","floor":18},{"not_picked":["Hologram+1","Barrage+1","Gash"],"picked":"Fusion+1","floor":19},{"not_picked":["Compile Driver","Coolheaded","Conserve Battery+1"],"picked":"Glacier","floor":20},{"not_picked":["Stack","Hologram","Auto Shields"],"picked":"Ball Lightning","floor":21},{"not_picked":["Sweeping Beam","Steam Power+1","Streamline"],"picked":"Redo+1","floor":22}],"player_experience":2370746,"relics_obtained":[{"floor":6,"key":"Calipers"},{"floor":8,"key":"War Paint"},{"floor":9,"key":"Tiny Chest"},{"floor":14,"key":"Potion Belt"},{"floor":17,"key":"Dream Catcher"},{"floor":17,"key":"Question Card"},{"floor":17,"key":"Pocketwatch"}],"event_choices":[{"damage_healed":0,"gold_gain":0,"player_choice":"Got Potions","damage_taken":0,"max_hp_gain":0,"max_hp_loss":0,"event_name":"Lab","floor":2,"gold_loss":0},{"damage_healed":0,"gold_gain":0,"player_choice":"Leave","damage_taken":0,"max_hp_gain":0,"max_hp_loss":0,"event_name":"The Cleric","floor":12,"gold_loss":0}],"is_beta":false,"boss_relics":[{"not_picked":["Pandora\u0027s Box","Busted Crown"],"picked":"Calling Bell"}],"items_purged_floors":[10],"is_endless":false,"potions_floor_spawned":[1,3,4,16,18,22],"killed_by":"Gremlin Leader","ascension_level":4}}