{"host":"6r762osam2bvfm66","time":1612570991,"event":{"mods":["BaseMod","Colored Map","Minty Spire (QoL Compilation)"],"gold_per_floor":[132,170,202,162,214,268,298,298,325,13,13,54,108,151,151,306,306,349,365,408,447,33,33,33],"floor_reached":23,"language":"ENG","playtime":1258,"items_purged":["Strike_R","Strike_R"],"score":269,"play_id":"5da4b1b0-4012-4391-8a56-7bf6155628cd","local_time":"20210205182311","is_ascension_mode":true,"campfire_choices":[{"data":"HandOfGreed","floor":8,"key":"SMITH"},{"floor":11,"key":"REST"},{"data":"Uppercut","floor":15,"key":"SMITH"}],"circlet_count":0,"master_deck":["Strike_R","Strike_R","Strike_R","Defend_R","Defend_R","Defend_R","Defend_R","Bash","HandOfGreed+1","Twin Strike","Shrug It Off","Sword Boomerang","Metallicize","Uppercut+1","Feed","Fiend Fire","Demon Form","Inflame","Shrug It Off"],"relics":["Burning Blood","Omamori","Anchor","Ancient Tea Set","Bag of Marbles","Cursed Key","CaptainsWheel"],"acts_visited":["Exordium","TheCity"],"potions_floor_usage":[6,7],"damage_taken":[{"damage":0,"enemies":"Small Slimes","floor":1,"turns":4},{"damage":5,"enemies":"Cultist","floor":2,"turns":5},{"damage":12,"enemies":"Jaw Worm","floor":3,"turns":3},{"damage":2,"enemies":"Exordium Thugs","floor":5,"turns":5},{"damage":22,"enemies":"Gremlin Nob","floor":6,"turns":4},{"damage":22,"enemies":"Large Slime","floor":7,"turns":10},{"damage":8,"enemies":"Blue Slaver","floor":12,"turns":3},{"damage":27,"enemies":"Lagavulin","floor":13,"turns":6},{"damage":0,"enemies":"3 Louse","floor":14,"turns":2},{"damage":18,"enemies":"Slime Boss","floor":16,"turns":10},{"damage":1,"enemies":"2 Thieves","floor":18,"turns":3},{"damage":0,"enemies":"Chosen","floor":19,"turns":3},{"damage":15,"enemies":"Snake Plant","floor":20,"turns":3},{"damage":47,"enemies":"Sentry and Sphere","floor":21,"turns":6},{"damage":31,"enemies":"Gremlin Leader","floor":23,"turns":6}],"seed_played":"-5716033160311330853","potions_obtained":[{"floor":4,"key":"DuplicationPotion"},{"floor":4,"key":"SmokeBomb"},{"floor":4,"key":"FearPotion"},{"floor":6,"key":"Strength Potion"},{"floor":12,"key":"ElixirPotion"}],"is_trial":false,"path_per_floor":["M","M","M","?","M","E","M","R","T","$","R","M","E","M","R","B",null,"M","M","M","M","$","E"],"character_chosen":"IRONCLAD","items_purchased":["Ancient Tea Set","Uppercut","CaptainsWheel"],"campfire_rested":1,"item_purchase_floors":[10,10,22],"current_hp_per_floor":[57,58,52,52,56,40,24,24,24,24,48,46,25,34,34,22,68,73,82,73,32,32,1,1],"gold":33,"neow_bonus":"RANDOM_COLORLESS_2","is_daily":false,"chose_seed":false,"campfire_upgraded":2,"win_rate":0.0,"timestamp":1612570991,"path_taken":["M","M","M","?","M","E","M","R","T","?","R","M","E","M","R","BOSS","M","M","M","M","$","E"],"items_purchased_type":["Relic","Card","Relic"],"build_version":"2020-12-22","purchased_purges":2,"victory":false,"max_hp_per_floor":[80,80,80,80,80,80,80,80,80,80,80,80,80,83,83,83,83,83,86,86,86,86,86,86],"card_choices":[{"not_picked":["Chrysalis","The Bomb"],"picked":"HandOfGreed","floor":0},{"not_picked":["Rupture","Anger","Flex"],"picked":"SKIP","floor":1},{"not_picked":["Havoc","Thunderclap"],"picked":"Twin Strike","floor":2},{"not_picked":["Burning Pact","Sword Boomerang"],"picked":"Shrug It Off","floor":3},{"not_picked":["Blood for Blood","Searing Blow"],"picked":"Sword Boomerang","floor":5},{"not_picked":["Body Slam","Heavy Blade"],"picked":"Metallicize","floor":6},{"not_picked":["Sever Soul","Heavy Blade","Second Wind"],"picked":"SKIP","floor":7},{"not_picked":["Bloodletting","Iron Wave"],"picked":"Feed","floor":12},{"not_picked":["Searing Blow","Fire Breathing"],"picked":"Fiend Fire","floor":13},{"not_picked":["Twin Strike","Headbutt","Wild Strike"],"picked":"SKIP","floor":14},{"not_picked":["Immolate","Offering"],"picked":"Demon Form","floor":16},{"not_picked":["Pommel Strike","Headbutt","Anger+1"],"picked":"SKIP","floor":18},{"not_picked":["Warcry","Carnage"],"picked":"Inflame","floor":19},{"not_picked":["Evolve","Rage","Flex"],"picked":"SKIP","floor":20},{"not_picked":["Dual Wield","Disarm"],"picked":"Shrug It Off","floor":21}],"player_experience":55463,"relics_obtained":[{"floor":6,"key":"Omamori"},{"floor":9,"key":"Anchor"},{"floor":13,"key":"Bag of Marbles"}],"event_choices":[{"damage_healed":0,"gold_gain":0,"player_choice":"Bought 3 Potions","damage_taken":0,"max_hp_gain":0,"max_hp_loss":0,"event_name":"The Woman in Blue","floor":4,"gold_loss":0}],"is_beta":false,"boss_relics":[{"not_picked":["Black Star","Tiny House"],"picked":"Cursed Key"}],"items_purged_floors":[10,22],"is_endless":false,"potions_floor_spawned":[5,6,12,16,19,20,21],"killed_by":"Gremlin Leader","ascension_level":6}}