{"host":"8is2j71l4wmybkoi","time":1612601182,"event":{"mods":["AchievementEnabler","BaseMod","Colored Map","Minty Spire (QoL Compilation)","Rare Cards Sparkle","StSLib","SuperFastMode"],"gold_per_floor":[362,287,8,28,28,28,28,28,28,59,59,84,84,104,104,176,176,191,191,191,191],"floor_reached":20,"language":"KOR","playtime":519,"items_purged":["Strike_B"],"score":312,"play_id":"cc5a128b-5fdd-4477-9e29-db675914b606","local_time":"20210206174622","is_ascension_mode":true,"campfire_choices":[{"data":"Zap","floor":6.0,"key":"SMITH"},{"floor":8.0,"key":"REST"},{"data":"Hologram","floor":11.0,"key":"SMITH"},{"data":"Undo","floor":13.0,"key":"SMITH"},{"data":"Barrage","floor":15.0,"key":"SMITH"}],"circlet_count":0,"master_deck":["AscendersBane","Strike_B","Strike_B","Defend_B","Defend_B","Defend_B","Defend_B","Zap+1","Dualcast+1","Compile Driver","Undo+1","Hologram+1","Ball Lightning","Barrage+1","Biased Cognition","Turbo+1","Necronomicurse"],"relics":["Cracked Core","OrangePellets","Du-Vu Doll","Blue Candle","The Courier","Kunai","Sozu","Necronomicon"],"acts_visited":["Exordium","TheCity"],"potions_floor_usage":[20],"damage_taken":[{"damage":0.0,"enemies":"Small Slimes","floor":1.0,"turns":3.0},{"damage":2.0,"enemies":"Jaw Worm","floor":4.0,"turns":3.0},{"damage":14.0,"enemies":"Lagavulin","floor":10.0,"turns":5.0},{"damage":7.0,"enemies":"Gremlin Nob","floor":12.0,"turns":3.0},{"damage":1.0,"enemies":"Cultist","floor":14.0,"turns":3.0},{"damage":24.0,"enemies":"Slime Boss","floor":16.0,"turns":7.0},{"damage":12.0,"enemies":"Chosen","floor":18.0,"turns":4.0},{"damage":42,"enemies":"Masked Bandits","floor":20,"turns":3}],"seed_played":"6899920232084310426","potions_obtained":[{"floor":12.0,"key":"AttackPotion"},{"floor":14.0,"key":"EssenceOfSteel"}],"is_trial":false,"path_per_floor":["M","?","$","M","T","R","?","R","T","E","R","E","R","M","R","B",null,"M","?","?"],"character_chosen":"DEFECT","items_purchased":["OrangePellets","Fire Potion"],"campfire_rested":1,"item_purchase_floors":[3,3],"current_hp_per_floor":[46,46,46,44,44,44,44,65,65,51,51,44,44,43,43,19,58,46,25,0,0],"gold":191,"neow_bonus":"TWO_FIFTY_GOLD","is_daily":false,"chose_seed":false,"campfire_upgraded":4,"win_rate":0.0,"timestamp":1612601182,"path_taken":["M","?","$","M","?","R","?","R","T","E","R","E","R","M","R","BOSS","M","?","?"],"items_purchased_type":["Relic","Potion"],"build_version":"2020-12-22","purchased_purges":1,"victory":false,"max_hp_per_floor":[71,71,71,71,71,71,71,71,71,71,71,71,71,71,71,71,71,71,71,71,71],"card_choices":[{"not_picked":["Turbo","Leap"],"picked":"Compile Driver","floor":1.0},{"not_picked":["Cold Snap","Redo"],"picked":"Undo","floor":4.0},{"not_picked":["Lockon","Compile Driver"],"picked":"Hologram","floor":10.0},{"not_picked":["Reprogram","Machine Learning"],"picked":"Ball Lightning","floor":12.0},{"not_picked":["Recycle","Redo"],"picked":"Barrage","floor":14.0},{"not_picked":["Buffer","Seek"],"picked":"Biased Cognition","floor":16.0},{"not_picked":["Stack","Conserve Battery"],"picked":"Turbo+1","floor":18.0}],"player_experience":1011606,"relics_obtained":[{"floor":5.0,"key":"Du-Vu Doll"},{"floor":9.0,"key":"Blue Candle"},{"floor":10.0,"key":"The Courier"},{"floor":12.0,"key":"Kunai"},{"floor":19.0,"key":"Necronomicon"}],"event_choices":[{"cards_removed":["Strike_B"],"damage_healed":0.0,"max_hp_gain":0.0,"max_hp_loss":0.0,"gold_gain":0.0,"event_name":"The Cleric","player_choice":"Card Removal","floor":2.0,"gold_loss":75.0,"damage_taken":0.0},{"damage_healed":0.0,"max_hp_gain":0.0,"max_hp_loss":0.0,"gold_gain":0.0,"event_name":"Accursed Blacksmith","player_choice":"Forge","floor":7.0,"gold_loss":0.0,"damage_taken":0.0,"cards_upgraded":["Dualcast"]},{"damage_healed":0.0,"max_hp_gain":0.0,"max_hp_loss":0.0,"gold_gain":0.0,"event_name":"Cursed Tome","player_choice":"Obtained Book","floor":19.0,"gold_loss":0.0,"damage_taken":21.0},{"damage_healed":0,"gold_gain":0,"player_choice":"Fought Bandits","damage_taken":0,"max_hp_gain":0,"max_hp_loss":0,"event_name":"Masked Bandits","floor":20,"gold_loss":0}],"is_beta":false,"boss_relics":[{"not_picked":["Nuclear Battery","Pandora\u0027s Box"],"picked":"Sozu"}],"items_purged_floors":[3],"is_endless":false,"potions_floor_spawned":[12,14],"killed_by":"Masked Bandits","ascension_level":15}}