{"host":"rxqgn04mcfja67mv","time":1612630390,"event":{"mods":["AchievementEnabler","BaseMod","Better Match","Better Note","Better Third Choice","Better Vampires","BetterRewards","Duelist Mod","Grow up Mod","Hermit","Hubris","Minty Spire (QoL Compilation)","Quick Restart","Rare Cards Sparkle","Replay The Spire","Robot Space Explorer","Shop Mod","Spicy Shops","StSLib","Synergy Search","The Bug Knight"],"gold_per_floor":[113,129,61,77,44,44,73,85,97,119,158,182,194,240,252,369,381,406,86,99,6,26,26,58,58,58,73,84,84,84,95,95,199,199,215,225,239,289,303,303,316,316,316,343,343,90,90,51,143,143,143],"floor_reached":50,"language":"ENG","playtime":4505,"items_purged":[],"score":774,"play_id":"5f64bdd5-0859-43e4-8a33-323f29dc67b9","local_time":"20210206165310","is_ascension_mode":true,"campfire_choices":[{"floor":6.0,"key":"RECALL"},{"floor":8.0,"key":"REST"},{"floor":23.0,"key":"REST"},{"data":"Defragment","floor":25.0,"key":"SMITH"},{"data":"Storm","floor":30.0,"key":"SMITH"},{"data":"Rainbow","floor":32.0,"key":"SMITH"},{"data":"Electrodynamics","floor":40.0,"key":"SMITH"},{"data":"Mirror Shield","floor":42.0,"key":"SMITH"},{"data":"Tempest","floor":45,"key":"SMITH"},{"data":"Double Energy","floor":47,"key":"SMITH"}],"circlet_count":0,"master_deck":["Strike_B","Strike_B","Strike_B","Strike_B","Defend_B","Defend_B","Defend_B","Zap","Dualcast","Tempest+1","Conserve Battery","Turbo","Leap","FIFO Queue","Barrage","Turbo","Defragment+1","Reinforced Body","Rainbow+1","Undo","Capacitor","Capacitor","Streamline+1","FIFO Queue","ReplayTheSpireMod:Reroute Power+1","Glacier","hubris:PowerSurge+1","Double Energy+1","Storm+1","Electrodynamics+1","ReplayTheSpireMod:Calculation Training+1","Conserve Battery+1","Hologram","Mirror Shield+1","Coolheaded","Chaos+1","Echo Form","Conserve Battery","Conserve Battery"],"relics":["Cracked Core","NeowsBlessing","betterThird:SlimedRelic","Carrot","Blood Vial","hubris:RGBLights","Omamori","hubris:GrandSneckoEye","MerchantsRug","Gremlin Food","hubris:Towel","Painkiller Herb","Torii","hubris:SphereOfDissonance","Vajra","Cables"],"acts_visited":["Exordium","TheCity","TheBeyond"],"potions_floor_usage":[],"damage_taken":[{"damage":0.0,"enemies":"Jaw Worm","floor":1.0,"turns":1.0},{"damage":0.0,"enemies":"Cultist","floor":2.0,"turns":1.0},{"damage":0.0,"enemies":"Small Slimes","floor":4.0,"turns":1.0},{"damage":45.0,"enemies":"Lagavulin","floor":7.0,"turns":10.0},{"damage":26.0,"enemies":"2 Fungi Beasts","floor":10.0,"turns":5.0},{"damage":0.0,"enemies":"Gremlin Nob","floor":11.0,"turns":3.0},{"damage":6.0,"enemies":"Blue Slaver","floor":12.0,"turns":3.0},{"damage":5.0,"enemies":"HollowMod:MossKnight","floor":14.0,"turns":6.0},{"damage":64.0,"enemies":"Fading Forest","floor":16.0,"turns":11.0},{"damage":17.0,"enemies":"2 Thieves","floor":18.0,"turns":3.0},{"damage":40.0,"enemies":"3 Cultists","floor":20.0,"turns":6.0},{"damage":19.0,"enemies":"Chosen and Byrds","floor":22.0,"turns":5.0},{"damage":1.0,"enemies":"theDuelist:KaibaA2","floor":24.0,"turns":4.0},{"damage":9.0,"enemies":"Centurion and Healer","floor":27.0,"turns":5.0},{"damage":0.0,"enemies":"Shelled Parasite and Fungi","floor":28.0,"turns":4.0},{"damage":14.0,"enemies":"Snake Plant","floor":31.0,"turns":3.0},{"damage":13.0,"enemies":"Collector","floor":33.0,"turns":4.0},{"damage":0.0,"enemies":"Orb Walker","floor":35.0,"turns":1.0},{"damage":8.0,"enemies":"3 Darklings","floor":36.0,"turns":3.0},{"damage":0.0,"enemies":"Transient","floor":37.0,"turns":5.0},{"damage":21.0,"enemies":"Mind Bloom Boss Battle","floor":38.0,"turns":4.0},{"damage":18.0,"enemies":"Spire Growth","floor":39.0,"turns":3.0},{"damage":28.0,"enemies":"Writhing Mass","floor":41.0,"turns":6.0},{"damage":0,"enemies":"Reptomancer","floor":44,"turns":5},{"damage":570,"enemies":"hubris:GrandSnecko","floor":50,"turns":17}],"seed_played":"7335398012267868215","potions_obtained":[{"floor":1.0,"key":"SmokeBomb"},{"floor":4.0,"key":"LifebloodPotion"},{"floor":7.0,"key":"LiquidBronze"},{"floor":12.0,"key":"Energy Potion"},{"floor":16.0,"key":"ColorlessPotion"},{"floor":22.0,"key":"PowerPotion"},{"floor":28.0,"key":"DistilledChaos"},{"floor":31.0,"key":"EssenceOfSteel"},{"floor":35.0,"key":"Reflective Coating"},{"floor":39.0,"key":"PotionOfCapacity"}],"is_trial":false,"path_per_floor":["M","M","$","M","?","R","E","R","T","M","E","M","?","E","R","B",null,"M","$","M","$","M","R","E","R","T","M","M","?","R","M","R","B",null,"?","?","?","?","?","T","?","T","T","E","T","T","T","T","T","B"],"character_chosen":"DEFECT","items_purchased":["Turbo","Capacitor","MerchantsRug","FIFO Queue","ReplayTheSpireMod:Reroute Power+1","Cables","Conserve Battery"],"campfire_rested":2,"item_purchase_floors":[3,19,19,21,21,46,48],"current_hp_per_floor":[95,105,115,125,124,134,99,155,165,149,159,165,175,182,192,152,255,248,258,230,240,233,315,324,334,344,346,358,368,378,376,386,385,425,435,437,449,440,434,444,428,438,448,460,470,480,490,500,510,0,0],"gold":143,"neow_bonus":"THREE_ENEMY_KILL","is_daily":false,"chose_seed":false,"campfire_upgraded":7,"win_rate":0.0,"timestamp":1612630390,"path_taken":["M","M","$","M","?","R","E","R","T","M","E","M","?","E","R","BOSS","M","$","?","$","M","R","E","R","T","M","M","?","R","M","R","BOSS","?","?","?","?","?","T","?","T","T","E","T","T","T","T","T","BOSS"],"items_purchased_type":["Card","Card","Relic","Card","Card","Relic","Card"],"build_version":"2020-12-22","purchased_purges":0,"victory":false,"max_hp_per_floor":[95,105,115,125,135,145,155,165,175,185,195,205,215,225,235,245,255,265,275,285,295,305,315,325,335,345,355,365,375,385,395,405,415,425,435,445,455,465,475,485,495,505,515,525,535,545,555,565,575,575,575],"card_choices":[{"not_picked":["Conserve Battery","ReplayTheSpireMod:Repulse"],"picked":"Tempest","floor":1.0},{"not_picked":["Gash","Chaos"],"picked":"Conserve Battery","floor":2.0},{"not_picked":["Rebound","ReplaySort"],"picked":"Leap","floor":4.0},{"not_picked":["Darkness","Turbo"],"picked":"FIFO Queue","floor":7.0},{"not_picked":["Compile Driver","Gash","BasicCrystalCard"],"picked":"SKIP","floor":10.0},{"not_picked":["Redo","BasicCrystalCard"],"picked":"Barrage","floor":11.0},{"not_picked":["BasicCrystalCard","Go for the Eyes"],"picked":"Turbo","floor":12.0},{"not_picked":["Steam","Rebound"],"picked":"Defragment","floor":14.0},{"not_picked":["hubris:Prefetch","Biased Cognition"],"picked":"Rainbow","floor":16.0},{"not_picked":["Go for the Eyes","Coolheaded"],"picked":"Undo","floor":18.0},{"not_picked":["Turbo","hubris:PowerSurge"],"picked":"Streamline+1","floor":20.0},{"not_picked":["Gash","Aggregate"],"picked":"Glacier","floor":22.0},{"not_picked":["Rebound","Streamline"],"picked":"hubris:PowerSurge+1","floor":24.0},{"not_picked":["BasicCrystalCard","Reinforced Body"],"picked":"Double Energy","floor":27.0},{"not_picked":["Go for the Eyes+1","Rebound"],"picked":"Storm","floor":28.0},{"not_picked":["Cold Snap","Steam","Rip and Tear"],"picked":"SKIP","floor":31.0},{"not_picked":["All For One","Machine Learning"],"picked":"Electrodynamics","floor":33.0},{"not_picked":["Ball Lightning+1","Rip and Tear"],"picked":"ReplayTheSpireMod:Calculation Training+1","floor":35.0},{"not_picked":["Auto Shields","Sweeping Beam+1"],"picked":"Conserve Battery+1","floor":36.0},{"not_picked":["Sweeping Beam+1","Conserve Battery"],"picked":"Hologram","floor":37.0},{"not_picked":["Darkness","Self Repair+1"],"picked":"Mirror Shield","floor":38.0},{"not_picked":["Gash","Go for the Eyes"],"picked":"Coolheaded","floor":39.0},{"not_picked":["Gash+1","ReplayTheSpireMod:System Scan+1"],"picked":"Chaos+1","floor":41.0},{"not_picked":["Coolheaded","Ball Lightning"],"picked":"Echo Form","floor":44}],"player_experience":418881,"relics_obtained":[{"floor":7.0,"key":"MawBank"},{"floor":9.0,"key":"Carrot"},{"floor":11.0,"key":"Blood Vial"},{"floor":14.0,"key":"Omamori"},{"floor":24.0,"key":"Gremlin Food"},{"floor":38.0,"key":"Torii"},{"floor":43.0,"key":"hubris:SphereOfDissonance"},{"floor":44,"key":"Vajra"}],"event_choices":[{"damage_healed":0.0,"max_hp_gain":0.0,"max_hp_loss":0.0,"gold_gain":0.0,"event_name":"betterThird:BetterGoop","player_choice":"Slimed","floor":5.0,"gold_loss":33.0,"damage_taken":11.0},{"damage_healed":0.0,"max_hp_gain":0.0,"max_hp_loss":0.0,"gold_gain":0.0,"event_name":"WeMeetAgain","player_choice":"Gave Potion","floor":13.0,"gold_loss":0.0,"damage_taken":0.0,"relics_obtained":["hubris:RGBLights"]},{"damage_healed":0.0,"max_hp_gain":0.0,"max_hp_loss":0.0,"gold_gain":0.0,"event_name":"MindBloom","player_choice":"Fight","floor":38.0,"gold_loss":0.0,"damage_taken":0.0}],"is_beta":false,"boss_relics":[{"not_picked":["hubris:RunicObelisk","Replay:Drink Me"],"picked":"hubris:GrandSneckoEye"},{"not_picked":["Empty Cage","hubris:HollowSoul"],"picked":"Painkiller Herb"}],"items_purged_floors":[],"is_endless":false,"potions_floor_spawned":[1,4,7,12,16,22,24,28,31,35,39,41],"killed_by":"hubris:GrandSnecko","ascension_level":4}}