{"host":"7k2a2omxz3voj5ax","time":1612628452,"event":{"mods":["BaseMod","Marisa£¨ìFÓê¡¡Ä§ÀíÉ³£©","Minty Spire (QoL Compilation)","Quick Restart","Spicy Shops","StSLib","Starting Relic: Pandora\u0027s Box","Yakumo Yukari mod","¡¾ÒÅÎï¿¨ÅÆ¡¿REMEMod","óô»ðÖ¸ÄÏ"],"gold_per_floor":[3118,2922,2938,2574,2574,2592,2592,2625,2333,2411,2411,2411,2425,2266,2279,1814,1826,1826,1499,1065,1138,1138,1149,1149,934,934,945,964,998,1010,1040,903,949,949,480,312,329,329,329,329,405,405,419,468,484,484,494,514,386,406,154,1153,1176,1176,1187,1207,775,775,650,676,691,585,585,585,585,484,309,334,334],"floor_reached":70,"language":"ZHS","playtime":2174,"items_purged":["Dodge and Roll","Quick Slash","Sucker Punch","Dodge and Roll","Sucker Punch","All Out Attack","Quick Slash","Survivor","Neutralize","Outmaneuver+1","Tactician+1","REME_SelfUpgrade+1"],"score":3536,"play_id":"e1273527-2224-4614-bdd2-dccb08d03a54","local_time":"20210207012052","is_ascension_mode":true,"campfire_choices":[{"data":"Human_Monster_Realm_purple","floor":7.0,"key":"SMITH"},{"data":"Calculated Gamble","floor":11.0,"key":"SMITH"},{"data":"Acrobatics","floor":38.0,"key":"SMITH"},{"floor":40.0,"key":"RECALL"}],"circlet_count":3,"master_deck":["Human_Monster_Realm_purple+1","Acrobatics+1","REME_GreenPollution+1","Calculated Gamble+1","Eviscerate+1","Terror+1","Catalyst+1","Wraith Form v2+1","Finesse","Shrug It Off","REME_SpectralBlade+1","REME_GreenPollution+1"],"relics":["Pandora\u0027s Box","REME_ComplimentaryCards","NeowsBlessing","Membership Card","Medical Kit","Singing Bowl","WingedGreaves","Bag of Preparation","Toy Ornithopter","REME_PoisonedDagger","TheAbacus","Sundial","Molten Egg 2","Lantern","The Courier","Snake Skull","MealTicket","Calipers","Mummified Hand","Astrolabe","Potion Belt","Nloth\u0027s Gift","Shuriken","Paper Crane","The Specimen","PreservedInsect","Omamori","PrismaticShard","War Paint","Frozen Egg 2","TungstenRod","Art of War","Question Card","Centennial Puzzle","REME_DuelDisc","CatCart","Torii","Tough Bandages","Ice Cream","Unceasing Top","Bird Faced Urn","Incense Burner","Mango","Circlet"],"acts_visited":["Exordium","TheCity","TheBeyond","TheEnding"],"potions_floor_usage":[69],"damage_taken":[{"damage":0.0,"enemies":"2 Louse","floor":1.0,"turns":1.0},{"damage":0.0,"enemies":"Jaw Worm","floor":3.0,"turns":1.0},{"damage":0.0,"enemies":"Cultist","floor":6.0,"turns":1.0},{"damage":2.0,"enemies":"Lagavulin","floor":8.0,"turns":5.0},{"damage":4.0,"enemies":"Looter","floor":13.0,"turns":3.0},{"damage":6.0,"enemies":"Large Slime","floor":15.0,"turns":4.0},{"damage":0.0,"enemies":"Lots of Slimes","floor":17.0,"turns":1.0},{"damage":0.0,"enemies":"The Guardian","floor":21.0,"turns":1.0},{"damage":0.0,"enemies":"3 Byrds","floor":23.0,"turns":1.0},{"damage":0.0,"enemies":"Shell Parasite","floor":27.0,"turns":1.0},{"damage":0.0,"enemies":"Snecko","floor":28.0,"turns":1.0},{"damage":2.0,"enemies":"Book of Stabbing","floor":29.0,"turns":2.0},{"damage":0.0,"enemies":"Snake Plant","floor":30.0,"turns":1.0},{"damage":0.0,"enemies":"REME_1_Revenger","floor":31.0,"turns":2.0},{"damage":0.0,"enemies":"Centurion and Healer","floor":37.0,"turns":2.0},{"damage":0.0,"enemies":"Collector","floor":41.0,"turns":1.0},{"damage":0.0,"enemies":"3 Shapes","floor":43.0,"turns":1.0},{"damage":0.0,"enemies":"Orin","floor":44.0,"turns":2.0},{"damage":0.0,"enemies":"Orb Walker","floor":45.0,"turns":1.0},{"damage":0.0,"enemies":"Orb Walker","floor":46.0,"turns":1.0},{"damage":0.0,"enemies":"Writhing Mass","floor":47.0,"turns":2.0},{"damage":0.0,"enemies":"Maw","floor":48.0,"turns":2.0},{"damage":0.0,"enemies":"Sphere and 2 Shapes","floor":50.0,"turns":2.0},{"damage":0.0,"enemies":"Transient","floor":55.0,"turns":4.0},{"damage":0.0,"enemies":"Maw","floor":56.0,"turns":2.0},{"damage":0,"enemies":"Giant Head","floor":60,"turns":2},{"damage":0,"enemies":"Writhing Mass","floor":61,"turns":1},{"damage":0,"enemies":"Time Eater","floor":63,"turns":1},{"damage":0,"enemies":"Awakened One","floor":64,"turns":2},{"damage":0,"enemies":"Shield and Spear","floor":68,"turns":1},{"damage":3,"enemies":"The Heart","floor":69,"turns":6}],"seed_played":"1027333083898649393","potions_obtained":[{"floor":8.0,"key":"GamblersBrew"},{"floor":13.0,"key":"Block Potion"},{"floor":17.0,"key":"DistilledChaos"},{"floor":21.0,"key":"Fruit Juice"},{"floor":23.0,"key":"FairyPotion"},{"floor":29.0,"key":"LiquidMemories"},{"floor":31.0,"key":"ColorlessPotion"},{"floor":41.0,"key":"SmokeBomb"},{"floor":47.0,"key":"GamblersBrew"},{"floor":56,"key":"Weak Potion"},{"floor":61,"key":"EntropicBrew"}],"is_trial":false,"path_per_floor":["M","$","M","$","?","M","R","E","R","T","R","T","M","R","M","$","M","?","R","R","B",null,"M","?","$","?","M","M","E","M","E","R","T","?","R","$","M","R","?","R","B",null,"M","?","M","?","M","M","R","M","R","?","T","T","M","M","$","T","R","E","M","R","B","B",null,"R","$","E","B",null],"character_chosen":"THE_SILENT","items_purchased":["Membership Card","Medical Kit","Singing Bowl","WingedGreaves","Bag of Preparation","Toy Ornithopter","REME_GreenPollution","Calculated Gamble","TheAbacus","Sundial","Molten Egg 2","Lantern","The Courier","Snake Skull","MealTicket","Calipers","Mummified Hand","Potion Belt","The Specimen","Omamori","PrismaticShard","War Paint","Frozen Egg 2","TungstenRod","Art of War","Question Card","Centennial Puzzle","Torii","Tough Bandages","Ice Cream","Incense Burner","Mango","Wraith Form v2+1","Finesse","REME_SpectralBlade+1","REME_GreenPollution+1"],"campfire_rested":0,"item_purchase_floors":[2,4,4,4,9,9,9,9,14,16,16,19,19,20,20,20,20,25,32,35,35,35,35,35,35,36,36,49,51,51,57,57,59,59,62,66],"current_hp_per_floor":[59,59,59,59,59,59,59,66,66,66,66,66,64,64,60,60,62,38,38,38,50,79,81,81,90,90,92,92,92,94,96,96,96,96,96,98,100,100,71,71,78,100,100,104,106,115,117,119,119,121,121,121,121,121,123,125,139,139,139,141,141,141,141,141,141,141,141,143,143],"gold":334,"neow_bonus":"THREE_ENEMY_KILL","is_daily":false,"chose_seed":false,"campfire_upgraded":3,"win_rate":0.0,"timestamp":1612628452,"path_taken":["M","$","M","$","?","M","R","E","R","?","R","T","?","R","M","?","M","?","R","R","BOSS","M","?","$","?","M","M","E","?","E","R","T","?","R","?","M","R","?","R","BOSS","M","?","M","?","M","M","R","M","R","?","T","T","?","M","$","?","R","E","M","R","BOSS","BOSS","R","$","E","BOSS"],"items_purchased_type":["Relic","Relic","Relic","Relic","Relic","Relic","Card","Card","Relic","Relic","Relic","Relic","Relic","Relic","Relic","Relic","Relic","Relic","Relic","Relic","Relic","Relic","Relic","Relic","Relic","Relic","Relic","Relic","Relic","Relic","Relic","Relic","Card","Card","Card","Card"],"build_version":"2020-12-22","purchased_purges":12,"victory":true,"max_hp_per_floor":[66,66,66,66,66,66,66,75,75,75,75,75,77,77,79,79,81,81,81,81,88,88,90,90,90,90,92,92,94,96,98,98,98,98,98,98,100,100,105,105,107,107,107,111,113,115,117,119,119,121,121,121,121,121,123,125,139,139,139,141,141,141,141,141,141,141,141,143,143],"card_choices":[{"not_picked":["Eviscerate","Choke","Quick Slash"],"picked":"SKIP","floor":1.0},{"not_picked":["Quick Slash","Sucker Punch"],"picked":"Tactician","floor":3.0},{"not_picked":["Blade Dance","Poisoned Stab"],"picked":"Acrobatics","floor":6.0},{"not_picked":["Sucker Punch","Dodge and Roll","Dagger Spray"],"picked":"Singing Bowl","floor":8.0},{"not_picked":["Leg Sweep","Underhanded Strike","Distraction"],"picked":"Singing Bowl","floor":13.0},{"not_picked":["Dagger Throw","Cloak And Dagger","Endless Agony"],"picked":"Singing Bowl","floor":15.0},{"not_picked":["Dagger Spray+1","PiercingWail","Blade Dance"],"picked":"Singing Bowl","floor":17.0},{"not_picked":["Wraith Form v2","Night Terror","A Thousand Cuts"],"picked":"Singing Bowl","floor":21.0},{"not_picked":["Poisoned Stab+1","Backstab+1","Underhanded Strike+1"],"picked":"Singing Bowl","floor":23.0},{"not_picked":["Expertise","Dagger Spray+1","Masterful Stab+1"],"picked":"Singing Bowl","floor":27.0},{"not_picked":["Quick Slash+1","Expertise"],"picked":"Catalyst","floor":28.0},{"not_picked":["Accuracy","Flying Knee+1","Sucker Punch+1"],"picked":"Singing Bowl","floor":29.0},{"not_picked":["PiercingWail","Endless Agony+1","Concentrate"],"picked":"Singing Bowl","floor":30.0},{"not_picked":["Distraction","Caltrops+1","Glass Knife+1"],"picked":"Singing Bowl","floor":31.0},{"not_picked":["Twin Strike+1","NonDirectionalLaser+1","Setup","Expertise+1"],"picked":"Singing Bowl","floor":37.0},{"not_picked":["REME_ForAll+1","Seek","REME_EmptyShield","The Bomb"],"picked":"Singing Bowl","floor":41.0},{"not_picked":["Loop+1","WorldDissolvedintheRealm_purple+1","Accuracy+1"],"picked":"REME_SelfUpgrade+1","floor":43.0},{"not_picked":["Clash+1","NonDirectionalLaser+1","Protect","Footwork+1"],"picked":"Singing Bowl","floor":44.0},{"not_picked":["Prostrate","REME_GreenPollution+1","Heavy Blade+1","Force Field"],"picked":"Singing Bowl","floor":44.0},{"not_picked":["SfantasyHide_purple","CutThroughFate+1","Sanctity","Anti_communist_purple","Carnage+1","Fasting2+1","REME_Whirling+1","Boundary_DynamicStaticEquilibrium_purple"],"picked":"Singing Bowl","floor":45.0},{"not_picked":["Crippling Poison","Bane+1","WitchOfGreed+1","Turbo+1"],"picked":"Singing Bowl","floor":46.0},{"not_picked":["RuleDissolution_purple+1","Rampage+1","Anger+1","Stack+1","Prepared","FearNoEvil+1","Crescendo+1","Pommel Strike+1"],"picked":"Singing Bowl","floor":47.0},{"not_picked":["Thinking Ahead","OmniscientAndOmnipotent_Monster_purple+1","Ball Lightning+1","ShootingEcho+1","Steam","Concentrate+1"],"picked":"Singing Bowl","floor":48.0},{"not_picked":["MeetDecomposer_purple+1","WingOfChimera_purple+1","Cleave+1","OpenedBox_purple","Bait_HighSpeedFlying_purple+1","Sweeping Beam+1","UnstableBomb+1","AsteroidBelt"],"picked":"Singing Bowl","floor":50.0},{"not_picked":["Wild Strike+1","AsteroidBelt","Dark Shackles","FlurryOfBlows+1","Choke+1","PulseMagic+1","Self Repair+1","Turbo"],"picked":"Singing Bowl","floor":55.0},{"not_picked":["SuperPerseids+1","Well Laid Plans+1","StateDuplicate_purple","Combust+1"],"picked":"Singing Bowl","floor":56},{"not_picked":["OmniscientAndOmnipotent_Monster_purple+1","Adaptation+1","Magnetism+1","LoveAcrossDimensions_purple+1","Deadly Poison+1","Infernal Blade","Crippling Poison","Deflect"],"picked":"Singing Bowl","floor":60},{"not_picked":["Seeing Red","FearNoEvil+1","PowerUp"],"picked":"Shrug It Off","floor":61},{"not_picked":["PanicButton+1","Searing Blow+1","Creative AI+1","Chaos"],"picked":"Singing Bowl","floor":68}],"player_experience":294456,"relics_obtained":[{"floor":8.0,"key":"Strawberry"},{"floor":12.0,"key":"REME_PoisonedDagger"},{"floor":29.0,"key":"Shuriken"},{"floor":31.0,"key":"Paper Crane"},{"floor":33.0,"key":"PreservedInsect"},{"floor":44.0,"key":"CatCart"},{"floor":53.0,"key":"Unceasing Top"},{"floor":54.0,"key":"Bird Faced Urn"},{"floor":58,"key":"Circlet"},{"floor":60,"key":"Circlet"},{"floor":68,"key":"Circlet"}],"event_choices":[{"damage_healed":0.0,"max_hp_gain":0.0,"max_hp_loss":0.0,"gold_gain":0.0,"event_name":"Liars Game","player_choice":"Ignored","floor":5.0,"gold_loss":0.0,"damage_taken":0.0},{"damage_healed":0.0,"max_hp_gain":0.0,"max_hp_loss":0.0,"gold_gain":0.0,"event_name":"Shining Light","player_choice":"Entered Light","floor":18.0,"gold_loss":0.0,"damage_taken":24.0,"cards_upgraded":["Deadly Poison","REME_GreenPollution"]},{"damage_healed":0.0,"max_hp_gain":0.0,"max_hp_loss":0.0,"gold_gain":0.0,"event_name":"Vampires","player_choice":"Ignored","floor":24.0,"gold_loss":0.0,"damage_taken":0.0},{"damage_healed":0.0,"max_hp_gain":0.0,"max_hp_loss":0.0,"gold_gain":0.0,"event_name":"N\u0027loth","player_choice":"Traded Relic","floor":26.0,"relics_lost":["Strawberry"],"gold_loss":0.0,"damage_taken":0.0,"relics_obtained":["Nloth\u0027s Gift"]},{"damage_healed":0.0,"max_hp_gain":0.0,"max_hp_loss":0.0,"gold_gain":0.0,"event_name":"Match and Keep!","player_choice":"0 cards matched","floor":34.0,"gold_loss":0.0,"damage_taken":0.0,"cards_obtained":[]},{"damage_healed":0.0,"max_hp_gain":5.0,"max_hp_loss":0.0,"gold_gain":0.0,"event_name":"Forgotten Altar","player_choice":"Shed Blood","floor":39.0,"gold_loss":0.0,"damage_taken":35.0},{"damage_healed":0.0,"max_hp_gain":0.0,"max_hp_loss":0.0,"gold_gain":0.0,"event_name":"OrinTheCat","player_choice":"Fight","floor":44.0,"gold_loss":0.0,"damage_taken":0.0},{"damage_healed":0.0,"max_hp_gain":0.0,"max_hp_loss":0.0,"gold_gain":0.0,"event_name":"OrinTheCat","player_choice":"Fight","floor":44.0,"gold_loss":0.0,"damage_taken":0.0},{"damage_healed":0.0,"max_hp_gain":0.0,"max_hp_loss":0.0,"gold_gain":999.0,"event_name":"MindBloom","player_choice":"Gold","floor":52.0,"gold_loss":0.0,"damage_taken":0.0,"cards_obtained":["Normality","Normality"]}],"is_beta":false,"boss_relics":[{"not_picked":["Empty Cage","Philosopher\u0027s Stone"],"picked":"Astrolabe"},{"not_picked":["Busted Crown","Cursed Key"],"picked":"REME_DuelDisc"}],"items_purged_floors":[2,4,9,14,16,16,19,20,20,25,57,67],"is_endless":false,"potions_floor_spawned":[8,13,17,21,23,29,31,41,46,47,56,61],"ascension_level":20}}