{"host":"k21xmcun2pczpxg9","time":1612612950,"event":{"mods":["BaseMod","BetterRewards","Highlight Path","Minty Spire (QoL Compilation)","Quick Restart","Shop Mod"],"gold_per_floor":[112,126,126,140,90,119,136,156,180,180,199,234,264,297,297,297,297],"floor_reached":16,"language":"ENG","playtime":1000,"items_purged":[],"score":147,"play_id":"476de93d-bfd0-49ab-9b26-28eacee01976","local_time":"20210206130230","is_ascension_mode":false,"campfire_choices":[{"data":"Fusion","floor":10.0,"key":"SMITH"},{"floor":15,"key":"REST"}],"circlet_count":0,"master_deck":["Strike_B","Strike_B","Strike_B","Defend_B","Defend_B","Defend_B","Zap","Dualcast","Lockon","Leap","Iron Wave","Coolheaded","BootSequence","Fusion+1","BootSequence","Conserve Battery","Machine Learning","Cold Snap"],"relics":["Cracked Core","PreservedInsect","Eternal Feather","Strawberry","Oddly Smooth Stone","Lantern"],"acts_visited":["Exordium"],"potions_floor_usage":[14,14],"damage_taken":[{"damage":1.0,"enemies":"Jaw Worm","floor":1.0,"turns":3.0},{"damage":1.0,"enemies":"Cultist","floor":2.0,"turns":3.0},{"damage":1.0,"enemies":"2 Louse","floor":4.0,"turns":2.0},{"damage":0.0,"enemies":"Gremlin Nob","floor":6.0,"turns":2.0},{"damage":3.0,"enemies":"Looter","floor":7.0,"turns":3.0},{"damage":10.0,"enemies":"Lots of Slimes","floor":8.0,"turns":5.0},{"damage":9.0,"enemies":"Gremlin Gang","floor":11.0,"turns":6.0},{"damage":5,"enemies":"Lagavulin","floor":12,"turns":7},{"damage":23,"enemies":"Gremlin Nob","floor":14,"turns":4},{"damage":35,"enemies":"Slime Boss","floor":16,"turns":11}],"seed_played":"5978435244913863868","potions_obtained":[{"floor":1.0,"key":"Fire Potion"},{"floor":4.0,"key":"Fire Potion"},{"floor":11.0,"key":"Swift Potion"}],"is_trial":false,"path_per_floor":["M","M","?","M","?","E","M","M","T","R","M","E","?","E","R","B"],"character_chosen":"DEFECT","items_purchased":[],"campfire_rested":1,"item_purchase_floors":[],"current_hp_per_floor":[74,73,73,72,72,72,69,59,66,75,66,61,61,38,71,36,36],"gold":297,"neow_bonus":"RANDOM_COMMON_RELIC","is_daily":false,"chose_seed":false,"campfire_upgraded":1,"win_rate":0.0,"timestamp":1612612950,"path_taken":["M","M","?","?","?","E","M","M","T","R","M","E","?","E","R","BOSS"],"items_purchased_type":[],"build_version":"2020-12-22","purchased_purges":0,"victory":false,"max_hp_per_floor":[75,75,75,75,75,75,75,75,82,82,82,82,82,82,82,82,82],"card_choices":[{"not_picked":["Chill","Leap"],"picked":"Lockon","floor":1.0},{"not_picked":["Stack","Beam Cell"],"picked":"Leap","floor":2.0},{"not_picked":["Gash","Conserve Battery"],"picked":"Coolheaded","floor":4.0},{"not_picked":["Reboot","Skim"],"picked":"BootSequence","floor":6.0},{"not_picked":["Go for the Eyes","Steam"],"picked":"Fusion","floor":7.0},{"not_picked":["Lockon","Barrage"],"picked":"BootSequence","floor":8.0},{"not_picked":["BootSequence","Gash"],"picked":"Conserve Battery","floor":11.0},{"not_picked":["Undo","Turbo"],"picked":"Machine Learning","floor":12},{"not_picked":["Self Repair","Heatsinks"],"picked":"Cold Snap","floor":14}],"player_experience":131821,"relics_obtained":[{"floor":6.0,"key":"Eternal Feather"},{"floor":9.0,"key":"Strawberry"},{"floor":12,"key":"Oddly Smooth Stone"},{"floor":14,"key":"Lantern"}],"event_choices":[{"cards_removed":["Defend_B"],"damage_healed":0.0,"max_hp_gain":0.0,"max_hp_loss":0.0,"gold_gain":0.0,"event_name":"NoteForYourself","player_choice":"Took Card","floor":3.0,"gold_loss":0.0,"damage_taken":0.0,"cards_obtained":["Iron Wave"]},{"cards_removed":["Strike_B"],"damage_healed":0.0,"max_hp_gain":0.0,"max_hp_loss":0.0,"gold_gain":0.0,"event_name":"The Cleric","player_choice":"Card Removal","floor":5.0,"gold_loss":50.0,"damage_taken":0.0},{"damage_healed":0,"gold_gain":30,"player_choice":"Searched \u00272\u0027 times","damage_taken":0,"max_hp_gain":0,"max_hp_loss":0,"event_name":"Dead Adventurer","floor":13,"gold_loss":0}],"is_beta":false,"boss_relics":[],"items_purged_floors":[],"is_endless":false,"potions_floor_spawned":[1,4,11],"killed_by":"Slime Boss","ascension_level":0}}