{"host":"utqe55yv0jihe4d6","time":1612590833,"event":{"mods":["2.2 Compatiblity","AchievementEnabler","BaseMod","Block Reminder","Colored Map","Colored Powertips","Minty Spire (QoL Compilation)","Quick Restart","Rare Cards Sparkle","Relic Stats","SuperFastMode"],"gold_per_floor":[117,134,284,295,295,295,295,328,328,328,328,361,378,51,51,51,51],"floor_reached":16,"language":"ENG","playtime":334,"items_purged":[],"score":216,"play_id":"5db3ab1e-a20f-4d8f-ac1d-666a0e9f5c25","local_time":"20210206005353","is_ascension_mode":true,"campfire_choices":[{"data":"Melter","floor":6.0,"key":"SMITH"},{"floor":11,"key":"REST"},{"floor":15,"key":"REST"}],"circlet_count":0,"master_deck":["AscendersBane","Strike_B","Strike_B","Strike_B","Strike_B","Defend_B","Defend_B","Defend_B","Defend_B","Zap","Dualcast","Compile Driver","Static Discharge","Melter+1","Recycle+1","Coolheaded","Reinforced Body","Gash"],"relics":["Cracked Core","NeowsBlessing","Symbiotic Virus","Kunai","Strawberry","Eternal Feather"],"acts_visited":["Exordium"],"potions_floor_usage":[11,16],"damage_taken":[{"damage":0.0,"enemies":"2 Louse","floor":1.0,"turns":1.0},{"damage":0.0,"enemies":"Jaw Worm","floor":2.0,"turns":1.0},{"damage":0.0,"enemies":"Small Slimes","floor":4.0,"turns":1.0},{"damage":30,"enemies":"Lagavulin","floor":8,"turns":5},{"damage":55,"enemies":"3 Sentries","floor":12,"turns":7},{"damage":3,"enemies":"Looter","floor":13,"turns":4},{"damage":45,"enemies":"The Guardian","floor":16,"turns":14}],"seed_played":"-4083976098677203299","potions_obtained":[{"floor":8,"key":"Fruit Juice"},{"floor":12,"key":"CultistPotion"},{"floor":13,"key":"Energy Potion"}],"is_trial":false,"path_per_floor":["M","M","?","M","?","R","?","E","T","?","R","E","M","$","R","B"],"character_chosen":"DEFECT","items_purchased":["Eternal Feather","Gash"],"campfire_rested":2,"item_purchase_floors":[14,14],"current_hp_per_floor":[64,64,64,64,69,69,62,32,32,32,59,11,8,8,43,0,0],"gold":51,"neow_bonus":"THREE_ENEMY_KILL","is_daily":false,"chose_seed":false,"campfire_upgraded":1,"win_rate":0.0,"timestamp":1612590833,"path_taken":["M","M","?","M","?","R","?","E","T","?","R","E","M","$","R","BOSS"],"items_purchased_type":["Relic","Card"],"build_version":"2020-12-22","purchased_purges":0,"victory":false,"max_hp_per_floor":[71,71,71,71,76,76,76,76,76,76,81,88,88,88,88,88,88],"relic_stats":{"counters":[7,33],"Eternal Feather":9,"Kunai":[0],"obtain_stats":[{"NeowsBlessing":0,"Strawberry":12,"Eternal Feather":14,"Kunai":9,"Cracked Core":0,"Symbiotic Virus":8},{"NeowsBlessing":0,"Strawberry":5,"Eternal Feather":6,"Kunai":4,"Cracked Core":0,"Symbiotic Virus":4},{"NeowsBlessing":0,"Strawberry":15,"Eternal Feather":19,"Kunai":8,"Cracked Core":0,"Symbiotic Virus":8}]},"card_choices":[{"not_picked":["Go for the Eyes","Gash"],"picked":"Compile Driver","floor":1.0},{"not_picked":["Reprogram","Hologram"],"picked":"Static Discharge","floor":2.0},{"not_picked":["Gash","Go for the Eyes"],"picked":"Melter","floor":4.0},{"not_picked":["Storm","Leap"],"picked":"Recycle","floor":8},{"not_picked":["Compile Driver","Hologram"],"picked":"Coolheaded","floor":12},{"not_picked":["Leap","Redo"],"picked":"Reinforced Body","floor":13}],"player_experience":3030281,"relics_obtained":[{"floor":8,"key":"Symbiotic Virus"},{"floor":9,"key":"Kunai"},{"floor":12,"key":"Strawberry"}],"event_choices":[{"damage_healed":0.0,"max_hp_gain":0.0,"max_hp_loss":0.0,"gold_gain":150.0,"event_name":"Liars Game","player_choice":"AGREE","floor":3.0,"gold_loss":0.0,"damage_taken":0.0,"cards_obtained":["Doubt"]},{"damage_healed":0.0,"max_hp_gain":5.0,"max_hp_loss":0.0,"gold_gain":0.0,"event_name":"Big Fish","player_choice":"Donut","floor":5.0,"gold_loss":0.0,"damage_taken":0.0},{"cards_removed":["Doubt"],"damage_healed":0,"gold_gain":0,"player_choice":"Card Removal","damage_taken":7,"max_hp_gain":0,"max_hp_loss":0,"event_name":"Golden Wing","floor":7,"gold_loss":0},{"damage_healed":0,"gold_gain":0,"player_choice":"Upgraded","damage_taken":0,"max_hp_gain":0,"max_hp_loss":0,"event_name":"Upgrade Shrine","floor":10,"gold_loss":0,"cards_upgraded":["Recycle"]}],"is_beta":false,"boss_relics":[],"items_purged_floors":[],"is_endless":false,"potions_floor_spawned":[8,12,13],"killed_by":"The Guardian","ascension_level":20}}