{"host":"8f5cu9y0fpol72qs","time":1612646460,"event":{"mods":["AlwaysNeverKeys","BaseMod","Colored Map","Colored Powertips","Curses Come First","Highlight Path","Key Reminder","Minty Spire (QoL Compilation)","StSLib"],"gold_per_floor":[119,136,152,152,77,108,120,136,136,136,199,212,239,258,258,335,335,371,371,103,120,45,74,74,74,74,74,108,147,175,190,190,265,265,278,500,535,548,548,548,574,574,574,590,634,648,240,251,251,251,251,251,30,63,63],"floor_reached":56,"language":"ENG","playtime":5396,"items_purged":["Strike_P","Defend_P","Strike_P"],"score":1951,"play_id":"9a9c4cb8-5b06-4371-ac8d-526bb277ca41","local_time":"20210206132100","is_ascension_mode":true,"campfire_choices":[{"data":"Eruption","floor":10.0,"key":"SMITH"},{"data":"Ragnarok","floor":15.0,"key":"SMITH"},{"floor":24.0,"key":"REST"},{"floor":32.0,"key":"REST"},{"floor":40.0,"key":"REST"},{"floor":42.0,"key":"RECALL"},{"floor":49.0,"key":"REST"},{"floor":52.0,"key":"REST"}],"circlet_count":0,"master_deck":["AscendersBane","Strike_P+1","Defend_P+1","Defend_P+1","Eruption+1","Vigilance","Wireheading","Weave+1","FlyingSleeves+1","Ragnarok+1","WreathOfFlame+1","EmptyFist","Wish","Adaptation+1","Protect","Omniscience","Protect","RitualDagger+1","CutThroughFate","FollowUp+1","CutThroughFate+1","LessonLearned","Sanctity+1","DevaForm+1","Indignation+1","LikeWater","TalkToTheHand","Apotheosis","LikeWater","WaveOfTheHand"],"relics":["PureWater","Meat on the Bone","Shuriken","Darkstone Periapt","Letter Opener","Fusion Hammer","ClockworkSouvenir","TeardropLocket","Enchiridion","GoldenEye","Red Mask","Whetstone","Runic Pyramid","White Beast Statue","Happy Flower","Damaru"],"acts_visited":["Exordium","TheCity","TheBeyond","TheEnding"],"potions_floor_usage":[54,55],"damage_taken":[{"damage":6.0,"enemies":"Cultist","floor":1.0,"turns":5.0},{"damage":0.0,"enemies":"Jaw Worm","floor":2.0,"turns":4.0},{"damage":0.0,"enemies":"2 Louse","floor":3.0,"turns":3.0},{"damage":30.0,"enemies":"Gremlin Nob","floor":6.0,"turns":5.0},{"damage":3.0,"enemies":"Blue Slaver","floor":7.0,"turns":4.0},{"damage":0.0,"enemies":"Large Slime","floor":8.0,"turns":4.0},{"damage":13.0,"enemies":"Lagavulin Event","floor":11.0,"turns":5.0},{"damage":1.0,"enemies":"2 Fungi Beasts","floor":12.0,"turns":4.0},{"damage":7.0,"enemies":"Lagavulin","floor":13.0,"turns":4.0},{"damage":8.0,"enemies":"Blue Slaver","floor":14.0,"turns":3.0},{"damage":21.0,"enemies":"Slime Boss","floor":16.0,"turns":5.0},{"damage":6.0,"enemies":"3 Byrds","floor":18.0,"turns":5.0},{"damage":0.0,"enemies":"Chosen","floor":21.0,"turns":2.0},{"damage":47.0,"enemies":"Slavers","floor":23.0,"turns":5.0},{"damage":12.0,"enemies":"Masked Bandits","floor":28.0,"turns":2.0},{"damage":0.0,"enemies":"3 Cultists","floor":29.0,"turns":3.0},{"damage":0.0,"enemies":"Gremlin Leader","floor":30.0,"turns":3.0},{"damage":0.0,"enemies":"Snake Plant","floor":31.0,"turns":2.0},{"damage":52.0,"enemies":"Automaton","floor":33.0,"turns":7.0},{"damage":3.0,"enemies":"3 Darklings","floor":35.0,"turns":3.0},{"damage":11.0,"enemies":"3 Shapes","floor":37.0,"turns":7.0},{"damage":31.0,"enemies":"Writhing Mass","floor":38.0,"turns":4.0},{"damage":1.0,"enemies":"Giant Head","floor":41.0,"turns":4.0},{"damage":3.0,"enemies":"Spire Growth","floor":44.0,"turns":4.0},{"damage":8.0,"enemies":"4 Shapes","floor":45.0,"turns":7.0},{"damage":20.0,"enemies":"Writhing Mass","floor":46.0,"turns":3.0},{"damage":10.0,"enemies":"Spire Growth","floor":48.0,"turns":3.0},{"damage":66.0,"enemies":"Donu and Deca","floor":50.0,"turns":7.0},{"damage":57,"enemies":"Shield and Spear","floor":54,"turns":5},{"damage":12,"enemies":"The Heart","floor":55,"turns":7}],"seed_played":"-5437628461324434751","potions_obtained":[{"floor":6.0,"key":"Block Potion"},{"floor":7.0,"key":"ColorlessPotion"},{"floor":12.0,"key":"EssenceOfSteel"},{"floor":13.0,"key":"Weak Potion"},{"floor":14.0,"key":"Block Potion"},{"floor":29.0,"key":"FearPotion"},{"floor":31.0,"key":"Strength Potion"},{"floor":41.0,"key":"SteroidPotion"},{"floor":44.0,"key":"BottledMiracle"},{"floor":45.0,"key":"FairyPotion"},{"floor":46.0,"key":"SteroidPotion"},{"floor":54,"key":"PowerPotion"}],"is_trial":false,"path_per_floor":["M","M","M","?","$","E","M","M","T","R","?","M","E","M","R","B",null,"M","?","$","M","?","E","R","?","T","?","?","M","E","M","R","B",null,"M","?","M","M","?","R","E","R","T","M","M","M","$","M","R","B",null,"R","$","E","B",null],"character_chosen":"WATCHER","items_purchased":["ClockworkSouvenir","Apotheosis","LikeWater","Happy Flower","Block Potion"],"campfire_rested":5,"item_purchase_floors":[20,47,47,53,53],"current_hp_per_floor":[61,61,61,50,50,20,29,41,41,41,40,39,44,48,48,39,65,59,53,53,53,53,18,40,19,19,19,19,31,43,43,65,25,62,59,59,48,29,29,51,50,50,50,47,39,31,31,33,55,28,63,74,74,29,29],"gold":63,"neow_bonus":"TEN_PERCENT_HP_BONUS","is_daily":false,"chose_seed":false,"campfire_upgraded":2,"win_rate":0.0,"timestamp":1612646460,"path_taken":["M","M","M","?","$","E","M","?","T","R","?","M","E","M","R","BOSS","M","?","$","M","?","E","R","?","T","?","?","M","E","M","R","BOSS","M","?","M","M","?","R","E","R","T","M","?","?","$","M","R","BOSS","R","$","E","BOSS"],"items_purchased_type":["Relic","Card","Card","Relic","Potion"],"build_version":"2020-12-22","purchased_purges":3,"victory":true,"max_hp_per_floor":[74,74,74,74,74,74,74,74,74,74,74,74,74,74,74,74,74,74,74,74,74,74,74,74,74,74,74,74,74,74,74,74,74,74,74,74,74,74,74,74,74,74,74,74,74,74,74,74,74,74,74,74,74,74,74],"card_choices":[{"not_picked":["JustLucky","SashWhip"],"picked":"Wireheading","floor":1.0},{"not_picked":["Evaluate","MentalFortress"],"picked":"Weave","floor":2.0},{"not_picked":["Weave","Halt"],"picked":"FlyingSleeves","floor":3.0},{"not_picked":["EmptyFist","SignatureMove"],"picked":"Ragnarok","floor":6.0},{"not_picked":["FlyingSleeves","CrushJoints"],"picked":"WreathOfFlame","floor":7.0},{"not_picked":["Prostrate","Nirvana"],"picked":"EmptyFist","floor":8.0},{"not_picked":["Crescendo","Halt"],"picked":"Wish","floor":12.0},{"not_picked":["EmptyFist","FlurryOfBlows"],"picked":"Adaptation","floor":13.0},{"not_picked":["Nirvana","EmptyFist"],"picked":"Protect","floor":14.0},{"not_picked":["Wish","LessonLearned"],"picked":"Omniscience","floor":16.0},{"not_picked":["JustLucky","Prostrate"],"picked":"Protect","floor":18.0},{"not_picked":["Wireheading","MentalFortress"],"picked":"CutThroughFate","floor":21.0},{"not_picked":["Judgement","Vengeance"],"picked":"FollowUp+1","floor":23.0},{"not_picked":["Worship","PathToVictory"],"picked":"CutThroughFate","floor":29.0},{"not_picked":["Blasphemy","Swivel"],"picked":"LessonLearned","floor":30.0},{"not_picked":["WreathOfFlame+1","Halt"],"picked":"Sanctity","floor":31.0},{"not_picked":["Vault","Devotion"],"picked":"DevaForm","floor":33.0},{"not_picked":["ThirdEye","LikeWater"],"picked":"Indignation+1","floor":35.0},{"not_picked":["Tantrum","FearNoEvil","Collect+1"],"picked":"SKIP","floor":37.0},{"not_picked":["ThirdEye","SignatureMove","Crescendo"],"picked":"SKIP","floor":38.0},{"not_picked":["FollowUp","ThirdEye"],"picked":"LikeWater","floor":41.0},{"not_picked":["LikeWater+1","Evaluate"],"picked":"TalkToTheHand","floor":44.0},{"not_picked":["JustLucky","Wireheading","Crescendo"],"picked":"SKIP","floor":45.0},{"not_picked":["WheelKick","ClearTheMind","Crescendo"],"picked":"SKIP","floor":46.0},{"not_picked":["JustLucky","Halt"],"picked":"WaveOfTheHand","floor":48.0},{"not_picked":["LessonLearned","Adaptation","CarveReality"],"picked":"SKIP","floor":54}],"player_experience":1026534,"relics_obtained":[{"floor":6.0,"key":"Meat on the Bone"},{"floor":9.0,"key":"Shuriken"},{"floor":11.0,"key":"Darkstone Periapt"},{"floor":13.0,"key":"Letter Opener"},{"floor":23.0,"key":"TeardropLocket"},{"floor":25.0,"key":"Enchiridion"},{"floor":26.0,"key":"GoldenEye"},{"floor":28.0,"key":"Red Mask"},{"floor":30.0,"key":"Whetstone"},{"floor":41.0,"key":"White Beast Statue"},{"floor":54,"key":"Damaru"}],"event_choices":[{"damage_healed":0.0,"max_hp_gain":0.0,"max_hp_loss":0.0,"gold_gain":0.0,"event_name":"Wheel of Change","player_choice":"Damaged","floor":4.0,"gold_loss":0.0,"damage_taken":11.0},{"damage_healed":0.0,"max_hp_gain":0.0,"max_hp_loss":0.0,"gold_gain":0.0,"event_name":"Dead Adventurer","player_choice":"Searched \u00272\u0027 times","floor":11.0,"gold_loss":0.0,"damage_taken":0.0},{"damage_healed":0.0,"max_hp_gain":0.0,"max_hp_loss":0.0,"gold_gain":0.0,"event_name":"Nest","player_choice":"Joined the Cult","floor":19.0,"gold_loss":0.0,"damage_taken":6.0,"cards_obtained":["RitualDagger"]},{"cards_removed":["Strike_P"],"damage_healed":0.0,"max_hp_gain":0.0,"max_hp_loss":0.0,"gold_gain":0.0,"event_name":"Beggar","player_choice":"Gave Gold","floor":22.0,"gold_loss":75.0,"damage_taken":0.0},{"damage_healed":0.0,"max_hp_gain":0.0,"max_hp_loss":0.0,"gold_gain":0.0,"event_name":"Cursed Tome","player_choice":"Obtained Book","floor":25.0,"gold_loss":0.0,"damage_taken":21.0},{"damage_healed":0.0,"max_hp_gain":0.0,"max_hp_loss":0.0,"gold_gain":0.0,"event_name":"The Mausoleum","player_choice":"Ignored","floor":27.0,"gold_loss":0.0,"damage_taken":0.0},{"damage_healed":0.0,"max_hp_gain":0.0,"max_hp_loss":0.0,"gold_gain":0.0,"event_name":"Masked Bandits","player_choice":"Fought Bandits","floor":28.0,"gold_loss":0.0,"damage_taken":0.0},{"damage_healed":0.0,"max_hp_gain":0.0,"max_hp_loss":0.0,"gold_gain":222.0,"event_name":"Tomb of Lord Red Mask","player_choice":"Wore Mask","floor":36.0,"gold_loss":0.0,"damage_taken":0.0},{"cards_removed":["Defend_P"],"damage_healed":0.0,"max_hp_gain":0.0,"max_hp_loss":0.0,"gold_gain":0.0,"event_name":"Wheel of Change","player_choice":"Card Removal","floor":39.0,"gold_loss":0.0,"damage_taken":0.0}],"is_beta":false,"boss_relics":[{"not_picked":["Astrolabe","Empty Cage"],"picked":"Fusion Hammer"},{"not_picked":["Velvet Choker","Calling Bell"],"picked":"Runic Pyramid"}],"items_purged_floors":[5,20,47],"is_endless":false,"potions_floor_spawned":[6,7,12,13,14,21,29,31,33,41,44,45,46,48,54],"ascension_level":16}}