{"host":"1bmpebsu0h6jmm2g","time":1612616531,"event":{"mods":["BaseMod","BetterRewards","Colored Map","DeckTracker","Highlight Path","Keyboard Shortcuts","Minty Spire (QoL Compilation)","Permanent Neow","Quick Restart","Relic Stats","Slay the Relics Exporter","Spicy Shops","StSLib","SuperFastMode"],"gold_per_floor":[118,137,212,212,223,223,233,258,270,295,318,330,353,379,391,482,494,524,567,579,96,116,150,150,166,221,221,3,19,49,49,49,123,123,139,64,84,95,109,138,138,164,164,164,164,197,109,109,109,109,109,109,0,26,26,26],"floor_reached":55,"language":"KOR","playtime":2767,"items_purged":["Strike_B","Defend_B","Strike_B","Defend_B","Defend_B"],"score":1640,"play_id":"70499d46-2e82-404d-a5fe-49e3de42e978","local_time":"20210206220211","is_ascension_mode":true,"campfire_choices":[{"floor":6.0,"key":"REST"},{"data":"Streamline","floor":12.0,"key":"SMITH"},{"data":"Darkness","floor":15.0,"key":"SMITH"},{"data":"Self Repair","floor":24.0,"key":"SMITH"},{"data":"Redo","floor":27.0,"key":"SMITH"},{"data":"Dualcast","floor":32,"key":"SMITH"},{"floor":41,"key":"RECALL"},{"floor":44,"key":"REST"},{"floor":49,"key":"REST"},{"data":"Undo","floor":52,"key":"SMITH"}],"circlet_count":0,"master_deck":["AscendersBane","Defend_B","Zap","Dualcast+1","Self Repair+1","White Noise","Undo+1","Compile Driver","Streamline+1","Darkness+1","Core Surge","Sunder","Redo+1","Redo+1","Coolheaded+1","Conserve Battery+1","Glacier+1","Turbo+1","Coolheaded+1","Hologram+1","Defragment+1","Recycle+1","Core Surge","Fusion+1","Compile Driver+1","Compile Driver","Electrodynamics","Coolheaded+1","Deep Breath+1","Purity+1","Defragment+1"],"relics":["Cracked Core","Bag of Preparation","White Beast Statue","Medical Kit","MawBank","Mercury Hourglass","Runic Dome","Red Mask","Toxic Egg 2","WingedGreaves","Dream Catcher","Membership Card","Pear","Nuclear Battery","MealTicket","Bottled Lightning","Omamori","Incense Burner","DollysMirror","Blood Vial"],"acts_visited":["Exordium","TheCity","TheBeyond","TheEnding"],"potions_floor_usage":[29,33,35,55],"damage_taken":[{"damage":15.0,"enemies":"Small Slimes","floor":1.0,"turns":3.0},{"damage":0.0,"enemies":"2 Louse","floor":2.0,"turns":1.0},{"damage":2.0,"enemies":"Jaw Worm","floor":5.0,"turns":4.0},{"damage":6.0,"enemies":"Looter","floor":7.0,"turns":4.0},{"damage":20.0,"enemies":"Lagavulin","floor":8.0,"turns":9.0},{"damage":0.0,"enemies":"3 Louse","floor":10.0,"turns":2.0},{"damage":6.0,"enemies":"Blue Slaver","floor":11.0,"turns":4.0},{"damage":0.0,"enemies":"Large Slime","floor":13.0,"turns":4.0},{"damage":10.0,"enemies":"Looter","floor":14.0,"turns":4.0},{"damage":31.0,"enemies":"Hexaghost","floor":16.0,"turns":6.0},{"damage":17.0,"enemies":"Shell Parasite","floor":18.0,"turns":5.0},{"damage":17.0,"enemies":"Masked Bandits","floor":19.0,"turns":3.0},{"damage":6.0,"enemies":"2 Thieves","floor":22.0,"turns":2.0},{"damage":17.0,"enemies":"Slavers","floor":23.0,"turns":5.0},{"damage":8.0,"enemies":"Shelled Parasite and Fungi","floor":25.0,"turns":7.0},{"damage":0,"enemies":"Cultist and Chosen","floor":29,"turns":5},{"damage":0,"enemies":"Gremlin Leader","floor":30,"turns":6},{"damage":38,"enemies":"Collector","floor":33,"turns":8},{"damage":9,"enemies":"3 Darklings","floor":35,"turns":5},{"damage":4,"enemies":"Orb Walker","floor":37,"turns":4},{"damage":0,"enemies":"Sphere and 2 Shapes","floor":38,"turns":5},{"damage":18,"enemies":"Spire Growth","floor":39,"turns":4},{"damage":0,"enemies":"Giant Head","floor":40,"turns":6},{"damage":31,"enemies":"Nemesis","floor":42,"turns":9},{"damage":0,"enemies":"Reptomancer","floor":46,"turns":4},{"damage":0,"enemies":"Awakened One","floor":50,"turns":6},{"damage":61,"enemies":"Shield and Spear","floor":54,"turns":6},{"damage":33,"enemies":"The Heart","floor":55,"turns":3}],"seed_played":"-8943413727193924383","potions_obtained":[{"floor":1.0,"key":"Weak Potion"},{"floor":2.0,"key":"Fire Potion"},{"floor":5.0,"key":"LiquidMemories"},{"floor":8.0,"key":"FocusPotion"},{"floor":10.0,"key":"EssenceOfDarkness"},{"floor":16.0,"key":"DuplicationPotion"},{"floor":18.0,"key":"Explosive Potion"},{"floor":19.0,"key":"Explosive Potion"},{"floor":22.0,"key":"ColorlessPotion"},{"floor":23.0,"key":"FearPotion"},{"floor":25.0,"key":"Regen Potion"},{"floor":29,"key":"AttackPotion"},{"floor":30,"key":"DistilledChaos"},{"floor":33,"key":"LiquidBronze"},{"floor":35,"key":"SkillPotion"},{"floor":37,"key":"Ancient Potion"}],"is_trial":false,"path_per_floor":["M","M","?","?","M","R","M","E","T","M","M","R","M","M","R","B",null,"M","?","?","$","M","E","R","M","T","R","$","M","E","?","R","B",null,"M","$","M","M","M","E","R","E","T","R","?","E","$","?","R","B",null,"R","$","E","B"],"character_chosen":"DEFECT","items_purchased":["Bag of Preparation","White Beast Statue","Self Repair","Medical Kit","Toxic Egg 2","Redo+1","Coolheaded+1","Membership Card","Coolheaded+1","Incense Burner","DollysMirror","FocusPotion"],"campfire_rested":3,"item_purchase_floors":[0,0,0,0,21,21,21,28,28,47,53,53],"current_hp_per_floor":[24,31,20,20,25,46,47,34,34,41,42,42,49,46,46,22,59,49,39,39,39,40,30,30,32,32,32,32,42,62,62,62,34,69,70,70,76,81,73,81,81,60,60,81,81,81,81,71,81,81,81,81,81,30,0,0],"gold":26,"neow_bonus":"","is_daily":false,"chose_seed":false,"campfire_upgraded":6,"win_rate":0.0,"timestamp":1612616531,"path_taken":["M","M","?","?","M","R","M","E","T","?","M","R","M","M","R","BOSS","M","?","?","$","M","E","R","M","T","R","?","M","E","?","R","BOSS","M","$","M","M","M","E","R","E","T","R","?","E","?","?","R","BOSS","R","$","E","BOSS"],"items_purchased_type":["Relic","Relic","Card","Relic","Relic","Card","Card","Relic","Card","Relic","Relic","Potion"],"build_version":"2020-12-22","purchased_purges":5,"victory":false,"max_hp_per_floor":[71,71,71,71,71,71,71,71,71,71,71,71,71,71,71,71,71,71,71,71,71,71,71,71,71,71,71,71,71,81,81,81,81,81,81,81,81,81,81,81,81,81,81,81,81,81,81,81,81,81,81,81,81,81,81,81],"relic_stats":{"Blood Vial":2,"Dream Catcher":3,"counters":[28,134],"MealTicket":15,"Bag of Preparation":[80],"Medical Kit":[43],"MawBank":156,"obtain_stats":[{"Pear":30,"Oddly Smooth Stone":0,"Bag of Preparation":0,"Omamori":46,"Incense Burner":47,"Medical Kit":0,"MawBank":8,"White Beast Statue":0,"Mercury Hourglass":9,"Nuclear Battery":34,"Blood Vial":54,"Runic Dome":17,"Dream Catcher":26,"DollysMirror":53,"MealTicket":40,"WingedGreaves":23,"Red Mask":19,"Membership Card":28,"Bottled Lightning":42,"Toxic Egg 2":21,"Cracked Core":0},{"Pear":17,"Oddly Smooth Stone":0,"Bag of Preparation":0,"Omamori":25,"Incense Burner":25,"Medical Kit":0,"MawBank":5,"White Beast Statue":0,"Mercury Hourglass":5,"Nuclear Battery":18,"Blood Vial":27,"Runic Dome":10,"Dream Catcher":15,"DollysMirror":26,"MealTicket":23,"WingedGreaves":14,"Red Mask":12,"Membership Card":15,"Bottled Lightning":24,"Toxic Egg 2":12,"Cracked Core":0},{"Pear":74,"Oddly Smooth Stone":0,"Bag of Preparation":0,"Omamori":119,"Incense Burner":119,"Medical Kit":0,"MawBank":21,"White Beast Statue":0,"Mercury Hourglass":21,"Nuclear Battery":82,"Blood Vial":131,"Runic Dome":41,"Dream Catcher":63,"DollysMirror":125,"MealTicket":106,"WingedGreaves":56,"Red Mask":49,"Membership Card":63,"Bottled Lightning":115,"Toxic Egg 2":49,"Cracked Core":0}],"Mercury Hourglass":[427]},"card_choices":[{"not_picked":["Rebound","Beam Cell"],"picked":"White Noise","floor":1.0},{"not_picked":["Conserve Battery","Chaos"],"picked":"Undo","floor":2.0},{"not_picked":["Reprogram","Heatsinks","Barrage"],"picked":"SKIP","floor":5.0},{"not_picked":["BootSequence","Turbo"],"picked":"Compile Driver","floor":7.0},{"not_picked":["Hello World","Leap","Rebound"],"picked":"SKIP","floor":8.0},{"not_picked":["BootSequence","Turbo"],"picked":"Streamline","floor":10.0},{"not_picked":["Skim","FTL","Redo"],"picked":"SKIP","floor":11.0},{"not_picked":["Conserve Battery","Tempest","Storm"],"picked":"SKIP","floor":13.0},{"not_picked":["Rebound","Compile Driver"],"picked":"Darkness","floor":14.0},{"not_picked":["Echo Form","Buffer"],"picked":"Core Surge","floor":16.0},{"not_picked":["Leap","Gash","Redo"],"picked":"SKIP","floor":18.0},{"not_picked":["Redo+1","Tempest+1"],"picked":"Conserve Battery+1","floor":22.0},{"not_picked":["Recycle+1","Machine Learning"],"picked":"Glacier+1","floor":23.0},{"not_picked":["Hologram+1","Beam Cell"],"picked":"Turbo+1","floor":25.0},{"not_picked":["Sweeping Beam","Compile Driver"],"picked":"Hologram+1","floor":29},{"not_picked":["Redo+1","Machine Learning"],"picked":"Defragment+1","floor":30},{"not_picked":["Buffer","Hyperbeam"],"picked":"Core Surge","floor":33},{"not_picked":["Steam+1","White Noise+1"],"picked":"Fusion+1","floor":35},{"not_picked":["Ball Lightning","Scrape","Auto Shields+1"],"picked":"SKIP","floor":37},{"not_picked":["Ball Lightning","Compile Driver","Capacitor+1"],"picked":"SKIP","floor":38},{"not_picked":["Hello World+1","Force Field+1"],"picked":"Compile Driver+1","floor":39},{"not_picked":["Beam Cell","Cold Snap+1"],"picked":"Compile Driver","floor":40},{"not_picked":["Chaos+1","Consume+1"],"picked":"Electrodynamics","floor":42},{"not_picked":["Redo+1","Auto Shields+1","Streamline"],"picked":"SKIP","floor":46},{"not_picked":["Dark Shackles+1","Mind Blast"],"picked":"Deep Breath+1","floor":48},{"not_picked":["Swift Strike","Apotheosis+1"],"picked":"Purity+1","floor":48},{"not_picked":["Loop","Self Repair","Turbo+1"],"picked":"SKIP","floor":54}],"player_experience":501243,"relics_obtained":[{"floor":8.0,"key":"MawBank"},{"floor":9.0,"key":"Mercury Hourglass"},{"floor":19.0,"key":"Red Mask"},{"floor":23.0,"key":"WingedGreaves"},{"floor":26.0,"key":"Dream Catcher"},{"floor":30,"key":"Pear"},{"floor":40,"key":"MealTicket"},{"floor":42,"key":"Bottled Lightning"},{"floor":46,"key":"Omamori"},{"floor":54,"key":"Blood Vial"}],"event_choices":[{"damage_healed":0.0,"max_hp_gain":0.0,"max_hp_loss":0.0,"gold_gain":75.0,"event_name":"World of Goop","player_choice":"Gather Gold","floor":3.0,"gold_loss":0.0,"damage_taken":11.0},{"damage_healed":0.0,"max_hp_gain":0.0,"max_hp_loss":0.0,"gold_gain":0.0,"event_name":"Shining Light","player_choice":"Ignored","floor":4.0,"gold_loss":0.0,"damage_taken":0.0},{"damage_healed":0.0,"max_hp_gain":0.0,"max_hp_loss":0.0,"gold_gain":0.0,"event_name":"Masked Bandits","player_choice":"Fought Bandits","floor":19.0,"gold_loss":0.0,"damage_taken":0.0},{"damage_healed":0.0,"max_hp_gain":0.0,"max_hp_loss":0.0,"gold_gain":0.0,"cards_transformed":["Strike_B","Strike_B"],"event_name":"Drug Dealer","player_choice":"Became Test Subject","floor":20.0,"gold_loss":0.0,"damage_taken":0.0,"cards_obtained":["Sunder","Redo"]},{"damage_healed":0,"gold_gain":0,"player_choice":"Read","damage_taken":0,"max_hp_gain":0,"max_hp_loss":0,"event_name":"The Library","floor":31,"gold_loss":0,"cards_obtained":["Recycle"]},{"damage_healed":0,"gold_gain":0,"player_choice":"Copied","damage_taken":0,"max_hp_gain":0,"max_hp_loss":0,"event_name":"Duplicator","floor":45,"gold_loss":0,"cards_obtained":["Coolheaded"]},{"damage_healed":0,"gold_gain":0,"player_choice":"Memory 3","damage_taken":10,"max_hp_gain":0,"max_hp_loss":0,"event_name":"SensoryStone","floor":48,"gold_loss":0}],"is_beta":false,"boss_relics":[{"not_picked":["Empty Cage","Runic Pyramid"],"picked":"Runic Dome"},{"not_picked":["Black Star","SacredBark"],"picked":"Nuclear Battery"}],"items_purged_floors":[0,0,21,36,47],"is_endless":false,"potions_floor_spawned":[1,2,5,7,8,10,11,13,14,16,18,19,22,23,25,29,30,33,35,37,38,39,40,42,46,54],"killed_by":"The Heart","ascension_level":16}}