{"host":"0s8kyghz8ihx2r41","time":1612576642,"event":{"mods":["100% Spire Juice","2.2 Compatiblity","Act Like it!","Bard","BaseMod","Block Reminder","CapriCore","ChefMod","Chen","Conspire","Downfall","Friendly Minions","GungeonMod","Hermit","HololiveMod","Hubris","Koishi","Lobotomy","LobotomyExtend","Marisa（霧雨　魔理沙）","Minty Spire (QoL Compilation)","Monster B Gone","Morshu Shopkeeper","Prisma Mod","Reimu（博??梦）","Reliquary","Replay The Spire","Spire Arcade","Spire Birthday Party","StSLib","The Administrix","The Alterego","The Clintock","The Construct","The Cursed","The Disciple","The Edgeheg","The Gatherer","The Immortal","The Marked","The Mystic","The Paleblood","The Servant 0.9.4","TheBandit","TheSwordswoman","TheVacant","Waifu the Spire","Yakumo Yukari mod","Yuyuko","everything is the same but u backflip on backflip","slay the spire mod where everything is the same but ironclad has a cowboy hat"],"gold_per_floor":[112,170,183,183,199,232,232,245,270,286,310,320,320,171,171,267,267,267,248,347,347,32,57,71,81,107,150,150,150,177,186,186,284,284,304,316,316,316,316],"floor_reached":38,"language":"ENG","playtime":2589,"items_purged":[],"score":464,"play_id":"82bc4235-a614-42bd-b8bb-80a051acb13e","local_time":"20210205205722","is_ascension_mode":false,"campfire_choices":[{"data":"chefmod:ColdSteel","floor":7,"key":"SMITH"},{"floor":13,"key":"REST"},{"data":"chefmod:ZaruSoba","floor":15,"key":"SMITH"},{"floor":29,"key":"REST"},{"floor":32,"key":"REST"}],"circlet_count":0,"master_deck":["chefmod:Strike","chefmod:Strike","chefmod:Strike","chefmod:Strike","chefmod:QuickThaw","chefmod:Defend","chefmod:Defend","chefmod:Defend","chefmod:Defend","chefmod:TodaysSpecial+1","chefmod:FreshProduce","chefmod:ZaruSoba+1","chefmod:SliceAndDice","chefmod:BaoBuns","chefmod:IcePick","chefmod:ColdSteel+1","chefmod:Escargot","chefmod:Granita","chefmod:FreezeSolid","chefmod:RaidPantry","chefmod:Chop+1","chefmod:SpaghettiCarbonara","chefmod:IcePick+1","chefmod:Flambe+1","chefmod:FryPan+1","chefmod:Defrost+1","chefmod:Defrost+1"],"relics":["chefmod:TrustyPot","LetterFromLob","MealTicket","Pen Nib","DemoMod:LamentConfigurum","PreservedInsect","Strawberry","Black Star","alterego_mod:SomeoneToFightFor","Pear","conspire:BottledYoYo","Anchor","conspire:TopHat","CeramicFish","hubris:PeanutButter","Cursed Key"],"acts_visited":["Exordium","TheCity","TheBeyond"],"potions_floor_usage":[10,16,33,33],"damage_taken":[{"damage":0,"enemies":"conspire:RoseBush","floor":1,"turns":4},{"damage":1,"enemies":"Jaw Worm","floor":3,"turns":4},{"damage":1,"enemies":"Small Slimes","floor":5,"turns":3},{"damage":18,"enemies":"Replay:BlueRogue","floor":6,"turns":8},{"damage":5,"enemies":"Exordium Thugs","floor":8,"turns":4},{"damage":4,"enemies":"Gremlin Gang","floor":10,"turns":5},{"damage":9,"enemies":"Exordium Wildlife","floor":12,"turns":4},{"damage":38,"enemies":"Hexaghost","floor":16,"turns":13},{"damage":19,"enemies":"2 Thieves","floor":19,"turns":4},{"damage":35,"enemies":"conspire:SneckoGhost","floor":23,"turns":8},{"damage":11,"enemies":"Shell Parasite","floor":24,"turns":6},{"damage":16,"enemies":"Centurion and Healer","floor":25,"turns":5},{"damage":3,"enemies":"Book of Stabbing","floor":27,"turns":3},{"damage":49,"enemies":"Shelled Parasite and Fungi","floor":30,"turns":9},{"damage":19,"enemies":"Collector","floor":33,"turns":6},{"damage":30,"enemies":"3 Darklings","floor":35,"turns":5},{"damage":73,"enemies":"3 Shapes","floor":36,"turns":5},{"damage":18,"enemies":"Spire Growth","floor":38,"turns":2}],"seed_played":"5389544053895973175","potions_obtained":[{"floor":1,"key":"Strength Potion"},{"floor":2,"key":"Block Potion"},{"floor":6,"key":"Fire Potion"},{"floor":10,"key":"ZuzhouPotion:ReiMu"},{"floor":19,"key":"Elixir"},{"floor":24,"key":"DuplicationPotion"}],"is_trial":false,"path_per_floor":["M","?","M","?","M","E","R","M","T","M","T","M","R","$","R","B",null,"M","M","?","?","$","E","M","M","T","E","$","R","M","?","R","B",null,"M","M","?","M"],"character_chosen":"THE_CHEF","items_purchased":["Strawberry","Pear","chefmod:SpaghettiCarbonara"],"campfire_rested":3,"item_purchase_floors":[14,22,22],"current_hp_per_floor":[76,76,75,75,74,56,56,51,51,47,47,38,60,82,82,44,83,83,64,64,64,89,54,43,27,27,24,39,66,17,17,44,25,93,63,11,11,0,0],"gold":316,"neow_bonus":"THREE_CARDS","is_daily":false,"chose_seed":false,"campfire_upgraded":2,"win_rate":0.0,"timestamp":1612576642,"path_taken":["M","?","M","?","?","E","R","M","T","?","?","M","R","$","R","BOSS","M","M","?","?","$","E","M","M","T","E","?","R","M","?","R","BOSS","M","?","?","?"],"items_purchased_type":["Relic","Relic","Card"],"build_version":"2020-12-22","purchased_purges":0,"victory":false,"max_hp_per_floor":[76,76,76,76,76,76,76,76,76,76,76,76,76,83,83,83,83,83,83,83,83,93,93,93,93,93,93,93,93,93,93,93,93,93,93,93,93,93,93],"card_choices":[{"not_picked":["chefmod:FireUp","chefmod:Defrost"],"picked":"chefmod:FreshProduce","floor":0},{"not_picked":["chefmod:FiveAlarmChili","chefmod:GroceryDelivery"],"picked":"chefmod:ZaruSoba","floor":1},{"not_picked":["chefmod:Gelato","chefmod:OldCookbook"],"picked":"chefmod:SliceAndDice","floor":2},{"not_picked":["chefmod:ZaruSoba","chefmod:LocoMoco"],"picked":"chefmod:BaoBuns","floor":2},{"not_picked":["chefmod:Sorbet","chefmod:TwoForOne","chefmod:Defrost"],"picked":"SKIP","floor":3},{"not_picked":["chefmod:AllYouCanEat","chefmod:BaoBuns"],"picked":"chefmod:IcePick","floor":5},{"not_picked":["chefmod:Sorbet","chefmod:HotSoup"],"picked":"chefmod:ColdSteel","floor":6},{"not_picked":["chefmod:RisingDough","chefmod:NewMenu"],"picked":"chefmod:Escargot","floor":8},{"not_picked":["chefmod:FreshProduce","chefmod:Escargot"],"picked":"chefmod:Granita","floor":10},{"not_picked":["chefmod:ZaruSoba","chefmod:Chop"],"picked":"chefmod:FreezeSolid","floor":12},{"not_picked":["chefmod:FrozenTuna","chefmod:TastyDistraction"],"picked":"chefmod:RaidPantry","floor":16},{"not_picked":["chefmod:SpaghettiCarbonara","chefmod:SliceAndDice"],"picked":"chefmod:Chop+1","floor":19},{"not_picked":["chefmod:ColdSteel","chefmod:VegetableTart"],"picked":"chefmod:IcePick+1","floor":23},{"not_picked":["chefmod:FiveAlarmChili+1","chefmod:Ratatouille"],"picked":"chefmod:Flambe+1","floor":24},{"not_picked":["chefmod:FarmersMarket","chefmod:BaoBuns","chefmod:CuttingBoard"],"picked":"SKIP","floor":25},{"not_picked":["chefmod:IcePick","chefmod:Flambe"],"picked":"chefmod:FryPan+1","floor":27},{"not_picked":["chefmod:BananaSplit","chefmod:BaoBuns"],"picked":"chefmod:Defrost+1","floor":30},{"not_picked":["chefmod:OldCookbook","chefmod:ZaruSoba+1","chefmod:BaoBuns"],"picked":"SKIP","floor":35},{"not_picked":["chefmod:Defrost","chefmod:FarmersMarket","chefmod:ZaruSoba+1"],"picked":"SKIP","floor":36}],"player_experience":371694,"relics_obtained":[{"floor":1,"key":"LetterFromLob"},{"floor":2,"key":"MealTicket"},{"floor":6,"key":"Pen Nib"},{"floor":9,"key":"DemoMod:LamentConfigurum"},{"floor":11,"key":"PreservedInsect"},{"floor":23,"key":"conspire:BottledYoYo"},{"floor":23,"key":"Anchor"},{"floor":26,"key":"conspire:TopHat"},{"floor":27,"key":"CeramicFish"},{"floor":27,"key":"hubris:PeanutButter"}],"event_choices":[{"damage_healed":0,"gold_gain":0,"player_choice":"Upgraded","damage_taken":0,"max_hp_gain":0,"max_hp_loss":0,"event_name":"Upgrade Shrine","floor":4,"gold_loss":0,"cards_upgraded":["chefmod:TodaysSpecial"]},{"damage_healed":0,"gold_gain":99,"player_choice":"Stole From Cult","damage_taken":0,"max_hp_gain":0,"max_hp_loss":0,"event_name":"Nest","floor":20,"gold_loss":0},{"damage_healed":0,"gold_gain":0,"player_choice":"Choice 2","damage_taken":0,"relics_obtained":["alterego_mod:SomeoneToFightFor"],"max_hp_gain":0,"max_hp_loss":0,"event_name":"Secret Garden","floor":21,"gold_loss":0},{"damage_healed":0,"gold_gain":0,"player_choice":"Copied","damage_taken":0,"max_hp_gain":0,"max_hp_loss":0,"event_name":"Duplicator","floor":31,"gold_loss":0,"cards_obtained":["chefmod:Defrost"]},{"damage_healed":0,"gold_gain":0,"player_choice":"Ignored","damage_taken":0,"max_hp_gain":0,"max_hp_loss":0,"event_name":"SecretPortal","floor":37,"gold_loss":0}],"is_beta":false,"boss_relics":[{"not_picked":["ReplayTheSpireMod:DimensionalGlitch","Coffee Dripper"],"picked":"Black Star"},{"not_picked":["Replay:Wanted Poster","Hololive_Finger"],"picked":"Cursed Key"}],"items_purged_floors":[],"is_endless":false,"potions_floor_spawned":[1,6,10,19,24],"killed_by":"Spire Growth","ascension_level":0}}