{"host":"vpaavrwbmey593fx","time":1612582585,"event":{"mods":["AchievementEnabler","BaseMod","Bestiary","Colored Map","Colored Powertips","DeckTracker","Minty Spire (QoL Compilation)","Relic Sorter"],"gold_per_floor":[113,127,127,87,100,129,129,129,129,129,142,153,153,183,183,282,282,294,294,114,133,146,165,194,194,194,223,223,241,241,257,257,360,360,373,386,229,248,9,19,19,35,35,35,35],"floor_reached":44,"language":"ENG","playtime":5464,"items_purged":[],"score":717,"play_id":"ac7a363e-2778-4c5e-8e3c-949029254f75","local_time":"20210205193625","is_ascension_mode":true,"campfire_choices":[{"data":"Tools of the Trade","floor":7.0,"key":"SMITH"},{"data":"Eviscerate","floor":10.0,"key":"SMITH"},{"floor":13.0,"key":"REST"},{"data":"Neutralize","floor":15.0,"key":"SMITH"},{"floor":25.0,"key":"REST"},{"floor":30.0,"key":"REST"},{"data":"Concentrate","floor":32.0,"key":"SMITH"}],"circlet_count":0,"master_deck":["Survivor","Neutralize+1","Tools of the Trade+1","Reflex","Well Laid Plans","Eviscerate+1","Prepared","Wraith Form v2+1","Distraction","Predator","PiercingWail","Tools of the Trade+1","Footwork+1","Backflip+1","J.A.X.","Caltrops+1","Terror","Dodge and Roll+1","PiercingWail","Concentrate+1","Venomology","Catalyst+1","Dagger Throw+1","Sucker Punch+1","Night Terror","Underhanded Strike","Calculated Gamble"],"relics":["Ring of the Snake","Frozen Egg 2","Regal Pillow","Bottled Lightning","Pandora\u0027s Box","Happy Flower","StrikeDummy","Singing Bowl","Ancient Tea Set","Astrolabe","Kunai"],"acts_visited":["Exordium","TheCity","TheBeyond"],"potions_floor_usage":[36,36,36,38,40,42,44],"damage_taken":[{"damage":0.0,"enemies":"Small Slimes","floor":1.0,"turns":3.0},{"damage":1.0,"enemies":"2 Louse","floor":2.0,"turns":3.0},{"damage":1.0,"enemies":"Cultist","floor":5.0,"turns":3.0},{"damage":23.0,"enemies":"3 Sentries","floor":6.0,"turns":7.0},{"damage":3.0,"enemies":"Looter","floor":11.0,"turns":3.0},{"damage":1.0,"enemies":"Lots of Slimes","floor":12.0,"turns":5.0},{"damage":10.0,"enemies":"Gremlin Nob","floor":14.0,"turns":3.0},{"damage":36.0,"enemies":"Hexaghost","floor":16.0,"turns":16.0},{"damage":12.0,"enemies":"3 Byrds","floor":18.0,"turns":5.0},{"damage":8.0,"enemies":"Spheric Guardian","floor":21.0,"turns":4.0},{"damage":7.0,"enemies":"3 Cultists","floor":22.0,"turns":4.0},{"damage":10.0,"enemies":"Snake Plant","floor":23.0,"turns":4.0},{"damage":4.0,"enemies":"Book of Stabbing","floor":24.0,"turns":5.0},{"damage":19.0,"enemies":"Gremlin Leader","floor":27.0,"turns":6.0},{"damage":0.0,"enemies":"Snecko","floor":29.0,"turns":5.0},{"damage":7.0,"enemies":"Cultist and Chosen","floor":31.0,"turns":6.0},{"damage":6.0,"enemies":"Automaton","floor":33.0,"turns":8.0},{"damage":38.0,"enemies":"3 Shapes","floor":35.0,"turns":6.0},{"damage":15,"enemies":"3 Darklings","floor":36,"turns":5},{"damage":13,"enemies":"Jaw Worm Horde","floor":38,"turns":6},{"damage":0,"enemies":"Maw","floor":40,"turns":6},{"damage":7,"enemies":"3 Darklings","floor":42,"turns":7},{"damage":39,"enemies":"Nemesis","floor":44,"turns":2}],"seed_played":"7869648539983907311","potions_obtained":[{"floor":1.0,"key":"PowerPotion"},{"floor":4.0,"key":"GhostInAJar"},{"floor":4.0,"key":"Block Potion"},{"floor":6.0,"key":"PowerPotion"},{"floor":21.0,"key":"SteroidPotion"},{"floor":23.0,"key":"Dexterity Potion"},{"floor":29.0,"key":"Explosive Potion"},{"floor":33.0,"key":"ColorlessPotion"},{"floor":35,"key":"Strength Potion"},{"floor":36,"key":"Regen Potion"}],"is_trial":false,"path_per_floor":["M","M","?","?","M","E","R","?","T","R","M","M","R","E","R","B",null,"M","?","$","M","M","M","E","R","T","E","?","M","R","M","R","B",null,"M","M","$","M","$","M","?","M","T","E"],"character_chosen":"THE_SILENT","items_purchased":["Caltrops+1","Happy Flower","Night Terror","Kunai"],"campfire_rested":3,"item_purchase_floors":[20,20,37,39],"current_hp_per_floor":[63,62,62,62,61,38,38,38,38,38,35,34,63,53,53,17,52,40,40,40,32,25,15,11,44,44,25,25,27,61,56,56,50,63,27,14,14,16,16,16,16,11,11,0,0],"gold":35,"neow_bonus":"TRANSFORM_TWO_CARDS","is_daily":false,"chose_seed":false,"campfire_upgraded":4,"win_rate":0.0,"timestamp":1612582585,"path_taken":["M","M","?","?","?","E","R","?","T","R","M","?","R","E","R","BOSS","M","?","$","M","M","M","E","R","T","E","?","M","R","M","R","BOSS","M","M","$","?","$","M","?","M","T","E"],"items_purchased_type":["Card","Relic","Card","Relic"],"build_version":"2020-12-22","purchased_purges":0,"victory":false,"max_hp_per_floor":[63,63,63,63,63,63,63,63,63,63,63,63,63,63,63,63,63,63,63,63,63,63,63,63,63,63,63,63,65,65,67,67,67,67,69,71,71,71,71,71,71,73,73,73,73],"card_choices":[{"not_picked":["Prepared","Dodge and Roll"],"picked":"Well Laid Plans","floor":1.0},{"not_picked":["All Out Attack","Reflex"],"picked":"Eviscerate","floor":2.0},{"not_picked":["Quick Slash","Dodge and Roll","Reflex"],"picked":"SKIP","floor":5.0},{"not_picked":["Deflect","Riddle With Holes","Masterful Stab"],"picked":"SKIP","floor":6.0},{"not_picked":["Masterful Stab","Dagger Throw"],"picked":"Prepared","floor":11.0},{"not_picked":["Dagger Spray","Finisher","Cloak And Dagger"],"picked":"SKIP","floor":12.0},{"not_picked":["Masterful Stab","Bane","Outmaneuver"],"picked":"SKIP","floor":14.0},{"not_picked":["Storm of Steel","Doppelganger"],"picked":"Wraith Form v2+1","floor":16.0},{"not_picked":["Dodge and Roll","Deadly Poison"],"picked":"Backflip+1","floor":18.0},{"not_picked":["Outmaneuver+1","Quick Slash"],"picked":"Terror","floor":21.0},{"not_picked":["Well Laid Plans+1","Endless Agony","Heel Hook+1"],"picked":"SKIP","floor":22.0},{"not_picked":["Slice","Underhanded Strike+1"],"picked":"Dodge and Roll+1","floor":23.0},{"not_picked":["Choke","A Thousand Cuts+1"],"picked":"PiercingWail","floor":24.0},{"not_picked":["Flying Knee","Prepared"],"picked":"Concentrate","floor":27.0},{"not_picked":["Well Laid Plans+1","Bane+1","PiercingWail"],"picked":"Singing Bowl","floor":29.0},{"not_picked":["Dagger Spray","Bane","Acrobatics"],"picked":"Singing Bowl","floor":31.0},{"not_picked":["Malaise","Unload"],"picked":"Venomology","floor":33.0},{"not_picked":["PiercingWail","Poisoned Stab+1","Sucker Punch+1"],"picked":"Singing Bowl","floor":35},{"not_picked":["Bane","Dagger Throw+1","Predator"],"picked":"Singing Bowl","floor":36},{"not_picked":["Catalyst+1","Dagger Throw"],"picked":"Underhanded Strike","floor":38},{"not_picked":["Poisoned Stab","Flying Knee+1"],"picked":"Calculated Gamble","floor":40},{"not_picked":["Blade Dance","Quick Slash","Envenom+1"],"picked":"Singing Bowl","floor":42}],"player_experience":316960,"relics_obtained":[{"floor":6.0,"key":"Frozen Egg 2"},{"floor":9.0,"key":"Regal Pillow"},{"floor":14.0,"key":"Bottled Lightning"},{"floor":24.0,"key":"StrikeDummy"},{"floor":26.0,"key":"Singing Bowl"},{"floor":27.0,"key":"Ancient Tea Set"}],"event_choices":[{"damage_healed":0.0,"max_hp_gain":0.0,"max_hp_loss":0.0,"gold_gain":0.0,"event_name":"Liars Game","player_choice":"Ignored","floor":3.0,"gold_loss":0.0,"damage_taken":0.0},{"damage_healed":0.0,"max_hp_gain":0.0,"max_hp_loss":0.0,"gold_gain":0.0,"event_name":"The Woman in Blue","player_choice":"Bought 3 Potions","floor":4.0,"gold_loss":0.0,"damage_taken":0.0},{"damage_healed":0.0,"max_hp_gain":0.0,"max_hp_loss":0.0,"gold_gain":0.0,"event_name":"Lab","player_choice":"Got Potions","floor":8.0,"gold_loss":0.0,"damage_taken":0.0},{"damage_healed":0.0,"max_hp_gain":0.0,"max_hp_loss":0.0,"gold_gain":0.0,"event_name":"Drug Dealer","player_choice":"Obtain J.A.X.","floor":19.0,"gold_loss":0.0,"damage_taken":0.0,"cards_obtained":["J.A.X."]},{"damage_healed":0.0,"max_hp_gain":0.0,"max_hp_loss":0.0,"gold_gain":0.0,"cards_transformed":["Catalyst"],"event_name":"Transmorgrifier","player_choice":"Transformed","floor":28.0,"gold_loss":0.0,"damage_taken":0.0,"cards_obtained":["Deadly Poison"]},{"damage_healed":0,"gold_gain":0,"player_choice":"Ignored","damage_taken":0,"max_hp_gain":0,"max_hp_loss":0,"event_name":"SecretPortal","floor":41,"gold_loss":0}],"is_beta":false,"boss_relics":[{"not_picked":["Runic Dome","Black Star"],"picked":"Pandora\u0027s Box"},{"not_picked":["WristBlade","Sozu"],"picked":"Astrolabe"}],"items_purged_floors":[],"is_endless":false,"potions_floor_spawned":[1,6,21,23,29,33,35,36],"killed_by":"Nemesis","ascension_level":8}}