{"host":"Sylvester","time":1612573081,"event":{"mods":["BaseMod","Filter the Spire","Lobotomy","Minty Spire (QoL Compilation)","Replay The Spire","StSLib"],"gold_per_floor":[112,112,132,148,158,158,158,185,185,185,185,200,226,238,238,338,338,358,225,225,244,260,285,285,304,304,304,81,98,98,113,113,217,217,230,230,230],"floor_reached":36,"language":"ENG","playtime":1092,"items_purged":[],"score":596,"play_id":"18376e9c-b740-431e-b992-47d2ac85e87e","local_time":"20210205165801","is_ascension_mode":false,"campfire_choices":[{"floor":15.0,"key":"DIG"}],"circlet_count":0,"master_deck":["SpecialBullet","SpecialBullet","SpecialBullet","SpecialBullet","SpecialBullet","SpecialBullet","SpecialBullet","SpecialBullet","TrainingCode","CentralCode","AbeCurse","RapturousDream","LifeForTheDareDevil+1","GrinderMk4","Justitia+1","GoldRush","Dark Shackles","Regret_ego","CrimsonScar+1","Gaze","Ecstasy","Diffraction+1","Lamp+5","Noise","GoldRush"],"relics":["Abe\u0027s Treasure","ReplayTheSpireMod:Ninjato","Replay:Accelerometer","Bottled Flame","Juzu Bracelet","Runic Pyramid","Mercury Hourglass","Bag of Preparation","Omamori","Orrery","Cursed Key"],"acts_visited":["Exordium","TheCity","TheBeyond"],"potions_floor_usage":[],"damage_taken":[{"damage":5.0,"enemies":"Jaw Worm","floor":1.0,"turns":3.0},{"damage":7.0,"enemies":"2 Louse","floor":3.0,"turns":2.0},{"damage":6.0,"enemies":"Cultist","floor":4.0,"turns":3.0},{"damage":7.0,"enemies":"Red Slaver","floor":5.0,"turns":2.0},{"damage":0.0,"enemies":"Lagavulin","floor":8.0,"turns":3.0},{"damage":0.0,"enemies":"Blue Slaver","floor":12.0,"turns":1.0},{"damage":0.0,"enemies":"3 Sentries","floor":13.0,"turns":2.0},{"damage":0.0,"enemies":"2 Fungi Beasts","floor":14.0,"turns":1.0},{"damage":3.0,"enemies":"The Guardian","floor":16.0,"turns":5.0},{"damage":0.0,"enemies":"Spheric Guardian","floor":18.0,"turns":1.0},{"damage":0.0,"enemies":"Shell Parasite","floor":21.0,"turns":1.0},{"damage":4.0,"enemies":"Shelled Parasite and Fungi","floor":22.0,"turns":2.0},{"damage":10.0,"enemies":"Gremlin Leader","floor":23.0,"turns":2.0},{"damage":0.0,"enemies":"Sentry and Sphere","floor":25.0,"turns":2.0},{"damage":0.0,"enemies":"Centurion and Healer","floor":29.0,"turns":3.0},{"damage":0.0,"enemies":"Chosen and Byrds","floor":31.0,"turns":4.0},{"damage":4.0,"enemies":"Pondfish","floor":33.0,"turns":5.0},{"damage":0.0,"enemies":"3 Shapes","floor":35.0,"turns":5.0},{"damage":0,"enemies":"Orb Walker","floor":36,"turns":1}],"seed_played":"6175712124733735409","potions_obtained":[{"floor":1.0,"key":"LiquidBronze"},{"floor":4.0,"key":"GamblersBrew"},{"floor":12.0,"key":"SkillPotion"},{"floor":16.0,"key":"FairyPotion"}],"is_trial":false,"path_per_floor":["M","?","M","M","M","R","?","E","T","?","R","M","E","M","R","B",null,"M","$","?","M","M","E","R","M","T","?","$","M","R","M","R","B",null,"M","M"],"character_chosen":"Angela","items_purchased":["Dark Shackles","Regret_ego","Ecstasy","Orrery"],"campfire_rested":0,"item_purchase_floors":[19,19,28,28],"current_hp_per_floor":[65,58,51,45,38,38,38,38,38,38,38,38,38,38,38,35,70,70,70,70,70,66,56,56,56,56,56,56,56,56,56,56,52,70,70,70,70],"gold":230,"neow_bonus":"BOSS_RELIC","is_daily":false,"chose_seed":false,"campfire_upgraded":0,"win_rate":0.0,"timestamp":1612573081,"path_taken":["M","?","M","M","M","R","?","E","T","?","R","M","E","?","R","BOSS","M","?","?","M","M","E","R","M","T","?","$","M","R","M","R","BOSS","M","M"],"items_purchased_type":["Card","Card","Card","Relic"],"build_version":"2020-11-17","purchased_purges":0,"victory":false,"max_hp_per_floor":[70,70,70,70,70,70,70,70,70,70,70,70,70,70,70,70,70,70,70,70,70,70,70,70,70,70,70,70,70,70,70,70,70,70,70,70,70],"card_choices":[{"not_picked":["CherryBlossom"],"picked":"RapturousDream","floor":1.0},{"not_picked":["RapturousDream","Noise"],"picked":"SKIP","floor":3.0},{"not_picked":["Horn"],"picked":"LifeForTheDareDevil","floor":4.0},{"not_picked":["FrostShard"],"picked":"GrinderMk4","floor":5.0},{"not_picked":["BloodyDesire"],"picked":"Justitia","floor":8.0},{"not_picked":["ScreamingWedge","TodaysExpression"],"picked":"SKIP","floor":12.0},{"not_picked":["Penitence","Soda"],"picked":"SKIP","floor":13.0},{"not_picked":["SomewhereSpear"],"picked":"GoldRush","floor":14.0},{"not_picked":["Tough","FourthMatchFlame"],"picked":"SKIP","floor":18.0},{"not_picked":["FrostShard"],"picked":"CrimsonScar+1","floor":21.0},{"not_picked":["Loneliness"],"picked":"Gaze","floor":22.0},{"not_picked":["Amita+1","RapturousDream"],"picked":"SKIP","floor":23.0},{"not_picked":["Loneliness","CherryBlossom"],"picked":"SKIP","floor":25.0},{"not_picked":["Loneliness","CherryBlossom"],"picked":"SKIP","floor":25.0},{"not_picked":["CrimsonScar"],"picked":"Diffraction+1","floor":28.0},{"not_picked":["ShedSkin+1"],"picked":"Lamp+1","floor":28.0},{"not_picked":["WristCuter"],"picked":"Noise","floor":28.0},{"not_picked":["ParadiseLost","FrostShard"],"picked":"SKIP","floor":29.0},{"not_picked":["Soda","RedEyes"],"picked":"SKIP","floor":31.0},{"not_picked":["Justitia"],"picked":"GoldRush","floor":33.0},{"not_picked":["Heaven","Beak"],"picked":"SKIP","floor":35.0}],"player_experience":215978,"relics_obtained":[{"floor":8.0,"key":"ReplayTheSpireMod:Ninjato"},{"floor":9.0,"key":"Replay:Accelerometer"},{"floor":13.0,"key":"Bottled Flame"},{"floor":15.0,"key":"Juzu Bracelet"},{"floor":23.0,"key":"Bag of Preparation"},{"floor":26.0,"key":"Omamori"}],"event_choices":[{"cards_removed":["InformationCode"],"damage_healed":0.0,"max_hp_gain":0.0,"max_hp_loss":0.0,"gold_gain":0.0,"event_name":"Golden Wing","player_choice":"Card Removal","floor":2.0,"gold_loss":0.0,"damage_taken":7.0},{"damage_healed":0.0,"max_hp_gain":0.0,"max_hp_loss":0.0,"gold_gain":0.0,"event_name":"Living Wall","player_choice":"Grow","floor":7.0,"gold_loss":0.0,"damage_taken":0.0,"cards_upgraded":["LifeForTheDareDevil"]},{"damage_healed":0.0,"max_hp_gain":0.0,"max_hp_loss":0.0,"gold_gain":0.0,"event_name":"Upgrade Shrine","player_choice":"Upgraded","floor":10.0,"gold_loss":0.0,"damage_taken":0.0,"cards_upgraded":["Justitia"]},{"damage_healed":0.0,"max_hp_gain":0.0,"max_hp_loss":0.0,"gold_gain":0.0,"event_name":"Match and Keep!","player_choice":"0 cards matched","floor":27.0,"gold_loss":0.0,"damage_taken":0.0,"cards_obtained":[]}],"is_beta":true,"boss_relics":[{"not_picked":["Philosopher\u0027s Stone","Ectoplasm"],"picked":"Runic Pyramid"},{"not_picked":["Velvet Choker","Fusion Hammer"],"picked":"Cursed Key"}],"items_purged_floors":[],"is_endless":false,"potions_floor_spawned":[1,4,12,16,22,23,25,29],"killed_by":"Orb Walker","ascension_level":0}}