{"host":"epc8efk9vrywpcsw","time":1612610685,"event":{"mods":["BaseMod","Minty Spire (QoL Compilation)","Relic Stats","StSLib"],"gold_per_floor":[118,131,211,230,230,230,262,262,262,291,309,309,325,339,339,412,412,432,432,449,449,466,466,500,500,523,542,554,573,573,601,601,677,677,687,699,699,711,479,479,491,523,523,539,558,585,585,639,639,639,639,639],"floor_reached":51,"language":"ENG","playtime":1683,"items_purged":["Fire Breathing"],"score":1597,"play_id":"fc4b913d-fe27-434d-bb7f-07642465a4c7","local_time":"20210206122445","is_ascension_mode":true,"campfire_choices":[{"data":"True Grit","floor":6,"key":"SMITH"},{"data":"Bash","floor":8,"key":"SMITH"},{"floor":12,"key":"REST"},{"data":"Clash","floor":15,"key":"SMITH"},{"floor":23,"key":"REST"},{"data":"1","floor":25,"key":"LIFT"},{"floor":30,"key":"REST"},{"floor":32,"key":"REST"},{"data":"2","floor":40,"key":"LIFT"},{"floor":47,"key":"REST"},{"data":"3","floor":49,"key":"LIFT"}],"circlet_count":0,"master_deck":["AscendersBane","Bash+1","Clash","True Grit+1","Clash+1","Clash+1","Blood for Blood+1","Brutality","Pommel Strike+1","Twin Strike+1","Second Wind+1","Reaper+1","Impervious","Heavy Blade+1","Offering","Double Tap","Immolate+1","Clash+1","Clash+1"],"relics":["Burning Blood","Molten Egg 2","Omamori","Ancient Tea Set","Fusion Hammer","Girya","MutagenicStrength","Bag of Preparation","Akabeko","Gremlin Horn","Pandora\u0027s Box","Art of War","Eternal Feather","Torii","Vajra","Ginger"],"acts_visited":["Exordium","TheCity","TheBeyond"],"potions_floor_usage":[16,18,24,33,50,51],"damage_taken":[{"damage":13,"enemies":"Jaw Worm","floor":1,"turns":6},{"damage":7,"enemies":"Small Slimes","floor":2,"turns":4},{"damage":1,"enemies":"Cultist","floor":4,"turns":4},{"damage":21,"enemies":"Lagavulin","floor":7,"turns":7},{"damage":27,"enemies":"Gremlin Nob","floor":10,"turns":4},{"damage":0,"enemies":"3 Louse","floor":11,"turns":2},{"damage":0,"enemies":"Looter","floor":13,"turns":1},{"damage":10,"enemies":"Lots of Slimes","floor":14,"turns":4},{"damage":0,"enemies":"Slime Boss","floor":16,"turns":4},{"damage":13,"enemies":"3 Byrds","floor":18,"turns":5},{"damage":21,"enemies":"Shell Parasite","floor":20,"turns":3},{"damage":29,"enemies":"Centurion and Healer","floor":22,"turns":4},{"damage":3,"enemies":"Gremlin Leader","floor":24,"turns":2},{"damage":3,"enemies":"Chosen and Byrds","floor":27,"turns":4},{"damage":1,"enemies":"Snake Plant","floor":28,"turns":2},{"damage":24,"enemies":"Snecko","floor":29,"turns":4},{"damage":21,"enemies":"Slavers","floor":31,"turns":4},{"damage":51,"enemies":"Collector","floor":33,"turns":6},{"damage":4,"enemies":"Orb Walker","floor":35,"turns":2},{"damage":15,"enemies":"3 Shapes","floor":36,"turns":2},{"damage":0,"enemies":"Sphere and 2 Shapes","floor":38,"turns":1},{"damage":0,"enemies":"3 Darklings","floor":41,"turns":2},{"damage":8,"enemies":"Nemesis","floor":42,"turns":3},{"damage":14,"enemies":"4 Shapes","floor":44,"turns":1},{"damage":7,"enemies":"Maw","floor":45,"turns":4},{"damage":57,"enemies":"Giant Head","floor":46,"turns":5},{"damage":6,"enemies":"2 Orb Walkers","floor":48,"turns":1},{"damage":38,"enemies":"Time Eater","floor":50,"turns":4},{"damage":73,"enemies":"Donu and Deca","floor":51,"turns":5}],"seed_played":"-3653113972796252479","potions_obtained":[{"floor":2,"key":"LiquidMemories"},{"floor":7,"key":"ColorlessPotion"},{"floor":20,"key":"SmokeBomb"},{"floor":22,"key":"SkillPotion"},{"floor":29,"key":"ColorlessPotion"},{"floor":33,"key":"Ancient Potion"},{"floor":38,"key":"Fire Potion"},{"floor":42,"key":"Strength Potion"}],"is_trial":false,"path_per_floor":["M","M","?","M","?","R","E","R","T","E","M","R","M","M","R","B",null,"M","?","M","?","M","R","E","R","T","M","M","M","R","E","R","B",null,"M","M","?","M","$","R","M","E","T","M","M","E","R","?","R","B","B"],"character_chosen":"IRONCLAD","items_purchased":["Art of War"],"campfire_rested":5,"item_purchase_floors":[39],"current_hp_per_floor":[61,60,60,65,65,65,50,50,50,29,35,55,61,57,57,63,67,60,60,45,45,22,42,45,45,45,48,53,35,55,40,60,15,55,57,68,68,68,68,68,68,66,66,68,67,26,55,55,64,32,0,0],"gold":639,"neow_bonus":"REMOVE_TWO","is_daily":false,"chose_seed":false,"campfire_upgraded":3,"win_rate":0.0,"timestamp":1612610685,"path_taken":["M","M","?","M","?","R","E","R","T","E","M","R","?","M","R","BOSS","M","?","M","?","M","R","E","R","T","M","M","M","R","E","R","BOSS","M","M","?","?","$","R","M","E","T","M","M","E","R","?","R","BOSS","BOSS"],"items_purchased_type":["Relic"],"build_version":"2020-12-22","purchased_purges":1,"victory":false,"max_hp_per_floor":[68,68,68,68,68,68,68,68,68,68,68,68,68,68,68,68,68,68,68,68,68,68,68,68,68,68,68,68,68,68,68,68,68,68,68,68,68,68,68,68,68,68,68,68,68,68,68,68,68,68,68,68],"relic_stats":{"Gremlin Horn":[13,13],"Torii":3,"counters":[29,100],"Pandora\u0027s Box":["Impervious","Fire Breathing","Heavy Blade","Offering","Double Tap","Immolate"],"Eternal Feather":18,"Bag of Preparation":[32],"Art of War":[0],"Ginger":[1],"obtain_stats":[{"Girya":19,"Gremlin Horn":31,"Torii":43,"Vajra":46,"Eternal Feather":42,"Omamori":9,"Bag of Preparation":24,"Ginger":48,"Ancient Tea Set":10,"Burning Blood":0,"Akabeko":26,"MutagenicStrength":21,"Molten Egg 2":7,"Pandora\u0027s Box":34,"Fusion Hammer":17,"Art of War":39},{"Girya":10,"Gremlin Horn":17,"Torii":23,"Vajra":26,"Eternal Feather":23,"Omamori":4,"Bag of Preparation":13,"Ginger":27,"Ancient Tea Set":5,"Burning Blood":0,"Akabeko":13,"MutagenicStrength":11,"Molten Egg 2":4,"Pandora\u0027s Box":18,"Fusion Hammer":9,"Art of War":21},{"Girya":41,"Gremlin Horn":64,"Torii":80,"Vajra":90,"Eternal Feather":80,"Omamori":21,"Bag of Preparation":50,"Ginger":91,"Ancient Tea Set":25,"Burning Blood":0,"Akabeko":50,"MutagenicStrength":44,"Molten Egg 2":21,"Pandora\u0027s Box":70,"Fusion Hammer":36,"Art of War":75}],"Burning Blood":145},"card_choices":[{"not_picked":["Pommel Strike","Headbutt"],"picked":"Clash","floor":1},{"not_picked":["Burning Pact","Metallicize"],"picked":"True Grit","floor":2},{"not_picked":["Thunderclap","Armaments"],"picked":"Clash","floor":4},{"not_picked":["Seeing Red","Twin Strike+1","Entrench"],"picked":"SKIP","floor":7},{"not_picked":["Dual Wield","Perfected Strike+1","Wild Strike+1"],"picked":"SKIP","floor":10},{"not_picked":["Brutality","Anger+1"],"picked":"Clash+1","floor":11},{"not_picked":["Clothesline+1","Wild Strike+1","Perfected Strike+1"],"picked":"SKIP","floor":13},{"not_picked":["Combust","Anger+1"],"picked":"Blood for Blood+1","floor":14},{"not_picked":["Corruption","Fiend Fire+1"],"picked":"Brutality","floor":16},{"not_picked":["Armaments","Anger+1"],"picked":"Pommel Strike+1","floor":18},{"not_picked":["Iron Wave+1","Seeing Red","Body Slam+1"],"picked":"SKIP","floor":20},{"not_picked":["Wild Strike+1","Infernal Blade","Combust"],"picked":"SKIP","floor":22},{"not_picked":["Offering","Iron Wave+1"],"picked":"Twin Strike+1","floor":24},{"not_picked":["Uppercut+1","Sever Soul+1","Carnage+1"],"picked":"SKIP","floor":27},{"not_picked":["Power Through","Flame Barrier","Dropkick+1"],"picked":"SKIP","floor":28},{"not_picked":["Havoc","Spot Weakness","Rage"],"picked":"SKIP","floor":29},{"not_picked":["Sword Boomerang+1","Feel No Pain"],"picked":"Second Wind+1","floor":31},{"not_picked":["Fiend Fire+1","Corruption"],"picked":"Reaper+1","floor":33},{"not_picked":["Headbutt+1","Burning Pact","Havoc"],"picked":"SKIP","floor":35},{"not_picked":["Thunderclap+1","Sever Soul+1","Reckless Charge+1"],"picked":"SKIP","floor":36},{"not_picked":["Cleave+1","Anger+1","Body Slam+1"],"picked":"SKIP","floor":38},{"not_picked":["Fire Breathing+1","Entrench","Cleave+1"],"picked":"SKIP","floor":41},{"not_picked":["Perfected Strike+1","Evolve","Berserk"],"picked":"SKIP","floor":42},{"not_picked":["Body Slam+1","Cleave+1"],"picked":"Clash+1","floor":44},{"not_picked":["Heavy Blade+1","Seeing Red+1","Ghostly Armor"],"picked":"SKIP","floor":45},{"not_picked":["Thunderclap+1","Clothesline+1","Headbutt+1"],"picked":"SKIP","floor":46},{"not_picked":["Cleave+1","Havoc+1"],"picked":"Clash+1","floor":48}],"player_experience":486663,"relics_obtained":[{"floor":7,"key":"Molten Egg 2"},{"floor":9,"key":"Omamori"},{"floor":10,"key":"Ancient Tea Set"},{"floor":24,"key":"Bag of Preparation"},{"floor":26,"key":"Akabeko"},{"floor":31,"key":"Gremlin Horn"},{"floor":42,"key":"Eternal Feather"},{"floor":43,"key":"Torii"},{"floor":46,"key":"Vajra"},{"floor":48,"key":"Ginger"}],"event_choices":[{"damage_healed":0,"gold_gain":80,"player_choice":"Gained Gold","damage_taken":0,"max_hp_gain":0,"max_hp_loss":0,"event_name":"Golden Wing","floor":3,"gold_loss":0},{"cards_removed":["Defend_R"],"damage_healed":0,"gold_gain":0,"player_choice":"Offered Basic","damage_taken":0,"max_hp_gain":0,"max_hp_loss":0,"event_name":"Bonfire Elementals","floor":5,"gold_loss":0},{"damage_healed":0,"gold_gain":0,"player_choice":"Opened","damage_taken":0,"relics_obtained":["Girya"],"max_hp_gain":0,"max_hp_loss":0,"event_name":"The Mausoleum","floor":19,"gold_loss":0,"cards_obtained":["Writhe"]},{"damage_healed":0,"gold_gain":0,"player_choice":"Inject Mutagens","damage_taken":0,"relics_obtained":["MutagenicStrength"],"max_hp_gain":0,"max_hp_loss":0,"event_name":"Drug Dealer","floor":21,"gold_loss":0},{"damage_healed":0,"gold_gain":0,"player_choice":"0 cards matched","damage_taken":0,"max_hp_gain":0,"max_hp_loss":0,"event_name":"Match and Keep!","floor":37,"gold_loss":0,"cards_obtained":[]},{"damage_healed":0,"gold_gain":0,"player_choice":"Fight","damage_taken":0,"max_hp_gain":0,"max_hp_loss":0,"event_name":"Mysterious Sphere","floor":48,"gold_loss":0}],"is_beta":false,"boss_relics":[{"not_picked":["Black Star","Black Blood"],"picked":"Fusion Hammer"},{"not_picked":["SacredBark","Velvet Choker"],"picked":"Pandora\u0027s Box"}],"items_purged_floors":[39],"is_endless":false,"potions_floor_spawned":[2,7,10,14,20,22,29,33,38,42,45,48],"killed_by":"Donu and Deca","ascension_level":20}}