{"host":"l5zfpd2l2htson6l","time":1612583210,"event":{"mods":["AchievementEnabler","BaseMod","Colored Map","Colored Powertips","Minty Spire (QoL Compilation)","Permanent Neow","Quick Restart","Rare Cards Sparkle","Relic Stats","SuperFastMode"],"gold_per_floor":[114,134,209,223,7,40,40,75,126,154,154,154,154,165,165,165,165],"floor_reached":16,"language":"ENG","playtime":825,"items_purged":[],"score":236,"play_id":"ffbc0280-6408-4109-851e-6fc612bf6590","local_time":"20210205194650","is_ascension_mode":true,"campfire_choices":[{"data":"Bash","floor":7,"key":"SMITH"},{"floor":11,"key":"REST"},{"data":"Immolate","floor":15,"key":"SMITH"}],"circlet_count":0,"master_deck":["AscendersBane","Strike_R","Strike_R","Strike_R","Defend_R","Defend_R","Defend_R","Defend_R","Bash+1","Feel No Pain","Feed","Ghostly Armor","Reckless Charge","Metallicize","Immolate+1","Battle Trance","Feed","Shrug It Off","Seeing Red+1","Armaments+1"],"relics":["Burning Blood","Darkstone Periapt","Smiling Mask","Regal Pillow","Toxic Egg 2"],"acts_visited":["Exordium"],"potions_floor_usage":[16,16,16],"damage_taken":[{"damage":11,"enemies":"2 Louse","floor":1,"turns":4},{"damage":11,"enemies":"Small Slimes","floor":2,"turns":5},{"damage":0,"enemies":"Cultist","floor":4,"turns":4},{"damage":17,"enemies":"3 Sentries","floor":6,"turns":8},{"damage":26,"enemies":"Gremlin Nob","floor":8,"turns":4},{"damage":12,"enemies":"3 Sentries","floor":10,"turns":8},{"damage":0,"enemies":"Looter","floor":14,"turns":3},{"damage":75,"enemies":"Slime Boss","floor":16,"turns":9}],"seed_played":"-8578066613816219018","potions_obtained":[{"floor":1,"key":"Dexterity Potion"},{"floor":2,"key":"Dexterity Potion"},{"floor":4,"key":"PowerPotion"},{"floor":13,"key":"EntropicBrew"}],"is_trial":false,"path_per_floor":["M","M","?","M","$","E","R","E","T","E","R","?","?","M","R","B"],"character_chosen":"IRONCLAD","items_purchased":["Immolate","Battle Trance"],"campfire_rested":1,"item_purchase_floors":[5,5],"current_hp_per_floor":[66,64,53,59,59,51,51,31,31,28,69,62,62,71,71,0,0],"gold":165,"neow_bonus":"TRANSFORM_TWO_CARDS","is_daily":false,"chose_seed":false,"campfire_upgraded":2,"win_rate":0.0,"timestamp":1612583210,"path_taken":["M","M","?","M","$","E","R","E","T","E","R","?","?","M","R","BOSS"],"items_purchased_type":["Card","Card"],"build_version":"2020-12-22","purchased_purges":0,"victory":false,"max_hp_per_floor":[78,81,81,81,81,84,84,84,84,87,87,87,87,90,90,90,90],"relic_stats":{"Darkstone Periapt":0,"Regal Pillow":15,"counters":[8,45],"Smiling Mask":0,"obtain_stats":[{"Darkstone Periapt":6,"Regal Pillow":9,"Toxic Egg 2":10,"Smiling Mask":8,"Burning Blood":0},{"Darkstone Periapt":4,"Regal Pillow":5,"Toxic Egg 2":6,"Smiling Mask":5,"Burning Blood":0},{"Darkstone Periapt":21,"Regal Pillow":25,"Toxic Egg 2":33,"Smiling Mask":25,"Burning Blood":0}],"Burning Blood":42},"card_choices":[{"not_picked":["Warcry","Flex"],"picked":"Ghostly Armor","floor":1},{"not_picked":["Flex","Sword Boomerang"],"picked":"Reckless Charge","floor":2},{"not_picked":["Cleave","Ghostly Armor"],"picked":"Metallicize","floor":4},{"not_picked":["Wild Strike","True Grit"],"picked":"Feed","floor":6},{"not_picked":["Headbutt","Thunderclap"],"picked":"Shrug It Off","floor":8},{"not_picked":["True Grit+1","Rupture"],"picked":"Seeing Red+1","floor":10},{"not_picked":["Ghostly Armor+1","Clash"],"picked":"Armaments+1","floor":14}],"player_experience":906994,"relics_obtained":[{"floor":6,"key":"Darkstone Periapt"},{"floor":8,"key":"Smiling Mask"},{"floor":9,"key":"Regal Pillow"},{"floor":10,"key":"Toxic Egg 2"}],"event_choices":[{"damage_healed":0,"gold_gain":75,"player_choice":"Gather Gold","damage_taken":11,"max_hp_gain":0,"max_hp_loss":0,"event_name":"World of Goop","floor":3,"gold_loss":0},{"cards_removed":["Normality"],"damage_healed":0,"gold_gain":0,"player_choice":"Card Removal","damage_taken":7,"max_hp_gain":0,"max_hp_loss":0,"event_name":"Golden Wing","floor":12,"gold_loss":0},{"damage_healed":0,"gold_gain":0,"player_choice":"Got Potions","damage_taken":0,"max_hp_gain":0,"max_hp_loss":0,"event_name":"Lab","floor":13,"gold_loss":0}],"is_beta":false,"boss_relics":[],"items_purged_floors":[],"is_endless":false,"potions_floor_spawned":[1,2,4,8],"killed_by":"Slime Boss","ascension_level":20}}