{"host":"fxrgx7wt2cpkbhka","time":1612585779,"event":{"mods":["AchievementEnabler","BaseMod","Colored Powertips","Dark Map","Minty Spire (QoL Compilation)","Permanent Neow","Quick Restart","Slay-I","StSLib","Waifu the Spire"],"gold_per_floor":[119,132,147,165,175,175,275,288,315,334,347,347,272,296,296,386,386,401,416,104,104,122,122,135,135,135],"floor_reached":25,"language":"ENG","playtime":992,"items_purged":["Injury"],"score":427,"play_id":"caf69fa2-1da3-4540-979d-c764c96ae190","local_time":"20210205202939","is_ascension_mode":true,"campfire_choices":[{"data":"Streamline","floor":6,"key":"SMITH"},{"data":"Defragment","floor":15,"key":"SMITH"},{"data":"Self Repair","floor":23,"key":"SMITH"}],"circlet_count":0,"master_deck":["AscendersBane","Strike_B","Strike_B","Strike_B","Strike_B","Defend_B+1","Defend_B","Defend_B","Defend_B","Zap","Dualcast+1","Streamline+1","Glacier","Capacitor","Leap","Defragment+1","Cold Snap","Ball Lightning","Glacier","Self Repair+1","Ball Lightning","Self Repair","Writhe","BootSequence","Defragment"],"relics":["Cracked Core","War Paint","Golden Idol","Nuclear Battery","Singing Bowl","Art of War"],"acts_visited":["TheCity"],"potions_floor_usage":[16],"damage_taken":[{"damage":1,"enemies":"Cultist","floor":1,"turns":3},{"damage":3,"enemies":"2 Louse","floor":2,"turns":3},{"damage":13,"enemies":"Small Slimes","floor":3,"turns":3},{"damage":6,"enemies":"3 Louse","floor":4,"turns":4},{"damage":15,"enemies":"Exordium Wildlife","floor":5,"turns":6},{"damage":1,"enemies":"Gremlin Gang","floor":8,"turns":8},{"damage":0,"enemies":"2 Fungi Beasts","floor":10,"turns":3},{"damage":7,"enemies":"3 Louse","floor":11,"turns":4},{"damage":0,"enemies":"Gremlin Gang","floor":14,"turns":6},{"damage":0,"enemies":"Slime Boss","floor":16,"turns":9},{"damage":0,"enemies":"Spheric Guardian","floor":18,"turns":3},{"damage":37,"enemies":"2 Thieves","floor":19,"turns":4},{"damage":16,"enemies":"Snecko","floor":22,"turns":10},{"damage":33,"enemies":"Centurion and Healer","floor":24,"turns":9},{"damage":40,"enemies":"Cultist and Chosen","floor":25,"turns":4}],"seed_played":"7306857716570330304","potions_obtained":[{"floor":1,"key":"SteroidPotion"},{"floor":4,"key":"PowerPotion"},{"floor":18,"key":"LiquidBronze"}],"is_trial":false,"path_per_floor":["M","M","M","M","M","R","?","M","T","M","M","?","$","M","R","B",null,"M","M","$","?","M","R","M","M"],"character_chosen":"DEFECT","items_purchased":["Self Repair","Singing Bowl"],"campfire_rested":0,"item_purchase_floors":[20,20],"current_hp_per_floor":[63,60,47,41,26,26,26,25,25,25,18,18,18,25,25,32,61,68,38,38,38,36,36,20,0,0],"gold":135,"neow_bonus":"THREE_CARDS","is_daily":false,"chose_seed":false,"campfire_upgraded":3,"win_rate":0.0,"timestamp":1612585779,"path_taken":["M","?","M","M","M","R","?","M","T","?","M","?","$","M","R","BOSS","M","M","$","?","M","R","M","M"],"items_purchased_type":["Card","Relic"],"build_version":"2020-12-22","purchased_purges":1,"victory":false,"max_hp_per_floor":[71,71,71,71,71,71,71,71,71,71,71,71,71,71,71,71,71,71,71,71,71,71,71,71,71,71],"card_choices":[{"not_picked":["Compile Driver","Steam Power"],"picked":"Streamline","floor":0},{"not_picked":["Hologram","Gash"],"picked":"Glacier","floor":1},{"not_picked":["Streamline","Melter"],"picked":"Capacitor","floor":2},{"not_picked":["Tempest","Chaos"],"picked":"Leap","floor":3},{"not_picked":["Steam Power","Barrage"],"picked":"Defragment","floor":4},{"not_picked":["Hologram","Redo"],"picked":"Cold Snap","floor":5},{"not_picked":["Sweeping Beam","Scrape"],"picked":"Ball Lightning","floor":8},{"not_picked":["Turbo","Static Discharge"],"picked":"Glacier","floor":10},{"not_picked":["Streamline","Defragment"],"picked":"Self Repair","floor":11},{"not_picked":["Hologram","Hyperbeam"],"picked":"Ball Lightning","floor":14},{"not_picked":["Beam Cell","Leap","Gash"],"picked":"SKIP","floor":18},{"not_picked":["Rebound","Compile Driver","Darkness"],"picked":"SKIP","floor":19},{"not_picked":["Rip and Tear","Sweeping Beam"],"picked":"BootSequence","floor":22},{"not_picked":["Meteor Strike","Gash"],"picked":"Defragment","floor":24}],"player_experience":747799,"relics_obtained":[{"floor":9,"key":"War Paint"}],"event_choices":[{"damage_healed":0,"gold_gain":100,"player_choice":"Pray","damage_taken":0,"max_hp_gain":0,"max_hp_loss":0,"event_name":"Golden Shrine","floor":7,"gold_loss":0},{"damage_healed":0,"gold_gain":0,"player_choice":"Take Wound","damage_taken":0,"relics_obtained":["Golden Idol"],"max_hp_gain":0,"max_hp_loss":0,"event_name":"Golden Idol","floor":12,"gold_loss":0,"cards_obtained":["Injury"]},{"damage_healed":0,"gold_gain":0,"player_choice":"Opened","damage_taken":0,"relics_obtained":["Art of War"],"max_hp_gain":0,"max_hp_loss":0,"event_name":"The Mausoleum","floor":21,"gold_loss":0,"cards_obtained":["Writhe"]}],"is_beta":false,"boss_relics":[{"not_picked":["Runic Dome","SlaversCollar"],"picked":"Nuclear Battery"}],"items_purged_floors":[13],"is_endless":false,"potions_floor_spawned":[1,4,8,10,18,19],"killed_by":"Cultist and Chosen","ascension_level":14}}