{"host":"uy3vg6glkp8m6iit","time":1612605481,"event":{"mods":["AchievementEnabler","BaseMod","Colored Map","DeckTracker","Highlight Path","Keyboard Shortcuts","Minty Spire (QoL Compilation)","Quick Restart","Random Character Button","Rare Cards Sparkle","Relic Stats","StSLib","everything is the same but u backflip on backflip"],"gold_per_floor":[218,238,4,4,4,4,23,49,75,91,91,111,127,141,141,220,220,237,256,38,53,3,3,33,43,95,95,95],"floor_reached":27,"language":"KOR","playtime":1008,"items_purged":["Strike_G","Strike_G"],"score":438,"play_id":"58d06c59-06a6-466c-a7fc-47759d5ddd7d","local_time":"20210206185801","is_ascension_mode":true,"campfire_choices":[{"data":"Dagger Spray","floor":6.0,"key":"SMITH"},{"floor":11.0,"key":"REST"},{"data":"Noxious Fumes","floor":15.0,"key":"SMITH"},{"floor":23.0,"key":"REST"}],"circlet_count":0,"master_deck":["AscendersBane","Strike_G","Strike_G","Strike_G","Defend_G","Defend_G","Defend_G","Defend_G","Defend_G","Survivor","Neutralize","Crippling Poison","Dagger Spray+1","Wraith Form v2","Dash","Masterful Stab","Die Die Die","Tactician","Noxious Fumes+1","After Image","Reflex+1","Acrobatics+1","Grand Finale","Dodge and Roll+1","Well Laid Plans","Footwork"],"relics":["Ring of the Snake","Nunchaku","Snake Skull","Smiling Mask","Sozu","Orrery","Bottled Flame"],"acts_visited":["Exordium","TheCity"],"potions_floor_usage":[],"damage_taken":[{"damage":1.0,"enemies":"2 Louse","floor":1.0,"turns":3.0},{"damage":2.0,"enemies":"Jaw Worm","floor":2.0,"turns":5.0},{"damage":4.0,"enemies":"Cultist","floor":7.0,"turns":4.0},{"damage":18.0,"enemies":"Lagavulin","floor":8.0,"turns":10.0},{"damage":6.0,"enemies":"2 Fungi Beasts","floor":10.0,"turns":4.0},{"damage":7.0,"enemies":"Large Slime","floor":12.0,"turns":6.0},{"damage":0.0,"enemies":"3 Louse","floor":13.0,"turns":1.0},{"damage":4.0,"enemies":"Exordium Thugs","floor":14.0,"turns":7.0},{"damage":15.0,"enemies":"Hexaghost","floor":16.0,"turns":10.0},{"damage":21.0,"enemies":"3 Byrds","floor":18.0,"turns":7.0},{"damage":20.0,"enemies":"2 Thieves","floor":19.0,"turns":5.0},{"damage":3.0,"enemies":"Cultist and Chosen","floor":21.0,"turns":6.0},{"damage":13.0,"enemies":"Book of Stabbing","floor":24.0,"turns":6.0},{"damage":28.0,"enemies":"Shelled Parasite and Fungi","floor":25.0,"turns":6.0},{"damage":9,"enemies":"Snake Plant","floor":27,"turns":2}],"seed_played":"6948144089662706044","potions_obtained":[{"floor":2.0,"key":"GamblersBrew"},{"floor":10.0,"key":"FairyPotion"},{"floor":13.0,"key":"Strength Potion"}],"is_trial":false,"path_per_floor":["M","M","$","?","?","R","M","E","T","M","R","M","M","M","R","B",null,"M","M","$","M","$","R","E","M","T","M"],"character_chosen":"THE_SILENT","items_purchased":["Wraith Form v2","Dash","Orrery"],"campfire_rested":2,"item_purchase_floors":[3,3,20],"current_hp_per_floor":[58,56,56,56,38,38,34,16,16,10,29,22,22,18,18,3,50,29,9,9,6,6,25,12,7,7,0,0],"gold":95,"neow_bonus":"HUNDRED_GOLD","is_daily":false,"chose_seed":false,"campfire_upgraded":2,"win_rate":0.0,"timestamp":1612605481,"path_taken":["M","M","$","?","?","R","M","E","T","?","R","M","M","M","R","BOSS","M","M","$","M","$","R","E","M","T","M"],"items_purchased_type":["Card","Card","Relic"],"build_version":"2020-12-22","purchased_purges":2,"victory":false,"max_hp_per_floor":[66,66,66,66,66,66,66,66,66,66,66,66,66,66,66,66,66,66,66,66,66,66,66,66,66,66,66,66],"relic_stats":{"Sozu":2,"Nunchaku":[12],"counters":[15,82],"Snake Skull":[43],"Smiling Mask":75,"obtain_stats":[{"Sozu":17,"Nunchaku":5,"Bottled Flame":24,"Orrery":20,"Snake Skull":8,"Smiling Mask":9,"Ring of the Snake":0},{"Sozu":9,"Nunchaku":2,"Bottled Flame":13,"Orrery":11,"Snake Skull":4,"Smiling Mask":4,"Ring of the Snake":0},{"Sozu":50,"Nunchaku":8,"Bottled Flame":74,"Orrery":62,"Snake Skull":22,"Smiling Mask":22,"Ring of the Snake":0}],"Ring of the Snake":[30]},"card_choices":[{"not_picked":["Dagger Throw","Backflip"],"picked":"Crippling Poison","floor":1.0},{"not_picked":["Dodge and Roll","Terror"],"picked":"Dagger Spray","floor":2.0},{"not_picked":["Riddle With Holes","Cloak And Dagger","Masterful Stab"],"picked":"SKIP","floor":7.0},{"not_picked":["Riddle With Holes","Cloak And Dagger"],"picked":"Masterful Stab","floor":7.0},{"not_picked":["Dagger Throw","Backstab"],"picked":"Die Die Die","floor":8.0},{"not_picked":["Quick Slash","Flying Knee","Setup"],"picked":"SKIP","floor":10.0},{"not_picked":["Crippling Poison","Outmaneuver","Dagger Throw"],"picked":"SKIP","floor":12.0},{"not_picked":["Deflect","Acrobatics"],"picked":"Tactician","floor":13.0},{"not_picked":["Escape Plan","PiercingWail"],"picked":"Noxious Fumes","floor":14.0},{"not_picked":["A Thousand Cuts","Adrenaline"],"picked":"After Image","floor":16.0},{"not_picked":["Concentrate","Choke","Prepared"],"picked":"SKIP","floor":18.0},{"not_picked":["Flechettes","Poisoned Stab"],"picked":"Reflex+1","floor":19.0},{"not_picked":["Dagger Throw","Underhanded Strike"],"picked":"Acrobatics+1","floor":20.0},{"not_picked":["Blur","Blade Dance"],"picked":"Grand Finale","floor":20.0},{"not_picked":["Backflip","Expertise"],"picked":"Dodge and Roll+1","floor":20.0},{"not_picked":["Catalyst","Distraction"],"picked":"Well Laid Plans","floor":21.0},{"not_picked":["Prepared","Poisoned Stab"],"picked":"Footwork","floor":24.0},{"not_picked":["Flechettes","All Out Attack","Prepared"],"picked":"SKIP","floor":25.0}],"player_experience":1506700,"relics_obtained":[{"floor":8.0,"key":"Snake Skull"},{"floor":9.0,"key":"Smiling Mask"},{"floor":24.0,"key":"Bottled Flame"}],"event_choices":[{"damage_healed":0.0,"max_hp_gain":0.0,"max_hp_loss":0.0,"gold_gain":0.0,"event_name":"Liars Game","player_choice":"Ignored","floor":4.0,"gold_loss":0.0,"damage_taken":0.0},{"damage_healed":0.0,"max_hp_gain":0.0,"max_hp_loss":0.0,"gold_gain":0.0,"event_name":"Scrap Ooze","player_choice":"Success","floor":5.0,"gold_loss":0.0,"damage_taken":18.0,"relics_obtained":["Nunchaku"]}],"is_beta":false,"boss_relics":[{"not_picked":["Busted Crown","Velvet Choker"],"picked":"Sozu"}],"items_purged_floors":[20,22],"is_endless":false,"potions_floor_spawned":[2,10,12,13,18,21],"killed_by":"Snake Plant","ascension_level":17}}