{"host":"pletss163z7s8pvv","time":1612590248,"event":{"mods":["AchievementEnabler","BaseMod","Better Altar","Better Match","Better Note","Better Sensory Stone","Better Skull","Better Third Choice","BetterRewards","CapriCore","ChefMod","Colored Map","Colored Powertips","Conspire","Energized Spire","Evolution","GifTheSpireLib","Hermit","Ironclad Rager","Marked Mod","Minty Spire (QoL Compilation)","Retaliation","Spicy Shops","StS++","StSLib","The Alterego","The Blue Laboratory","The Cursed","The Disciple","The Forsaken"],"gold_per_floor":[114,129,129,29,29,67,86,105,155,155,174,174,193,231,231,231,231],"floor_reached":16,"language":"ENG","playtime":517,"items_purged":[],"score":137,"play_id":"9be7805a-95ef-482f-bd25-7d75f5f7ffa3","local_time":"20210205234408","daily_mods":["Draft","Diverse","DeadlyEvents"],"is_ascension_mode":false,"campfire_choices":[{"floor":10,"key":"REST"},{"floor":12,"key":"REST"},{"floor":15,"key":"REST"}],"circlet_count":0,"master_deck":["Underhanded Strike","ClearTheMind","Echoward","conspire:PoisonWeapons","Blade Dance","hermit:Snipe","PiercingWail","alterego_mod:HighServant","alterego_mod:IndependentAction","StSpp:MuscleMemory","alterego_mod:Pet","Accuracy","TheCursedMod:TacticalStrike","Shockwave","Clash","Evaluate","Flex","Injury","PrimeTime","ICR:Serenity","TheCursedMod:CircleOfFlame","FlyingSleeves","Shrug It Off","alterego_mod:Complex","LockedScales"],"relics":["PureWater","EVO:Axolotl","Golden Idol","Art of War","Pear","Omamori","Boot"],"acts_visited":["Exordium"],"potions_floor_usage":[16],"damage_taken":[{"damage":6,"enemies":"conspire:RoseBush","floor":1,"turns":4},{"damage":8,"enemies":"Small Slimes","floor":2,"turns":3},{"damage":57,"enemies":"Gremlin Nob","floor":6,"turns":5},{"damage":1,"enemies":"Cultist","floor":7,"turns":4},{"damage":0,"enemies":"Red Slaver","floor":8,"turns":1},{"damage":24,"enemies":"Blue Slaver","floor":11,"turns":3},{"damage":8,"enemies":"3 Louse","floor":13,"turns":3},{"damage":31,"enemies":"Lagavulin","floor":14,"turns":7},{"damage":55,"enemies":"The Guardian","floor":16,"turns":6}],"seed_played":"5285009320175426936","potions_obtained":[{"floor":2,"key":"blueLaboratory:BottleOfVodka"},{"floor":7,"key":"SteroidPotion"},{"floor":8,"key":"blueLaboratory:FaithlessPotion"}],"is_trial":false,"path_per_floor":["M","M","?","$","?","E","M","M","T","R","M","R","M","E","R","B"],"character_chosen":"WATCHER","items_purchased":["Art of War","PrimeTime"],"campfire_rested":3,"item_purchase_floors":[4,4],"current_hp_per_floor":[79,71,71,71,76,29,28,28,28,58,34,64,56,25,55,0,0],"gold":231,"neow_bonus":"","is_daily":true,"chose_seed":false,"campfire_upgraded":0,"win_rate":0.0,"timestamp":1612590248,"path_taken":["M","M","?","$","?","E","M","M","T","R","?","R","M","?","R","BOSS"],"items_purchased_type":["Relic","Card"],"build_version":"2020-12-22","purchased_purges":0,"victory":false,"max_hp_per_floor":[85,85,85,85,90,100,100,100,100,100,100,100,100,100,100,100,100],"card_choices":[{"not_picked":["Whirlwind","Expertise"],"picked":"Underhanded Strike","floor":0},{"not_picked":["hermit:BodyArmor","theForsaken:HymnOfPatience"],"picked":"ClearTheMind","floor":0},{"not_picked":["alterego_mod:Support","Hello World"],"picked":"Echoward","floor":0},{"not_picked":["hermit:Dive","TheCursedMod:SpitefulStrike"],"picked":"conspire:PoisonWeapons","floor":0},{"not_picked":["Bane","theForsaken:WrathOfGod"],"picked":"Blade Dance","floor":0},{"not_picked":["StSpp:Mask","theForsaken:Preservation"],"picked":"hermit:Snipe","floor":0},{"not_picked":["chefmod:MonsterBait","alterego_mod:Santa"],"picked":"PiercingWail","floor":0},{"not_picked":["TheCursedMod:WearCloak","hermit:Feint"],"picked":"alterego_mod:HighServant","floor":0},{"not_picked":["Cloak And Dagger","Ball Lightning"],"picked":"alterego_mod:IndependentAction","floor":0},{"not_picked":["Steam","TheCursedMod:Wield"],"picked":"StSpp:MuscleMemory","floor":0},{"not_picked":["hermit:CalledShot","PiercingWail"],"picked":"alterego_mod:Pet","floor":0},{"not_picked":["Perfected Strike","TheCursedMod:CursedSpellbook"],"picked":"Accuracy","floor":0},{"not_picked":["Metallicize","Barrage"],"picked":"TheCursedMod:TacticalStrike","floor":0},{"not_picked":["HandsUpB","Prepared"],"picked":"Shockwave","floor":0},{"not_picked":["Deadly Poison","StSpp:LatentStrike"],"picked":"Clash","floor":0},{"not_picked":["chefmod:Fillet","TheCursedMod:SpitefulStrike"],"picked":"Evaluate","floor":1},{"not_picked":["StSpp:Renounce","Deflect"],"picked":"Flex","floor":2},{"not_picked":["Consecrate","DDmod:EasePowerCard"],"picked":"ICR:Serenity","floor":6},{"not_picked":["Cloak And Dagger","hermit:LowProfile"],"picked":"TheCursedMod:CircleOfFlame","floor":7},{"not_picked":["chefmod:DeathByChocolate","StSpp:LatentStrike"],"picked":"FlyingSleeves","floor":8},{"not_picked":["Pommel Strike","TheCursedMod:CursedMace"],"picked":"Shrug It Off","floor":11},{"not_picked":["chefmod:ColdSteel","theForsaken:DefensiveStance"],"picked":"alterego_mod:Complex","floor":13},{"not_picked":["hermit:FullyLoaded","hermit:TrackingShot"],"picked":"LockedScales","floor":14}],"player_experience":498521,"relics_obtained":[{"floor":6,"key":"Pear"},{"floor":9,"key":"Omamori"},{"floor":14,"key":"Boot"}],"event_choices":[{"damage_healed":0,"gold_gain":0,"player_choice":"Take Wound","damage_taken":0,"relics_obtained":["Golden Idol"],"max_hp_gain":0,"max_hp_loss":0,"event_name":"Golden Idol","floor":3,"gold_loss":0,"cards_obtained":["Injury"]},{"damage_healed":0,"gold_gain":0,"player_choice":"Donut","damage_taken":0,"max_hp_gain":5,"max_hp_loss":0,"event_name":"Big Fish","floor":5,"gold_loss":0}],"is_beta":false,"boss_relics":[],"items_purged_floors":[],"is_endless":false,"potions_floor_spawned":[2,7,8],"killed_by":"The Guardian","ascension_level":0}}