{"host":"sc0o2qwpf9j16a4i","time":1612625939,"event":{"mods":["AchievementEnabler","BaseMod","BetterRewards","Block Reminder","Colored Map","Colored Powertips","Custom Start","Highlight Path","Minty Spire (QoL Compilation)","Relic Stats"],"gold_per_floor":[117,117,87,105,130,130,158,202,247,271,315,328,45,88,88,207,207,226,325,325,19,33,71,106,151,163,208,420,463,475,511,523,656,668,701,713,750,305,305,339,339,21,95,129,129,170,170,204,204,204],"floor_reached":51,"language":"ENG","playtime":2042,"items_purged":["Strike_R"],"score":1357,"play_id":"e5fadc4e-9e7b-4905-a309-5b8297ada843","local_time":"20210206173859","daily_mods":["Cursed Run","Blue Cards","Elite Swarm"],"is_ascension_mode":false,"campfire_choices":[{"data":"Uppercut","floor":6,"key":"SMITH"},{"data":"Apotheosis","floor":15,"key":"SMITH"},{"floor":30,"key":"REST"},{"data":"1","floor":32,"key":"LIFT"},{"data":"2","floor":41,"key":"LIFT"},{"data":"3","floor":45,"key":"LIFT"},{"data":"Seek","floor":49,"key":"SMITH"}],"circlet_count":0,"master_deck":["Strike_R","Strike_R","Strike_R","Strike_R","Defend_R","Defend_R","Defend_R","Defend_R","Bash","Glacier","Injury","Defragment","Uppercut+1","Sweeping Beam","Seek+1","Decay","Heavy Blade","Electrodynamics","Leap","Apotheosis+1","Cold Snap","Inflame","Offering","Clumsy","Machine Learning","Capacitor+1","Sunder","Heavy Blade","Creative AI","Hologram","Metallicize","Amplify","Parasite","Feed","Feed","Dual Wield+1","Writhe","Barricade","Cold Snap","Turbo+1","Discovery","Secret Technique","Sadistic Nature","Corruption","Feel No Pain","Pain","Core Surge","Meteor Strike+1","All For One+1","Injury"],"relics":["Cursed Key","Darkstone Periapt","Du-Vu Doll","Golden Idol","Odd Mushroom","Smiling Mask","Ancient Tea Set","Kunai","Matryoshka","Snecko Eye","Prayer Wheel","MawBank","Blood Vial","Art of War","Girya","Thread and Needle","Bottled Tornado","Coffee Dripper","Vajra","Anchor","Potion Belt","Pantograph","Orichalcum","HornCleat","Sundial","Molten Egg 2","Magic Flower"],"acts_visited":["Exordium","TheCity","TheBeyond"],"potions_floor_usage":[7,11,11,16,16,16,23,29,33,35,48,50,50,50],"damage_taken":[{"damage":0,"enemies":"Cultist","floor":1,"turns":2},{"damage":0,"enemies":"2 Louse","floor":4,"turns":3},{"damage":0,"enemies":"Small Slimes","floor":5,"turns":3},{"damage":8,"enemies":"The Mushroom Lair","floor":7,"turns":4},{"damage":18,"enemies":"Gremlin Nob","floor":8,"turns":4},{"damage":0,"enemies":"Blue Slaver","floor":10,"turns":3},{"damage":0,"enemies":"3 Sentries","floor":11,"turns":4},{"damage":0,"enemies":"Looter","floor":12,"turns":3},{"damage":0,"enemies":"Lagavulin","floor":14,"turns":7},{"damage":6,"enemies":"The Guardian","floor":16,"turns":6},{"damage":12,"enemies":"3 Byrds","floor":18,"turns":3},{"damage":2,"enemies":"Spheric Guardian","floor":22,"turns":3},{"damage":25,"enemies":"Gremlin Leader","floor":23,"turns":5},{"damage":2,"enemies":"Snecko","floor":24,"turns":2},{"damage":22,"enemies":"Slavers","floor":25,"turns":3},{"damage":7,"enemies":"Gremlin Leader","floor":27,"turns":3},{"damage":3,"enemies":"Book of Stabbing","floor":29,"turns":4},{"damage":1,"enemies":"Cultist and Chosen","floor":31,"turns":8},{"damage":34,"enemies":"Collector","floor":33,"turns":6},{"damage":11,"enemies":"3 Shapes","floor":35,"turns":3},{"damage":8,"enemies":"3 Darklings","floor":37,"turns":7},{"damage":6,"enemies":"Nemesis","floor":40,"turns":5},{"damage":16,"enemies":"Reptomancer","floor":44,"turns":3},{"damage":9,"enemies":"Giant Head","floor":46,"turns":4},{"damage":11,"enemies":"Nemesis","floor":48,"turns":5},{"damage":49,"enemies":"Awakened One","floor":50,"turns":10}],"seed_played":"-6369872284960702884","potions_obtained":[{"floor":1,"key":"EssenceOfSteel"},{"floor":3,"key":"CultistPotion"},{"floor":3,"key":"SteroidPotion"},{"floor":5,"key":"Energy Potion"},{"floor":8,"key":"AttackPotion"},{"floor":12,"key":"Fire Potion"},{"floor":14,"key":"Regen Potion"},{"floor":16,"key":"Fire Potion"},{"floor":18,"key":"Strength Potion"},{"floor":27,"key":"EssenceOfSteel"},{"floor":33,"key":"Energy Potion"},{"floor":35,"key":"BloodPotion"},{"floor":48,"key":"Energy Potion"}],"is_trial":true,"path_per_floor":["M","?","?","M","M","R","?","E","T","M","E","M","$","E","R","B",null,"M","?","?","$","M","E","M","E","T","E","?","E","R","M","R","B",null,"M","?","M","$","?","E","R","$","T","E","R","E","?","E","R","B",null],"character_chosen":"IRONCLAD","items_purchased":["Apotheosis","Cold Snap","Inflame","Prayer Wheel","Vajra","Anchor","PowerPotion","ColorlessPotion","Feel No Pain","Pantograph"],"campfire_rested":1,"item_purchase_floors":[13,13,13,21,38,38,38,38,42,42],"current_hp_per_floor":[80,86,86,86,86,86,78,60,66,66,66,66,66,66,66,81,98,86,86,86,86,84,59,57,35,41,36,36,35,66,75,75,53,122,111,111,109,109,99,99,99,99,105,95,95,92,92,87,87,119],"gold":204,"neow_bonus":"","is_daily":false,"chose_seed":false,"campfire_upgraded":3,"win_rate":0.0,"timestamp":1612625939,"path_taken":["M","?","?","M","?","R","?","E","T","M","E","M","?","E","R","BOSS","M","?","?","$","M","E","?","E","T","E","?","E","R","?","R","BOSS","M","?","?","$","?","E","R","?","T","E","R","E","?","E","R","BOSS"],"items_purchased_type":["Card","Card","Card","Relic","Relic","Relic","Potion","Potion","Card","Relic"],"build_version":"2020-12-22","purchased_purges":1,"victory":true,"max_hp_per_floor":[80,86,86,86,86,86,86,86,92,92,92,92,92,92,92,98,98,98,98,98,98,98,98,98,98,104,104,104,104,104,112,112,122,122,122,122,126,126,126,130,130,130,136,140,140,144,137,141,141,151],"relic_stats":{"Darkstone Periapt":42,"counters":[26,113],"Golden Idol":207,"Magic Flower":[16],"Orichalcum":[0],"Cursed Key":3,"Smiling Mask":25,"MawBank":180,"Blood Vial":21,"Sundial":[0],"Pantograph":38,"Snecko Eye":[147,133,126,117],"Prayer Wheel":5,"Art of War":[14],"Kunai":[22],"obtain_stats":[{"Darkstone Periapt":0,"Vajra":38,"Magic Flower":48,"Bottled Tornado":29,"Cursed Key":0,"Smiling Mask":8,"Ancient Tea Set":9,"Blood Vial":25,"Matryoshka":14,"HornCleat":43,"Sundial":44,"Pantograph":42,"Prayer Wheel":21,"Kunai":11,"Potion Belt":40,"Girya":26,"Golden Idol":2,"Thread and Needle":27,"Odd Mushroom":7,"Orichalcum":43,"MawBank":23,"Du-Vu Doll":0,"Anchor":38,"Snecko Eye":17,"Molten Egg 2":46,"Art of War":26,"Coffee Dripper":34},{"Darkstone Periapt":0,"Vajra":21,"Magic Flower":25,"Bottled Tornado":17,"Cursed Key":0,"Smiling Mask":5,"Ancient Tea Set":5,"Blood Vial":15,"Matryoshka":9,"HornCleat":22,"Sundial":23,"Pantograph":22,"Prayer Wheel":11,"Kunai":7,"Potion Belt":22,"Girya":15,"Golden Idol":1,"Thread and Needle":16,"Odd Mushroom":4,"Orichalcum":22,"MawBank":13,"Du-Vu Doll":0,"Anchor":21,"Snecko Eye":10,"Molten Egg 2":24,"Art of War":15,"Coffee Dripper":19},{"Darkstone Periapt":0,"Vajra":86,"Magic Flower":103,"Bottled Tornado":62,"Cursed Key":0,"Smiling Mask":16,"Ancient Tea Set":16,"Blood Vial":55,"Matryoshka":33,"HornCleat":91,"Sundial":94,"Pantograph":91,"Prayer Wheel":42,"Kunai":23,"Potion Belt":91,"Girya":55,"Golden Idol":2,"Thread and Needle":58,"Odd Mushroom":12,"Orichalcum":91,"MawBank":50,"Du-Vu Doll":0,"Anchor":86,"Snecko Eye":39,"Molten Egg 2":98,"Art of War":55,"Coffee Dripper":76}]},"card_choices":[{"not_picked":["Steam","Thunderclap"],"picked":"Glacier","floor":1},{"not_picked":["Stack","Melter"],"picked":"Defragment","floor":4},{"not_picked":["Conserve Battery","Heavy Blade"],"picked":"Uppercut","floor":5},{"not_picked":["Meteor Strike","Feel No Pain"],"picked":"Sweeping Beam","floor":7},{"not_picked":["Amplify","Juggernaut"],"picked":"Seek","floor":8},{"not_picked":["True Grit","Defragment"],"picked":"Heavy Blade","floor":10},{"not_picked":["Biased Cognition","Multi-Cast"],"picked":"Electrodynamics","floor":11},{"not_picked":["Hello World","Iron Wave"],"picked":"Leap","floor":12},{"not_picked":["Thunder Strike","Corruption"],"picked":"Offering","floor":14},{"not_picked":["All For One","Hyperbeam"],"picked":"Machine Learning","floor":16},{"not_picked":["Auto Shields+1","Body Slam+1"],"picked":"Capacitor+1","floor":18},{"not_picked":["Thunderclap","Hello World"],"picked":"Sunder","floor":22},{"not_picked":["Anger","Rebound+1"],"picked":"Heavy Blade","floor":22},{"not_picked":["Multi-Cast","Berserk"],"picked":"Creative AI","floor":23},{"not_picked":["Headbutt","BootSequence"],"picked":"Hologram","floor":24},{"not_picked":["Skim","Perfected Strike+1"],"picked":"Metallicize","floor":24},{"not_picked":["Thunder Strike","Seek"],"picked":"Amplify","floor":25},{"not_picked":["Multi-Cast","Biased Cognition"],"picked":"Feed","floor":27},{"not_picked":["Thunder Strike","Juggernaut"],"picked":"Feed","floor":29},{"not_picked":["Flex","Streamline"],"picked":"Dual Wield+1","floor":31},{"not_picked":["Cleave","True Grit","Go for the Eyes"],"picked":"SKIP","floor":31},{"not_picked":["Biased Cognition","Exhume"],"picked":"Barricade","floor":33},{"not_picked":["Compile Driver+1","Warcry","Beam Cell+1"],"picked":"SKIP","floor":35},{"not_picked":["Dropkick+1","Hologram","Darkness+1"],"picked":"SKIP","floor":35},{"not_picked":["Anger","Sweeping Beam+1"],"picked":"Cold Snap","floor":37},{"not_picked":["Rebound","Sentinel+1"],"picked":"Turbo+1","floor":37},{"not_picked":["Impatience","Jack Of All Trades"],"picked":"Discovery","floor":39},{"not_picked":["Secret Weapon","Master of Strategy"],"picked":"Secret Technique","floor":39},{"not_picked":["Bandage Up","Panache"],"picked":"Sadistic Nature","floor":39},{"not_picked":["Core Surge","Berserk"],"picked":"Corruption","floor":40},{"not_picked":["Machine Learning","Berserk"],"picked":"Core Surge","floor":44},{"not_picked":["Offering","Fiend Fire+1"],"picked":"Meteor Strike+1","floor":46},{"not_picked":["Corruption","Reboot"],"picked":"All For One+1","floor":48}],"player_experience":1230603,"relics_obtained":[{"floor":7,"key":"Odd Mushroom"},{"floor":8,"key":"Smiling Mask"},{"floor":9,"key":"Ancient Tea Set"},{"floor":11,"key":"Kunai"},{"floor":14,"key":"Matryoshka"},{"floor":23,"key":"MawBank"},{"floor":25,"key":"Blood Vial"},{"floor":26,"key":"Art of War"},{"floor":26,"key":"Girya"},{"floor":27,"key":"Thread and Needle"},{"floor":29,"key":"Bottled Tornado"},{"floor":40,"key":"Potion Belt"},{"floor":43,"key":"Orichalcum"},{"floor":43,"key":"HornCleat"},{"floor":44,"key":"Sundial"},{"floor":46,"key":"Molten Egg 2"},{"floor":48,"key":"Magic Flower"}],"event_choices":[{"damage_healed":0,"gold_gain":0,"player_choice":"Take Wound","damage_taken":0,"relics_obtained":["Golden Idol"],"max_hp_gain":0,"max_hp_loss":0,"event_name":"Golden Idol","floor":2,"gold_loss":0,"cards_obtained":["Injury"]},{"damage_healed":0,"gold_gain":0,"player_choice":"Bought 2 Potions","damage_taken":0,"max_hp_gain":0,"max_hp_loss":0,"event_name":"The Woman in Blue","floor":3,"gold_loss":0},{"damage_healed":0,"gold_gain":0,"player_choice":"Fought Mushrooms","damage_taken":0,"max_hp_gain":0,"max_hp_loss":0,"event_name":"Mushrooms","floor":7,"gold_loss":0},{"damage_healed":0,"gold_gain":99,"player_choice":"Stole From Cult","damage_taken":0,"max_hp_gain":0,"max_hp_loss":0,"event_name":"Nest","floor":19,"gold_loss":0},{"damage_healed":0,"gold_gain":0,"player_choice":"Ignored","damage_taken":0,"max_hp_gain":0,"max_hp_loss":0,"event_name":"Ghosts","floor":20,"gold_loss":0},{"damage_healed":0,"gold_gain":200,"player_choice":"Gold","damage_taken":0,"max_hp_gain":0,"max_hp_loss":0,"event_name":"Wheel of Change","floor":28,"gold_loss":0},{"damage_healed":0,"gold_gain":0,"player_choice":"0 cards matched","damage_taken":0,"max_hp_gain":0,"max_hp_loss":0,"event_name":"Match and Keep!","floor":36,"gold_loss":0,"cards_obtained":[]},{"damage_healed":0,"gold_gain":0,"player_choice":"Memory 3","damage_taken":10,"max_hp_gain":0,"max_hp_loss":0,"event_name":"SensoryStone","floor":39,"gold_loss":0},{"damage_healed":0,"gold_gain":0,"player_choice":"Max HP","damage_taken":0,"max_hp_gain":0,"max_hp_loss":7,"event_name":"Winding Halls","floor":47,"gold_loss":0}],"is_beta":false,"boss_relics":[{"not_picked":["Ectoplasm","Runic Cube"],"picked":"Snecko Eye"},{"not_picked":["Velvet Choker","Runic Dome"],"picked":"Coffee Dripper"}],"items_purged_floors":[38],"is_endless":false,"potions_floor_spawned":[1,5,8,12,14,16,18,27,33,35,48],"ascension_level":0}}