{"host":"bx54wbx1b8s5cm4v","time":1612634796,"event":{"mods":["BaseMod","Beaked The Cultist","GifTheSpireLib","Hubris","Marisa????????","Minty Spire (QoL Compilation)","StSLib","The Blackbeard","The Bladedancer","The Cursed","The Disciple","The Druid","The Forsaken","The Necromancer","The Runesmith","The Servant 0.9.4","TheBandit"],"gold_per_floor":[119,134,146,159,172,206,206,206,206,240,16,42,58,70,70,168,168,185,185,100,111,123,123,157,157,157,157,185,197,224,242,242,338,338,355,355,355,375,15,44,44,77,77,77,107,122,153,198,198,198,198,198,45,74,74,74],"floor_reached":55,"language":"ENG","playtime":2846,"items_purged":["Strike_R","Strike_R+1"],"score":1194,"play_id":"45c0516a-16de-4fbb-82dc-9e81c503ae42","local_time":"20210206150636","is_ascension_mode":true,"campfire_choices":[{"data":"Rage","floor":8,"key":"SMITH"},{"data":"Berserk","floor":15,"key":"SMITH"},{"floor":25,"key":"REST"},{"data":"1","floor":27,"key":"LIFT"},{"data":"2","floor":32,"key":"LIFT"},{"data":"3","floor":41,"key":"LIFT"},{"data":"Armaments","floor":44,"key":"SMITH"},{"floor":49,"key":"RECALL"},{"data":"Barricade","floor":52,"key":"SMITH"}],"circlet_count":0,"master_deck":["Strike_R+1","Strike_R+1","Strike_R+1","Defend_R+1","Defend_R+1","Defend_R+1","Defend_R+1","Bash","Dark Shackles","Iron Wave","Flex","Uppercut+1","Ghostly Armor","Rage+1","Spot Weakness","Berserk+1","Clash+1","Infernal Blade","Spot Weakness","Barricade+1","CurseOfTheBell","Cleave+1","Twin Strike","Pummel","Body Slam+1","Offering","hubris:SharpeningStone+1","Dropkick","Armaments+1","Fiend Fire"],"relics":["Burning Blood","hubris:PeanutButter","hubris:IronBody","MealTicket","PreservedInsect","Darkstone Periapt","Calling Bell","hubris:SlimyHat","Runesmith:Nanobots","Torii","Tiny Chest","Girya","HandDrill","hubris:Macrotransations","theForsaken:Gavel","FossilizedHelix","Runesmith:AutoHammer","Whetstone","Busted Crown","Gremlin Horn","Matryoshka","Smiling Mask","Omamori","hubris:ToyBattleship","Nunchaku","Juzu Bracelet","Ginger","Red Skull","hubris:TenFootPole"],"acts_visited":["Exordium","TheCity","TheBeyond","TheEnding"],"potions_floor_usage":[22,24,24,33,47,50,55],"damage_taken":[{"damage":13,"enemies":"Jaw Worm","floor":1,"turns":4},{"damage":0,"enemies":"Small Slimes","floor":2,"turns":3},{"damage":0,"enemies":"Cultist","floor":3,"turns":3},{"damage":15,"enemies":"Gremlin Gang","floor":4,"turns":5},{"damage":8,"enemies":"Looter","floor":5,"turns":3},{"damage":25,"enemies":"3 Sentries","floor":6,"turns":13},{"damage":8,"enemies":"Lagavulin","floor":10,"turns":6},{"damage":0,"enemies":"3 Sentries","floor":12,"turns":7},{"damage":0,"enemies":"Blue Slaver","floor":13,"turns":3},{"damage":0,"enemies":"2 Fungi Beasts","floor":14,"turns":3},{"damage":37,"enemies":"Slime Boss","floor":16,"turns":12},{"damage":23,"enemies":"Spheric Guardian","floor":18,"turns":7},{"damage":13,"enemies":"3 Byrds","floor":21,"turns":8},{"damage":18,"enemies":"Snake Plant","floor":22,"turns":3},{"damage":0,"enemies":"Book of Stabbing","floor":24,"turns":4},{"damage":0,"enemies":"Slavers","floor":28,"turns":1},{"damage":1,"enemies":"Snecko","floor":29,"turns":4},{"damage":0,"enemies":"Gremlin Leader","floor":30,"turns":4},{"damage":0,"enemies":"Chosen and Byrds","floor":31,"turns":5},{"damage":46,"enemies":"Champ","floor":33,"turns":9},{"damage":0,"enemies":"3 Shapes","floor":35,"turns":3},{"damage":0,"enemies":"3 Darklings","floor":38,"turns":5},{"damage":34,"enemies":"Reptomancer","floor":40,"turns":3},{"damage":0,"enemies":"Giant Head","floor":42,"turns":7},{"damage":0,"enemies":"beaked:SuperParasite","floor":45,"turns":3},{"damage":19,"enemies":"Writhing Mass","floor":46,"turns":5},{"damage":0,"enemies":"Nemesis","floor":47,"turns":3},{"damage":33,"enemies":"2 Orb Walkers","floor":48,"turns":4},{"damage":6,"enemies":"Time Eater","floor":50,"turns":8},{"damage":10,"enemies":"Shield and Spear","floor":54,"turns":3},{"damage":111,"enemies":"The Heart","floor":55,"turns":6}],"seed_played":"5797197366973450045","potions_obtained":[{"floor":1,"key":"SkillPotion"},{"floor":6,"key":"SpeedPotion"},{"floor":10,"key":"AttackPotion"},{"floor":22,"key":"Swift Potion"},{"floor":30,"key":"Ancient Potion"},{"floor":33,"key":"Strength Potion"},{"floor":35,"key":"BloodPotion"}],"is_trial":false,"path_per_floor":["M","M","M","M","M","E","?","R","T","E","$","E","M","M","R","B",null,"M","?","?","M","M","$","E","R","T","R","E","M","E","M","R","B",null,"M","?","T","M","$","E","R","E","T","R","E","M","E","?","R","B",null,"R","$","E","B"],"character_chosen":"IRONCLAD","items_purchased":["PreservedInsect","Girya","HandDrill","hubris:Macrotransations","Gremlin Horn","Red Skull"],"campfire_rested":1,"item_purchase_floors":[11,23,23,23,39,53],"current_hp_per_floor":[73,79,80,71,69,50,50,50,50,48,63,69,75,80,80,49,86,69,69,69,62,50,1,7,32,32,32,38,43,49,55,55,15,86,86,86,86,86,86,58,58,64,64,64,70,57,63,36,36,53,86,86,86,82,0,0],"gold":74,"neow_bonus":"RANDOM_COLORLESS","is_daily":false,"chose_seed":false,"campfire_upgraded":4,"win_rate":0.0,"timestamp":1612634796,"path_taken":["M","M","M","M","M","E","?","R","T","E","$","E","M","M","R","BOSS","M","?","?","M","M","?","E","R","T","R","E","?","E","M","R","BOSS","M","?","?","M","$","E","R","E","T","R","E","M","E","?","R","BOSS","R","$","E","BOSS"],"items_purchased_type":["Relic","Relic","Relic","Relic","Relic","Relic"],"build_version":"2020-12-22","purchased_purges":2,"victory":false,"max_hp_per_floor":[80,80,80,80,80,80,80,80,80,80,80,80,80,80,80,80,86,86,86,86,86,86,86,86,86,86,86,86,86,86,86,86,86,86,86,86,86,86,86,86,86,86,86,86,86,86,86,86,86,86,86,86,86,86,86,86],"card_choices":[{"not_picked":["hubris:Ssssneak","PanicButton"],"picked":"Dark Shackles","floor":0},{"not_picked":["Searing Blow","Heavy Blade"],"picked":"Iron Wave","floor":1},{"not_picked":["Battle Trance","Infernal Blade"],"picked":"Flex","floor":2},{"not_picked":["Flex","True Grit"],"picked":"Uppercut","floor":3},{"not_picked":["Disarm","Infernal Blade"],"picked":"Ghostly Armor","floor":4},{"not_picked":["Warcry","Heavy Blade"],"picked":"Rage","floor":5},{"not_picked":["Burning Pact","Hemokinesis"],"picked":"Spot Weakness","floor":6},{"not_picked":["Ghostly Armor","Shrug It Off"],"picked":"Berserk","floor":10},{"not_picked":["Power Through","hubris:CleavingFinish"],"picked":"Clash","floor":12},{"not_picked":["Pommel Strike","Carnage"],"picked":"Infernal Blade","floor":13},{"not_picked":["Fire Breathing","Heavy Blade"],"picked":"Spot Weakness","floor":14},{"not_picked":["Corruption","Impervious"],"picked":"Barricade","floor":16},{"not_picked":["Heavy Blade+1","True Grit"],"picked":"Cleave","floor":18},{"not_picked":["Rupture","Anger"],"picked":"Twin Strike","floor":21},{"not_picked":["Sword Boomerang","Perfected Strike"],"picked":"Pummel","floor":22},{"not_picked":["hubris:SharpeningStone","Flame Barrier"],"picked":"Body Slam+1","floor":24},{"not_picked":["Power Through","Searing Blow"],"picked":"Offering","floor":28},{"not_picked":["Heavy Blade+1","Shrug It Off"],"picked":"hubris:SharpeningStone+1","floor":29},{"not_picked":["Burning Pact","Clash"],"picked":"Dropkick","floor":30},{"not_picked":["Impervious","Rupture"],"picked":"Armaments","floor":31},{"not_picked":["Brutality","Offering"],"picked":"Fiend Fire","floor":33},{"not_picked":["Fire Breathing"],"picked":"SKIP","floor":35},{"not_picked":["Warcry"],"picked":"SKIP","floor":38},{"not_picked":["hubris:SharpeningStone"],"picked":"SKIP","floor":40},{"not_picked":["Clothesline"],"picked":"SKIP","floor":42},{"not_picked":["Uppercut+1"],"picked":"SKIP","floor":45},{"not_picked":["Searing Blow+1"],"picked":"SKIP","floor":46},{"not_picked":["Perfected Strike"],"picked":"SKIP","floor":47},{"not_picked":["Sword Boomerang+1"],"picked":"SKIP","floor":54}],"player_experience":29612,"relics_obtained":[{"floor":6,"key":"hubris:PeanutButter"},{"floor":9,"key":"hubris:IronBody"},{"floor":10,"key":"MealTicket"},{"floor":12,"key":"Darkstone Periapt"},{"floor":17,"key":"hubris:SlimyHat"},{"floor":17,"key":"Runesmith:Nanobots"},{"floor":17,"key":"Torii"},{"floor":24,"key":"theForsaken:Gavel"},{"floor":26,"key":"FossilizedHelix"},{"floor":28,"key":"Runesmith:AutoHammer"},{"floor":30,"key":"Whetstone"},{"floor":40,"key":"Matryoshka"},{"floor":42,"key":"Smiling Mask"},{"floor":43,"key":"Omamori"},{"floor":43,"key":"hubris:ToyBattleship"},{"floor":45,"key":"Nunchaku"},{"floor":47,"key":"Juzu Bracelet"},{"floor":48,"key":"Ginger"},{"floor":54,"key":"hubris:TenFootPole"}],"event_choices":[{"damage_healed":0,"gold_gain":0,"player_choice":"Simplicity","damage_taken":0,"max_hp_gain":0,"max_hp_loss":0,"event_name":"Back to Basics","floor":19,"gold_loss":0,"cards_upgraded":["Strike_R","Strike_R","Strike_R","Strike_R","Defend_R","Defend_R","Defend_R","Defend_R"]},{"damage_healed":0,"gold_gain":0,"player_choice":"Obtained Relic","damage_taken":0,"relics_obtained":["Tiny Chest"],"max_hp_gain":0,"max_hp_loss":0,"event_name":"Addict","floor":20,"gold_loss":85},{"damage_healed":0,"gold_gain":0,"player_choice":"Ignored","damage_taken":0,"max_hp_gain":0,"max_hp_loss":0,"event_name":"Tomb of Lord Red Mask","floor":36,"gold_loss":0},{"damage_healed":0,"gold_gain":0,"player_choice":"Fight","damage_taken":0,"max_hp_gain":0,"max_hp_loss":0,"event_name":"Mysterious Sphere","floor":48,"gold_loss":0}],"is_beta":false,"boss_relics":[{"not_picked":["Empty Cage","hubris:HollowSoul"],"picked":"Calling Bell"},{"not_picked":["hubris:RunicObelisk","hubris:ScarierMask"],"picked":"Busted Crown"}],"items_purged_floors":[11,39],"is_endless":false,"potions_floor_spawned":[1,6,10,13,14,18,21,22,30,33,35,45],"killed_by":"The Heart","ascension_level":2}}