{"host":"dlqyscxstsnu98l1","time":1612613316,"event":{"mods":["AchievementEnabler","BaseMod","Colored Map","Colored Powertips","Downfall","GifTheSpireLib","Highlight Path","Minty Spire (QoL Compilation)","Random Character Button","SacredBarkPlus","Slay-I","StSLib","everything is the same but u backflip on backflip"],"gold_per_floor":[20,33,33,52,69,101,101,133,133,158,111,126,143,156,156,251,251,265,265,190,3,15,15,15],"floor_reached":23,"language":"ENG","playtime":1477,"items_purged":[],"score":259,"play_id":"ecb89b45-66ca-4a66-8152-f6ba15b61083","local_time":"20210206060836","is_ascension_mode":true,"campfire_choices":[{"data":"Flame Barrier","floor":7,"key":"SMITH"},{"data":"Bash","floor":15,"key":"SMITH"}],"circlet_count":0,"master_deck":["Strike_R","Strike_R","Strike_R","Strike_R","Defend_R","Defend_R","Defend_R","Defend_R","Bash+1","Flame Barrier+1","Shrug It Off","Anger","True Grit","Shrug It Off","Shrug It Off","Carnage","Wild Strike","Offering","Cleave","Inflame"],"relics":["Black Blood","Dream Catcher","Paper Frog","Letter Opener","White Beast Statue","Membership Card"],"acts_visited":["Exordium","TheCity"],"potions_floor_usage":[6,8,8,10,10,14,16,16,18,18,22,23,23],"damage_taken":[{"damage":6,"enemies":"2 Louse","floor":1,"turns":2},{"damage":6,"enemies":"Cultist","floor":2,"turns":3},{"damage":6,"enemies":"Jaw Worm","floor":4,"turns":5},{"damage":2,"enemies":"Exordium Wildlife","floor":5,"turns":3},{"damage":14,"enemies":"Lagavulin","floor":6,"turns":6},{"damage":2,"enemies":"Gremlin Nob","floor":8,"turns":5},{"damage":28,"enemies":"Lagavulin","floor":10,"turns":8},{"damage":4,"enemies":"Lots of Slimes","floor":12,"turns":5},{"damage":0,"enemies":"Looter","floor":13,"turns":4},{"damage":0,"enemies":"Gremlin Gang","floor":14,"turns":2},{"damage":58,"enemies":"Slime Boss","floor":16,"turns":14},{"damage":6,"enemies":"Chosen","floor":18,"turns":4},{"damage":24,"enemies":"Shell Parasite","floor":22,"turns":4},{"damage":90,"enemies":"Gremlin Leader","floor":23,"turns":10}],"seed_played":"8978470793021484011","potions_obtained":[{"floor":1,"key":"Explosive Potion"},{"floor":2,"key":"SkillPotion"},{"floor":3,"key":"ColorlessPotion"},{"floor":3,"key":"DistilledChaos"},{"floor":3,"key":"EntropicBrew"},{"floor":6,"key":"Energy Potion"},{"floor":8,"key":"FearPotion"},{"floor":12,"key":"DistilledChaos"},{"floor":14,"key":"SpeedPotion"},{"floor":16,"key":"EntropicBrew"},{"floor":18,"key":"CultistPotion"},{"floor":22,"key":"Guardian:BlockOnCardUsePotion"}],"is_trial":false,"path_per_floor":["M","M","?","M","M","E","R","E","T","E","$","M","M","M","R","B",null,"M","?","?","$","M","E"],"character_chosen":"IRONCLAD","items_purchased":["Shrug It Off","Membership Card","Inflame"],"campfire_rested":0,"item_purchase_floors":[11,21,21],"current_hp_per_floor":[96,96,96,96,96,88,88,92,92,70,70,72,78,84,84,32,96,96,96,96,96,84,0,0],"gold":15,"neow_bonus":"TWENTY_PERCENT_HP_BONUS","is_daily":false,"chose_seed":false,"campfire_upgraded":2,"win_rate":0.0,"timestamp":1612613316,"path_taken":["M","M","?","M","?","E","R","E","T","E","?","M","M","M","R","BOSS","M","?","?","?","?","E"],"items_purchased_type":["Card","Relic","Card"],"build_version":"2020-12-22","purchased_purges":0,"victory":false,"max_hp_per_floor":[96,96,96,96,96,96,96,96,96,96,96,96,96,96,96,96,96,96,96,96,96,96,96,96],"card_choices":[{"not_picked":["Thunderclap","Seeing Red"],"picked":"Flame Barrier","floor":1},{"not_picked":["Rampage","Pummel"],"picked":"Shrug It Off","floor":2},{"not_picked":["Clothesline","Combust"],"picked":"Anger","floor":4},{"not_picked":["Thunderclap","Body Slam"],"picked":"True Grit","floor":5},{"not_picked":["Thunderclap","Evolve","Ghostly Armor"],"picked":"SKIP","floor":6},{"not_picked":["Iron Wave","Rage"],"picked":"Shrug It Off","floor":8},{"not_picked":["Fiend Fire","Sentinel","Iron Wave"],"picked":"SKIP","floor":10},{"not_picked":["Perfected Strike","Anger","Sever Soul"],"picked":"SKIP","floor":12},{"not_picked":["Headbutt","Anger"],"picked":"Carnage","floor":13},{"not_picked":["Inflame","Headbutt"],"picked":"Wild Strike","floor":14},{"not_picked":["Limit Break","Exhume"],"picked":"Offering","floor":16},{"not_picked":["Warcry","Ghostly Armor"],"picked":"Cleave","floor":18},{"not_picked":["Carnage+1","Blood for Blood","Twin Strike"],"picked":"SKIP","floor":22}],"player_experience":152823,"relics_obtained":[{"floor":6,"key":"Dream Catcher"},{"floor":8,"key":"Paper Frog"},{"floor":9,"key":"Letter Opener"},{"floor":10,"key":"White Beast Statue"}],"event_choices":[{"damage_healed":0,"gold_gain":0,"player_choice":"Got Potions","damage_taken":0,"max_hp_gain":0,"max_hp_loss":0,"event_name":"Lab","floor":3,"gold_loss":0},{"damage_healed":32,"gold_gain":0,"player_choice":"Heal","damage_taken":0,"max_hp_gain":0,"max_hp_loss":0,"event_name":"The Library","floor":19,"gold_loss":0},{"cards_removed":["Strike_R"],"damage_healed":0,"gold_gain":0,"player_choice":"Gave Gold","damage_taken":0,"max_hp_gain":0,"max_hp_loss":0,"event_name":"Beggar","floor":20,"gold_loss":75}],"is_beta":false,"boss_relics":[{"not_picked":["Runic Pyramid","Ectoplasm"],"picked":"Black Blood"}],"items_purged_floors":[],"is_endless":false,"potions_floor_spawned":[1,2,6,8,12,13,14,16,18,22],"killed_by":"Gremlin Leader","ascension_level":2}}