{"host":"gvmmh8a4dbuurnvz","time":1612616027,"event":{"mods":["AchievementEnabler","Aspiration","BaseMod","Better Vampires","BetterRewards","Colored Powertips","Highlight Path","Minty Spire (QoL Compilation)","MostiFishMod","Spicy Shops","StSLib","¡¾ÒÅÎï¿¨ÅÆ¡¿REMEMod"],"gold_per_floor":[115,131,146,159,177,177,177,177,177,202,212,231,257,257,257,380,380,399,399,64,64,77,113,113,53,134,148,148,163,201,45,45,174,174,190,209,69,69,84,84,109,153,153,197,221,245,123,181,181,181,181,181,21,61,61],"floor_reached":56,"language":"ZHS","playtime":1816,"items_purged":["Strike_G","Strike_G","Accuracy","Defend_G","Strike_G","Defend_G"],"score":2247,"play_id":"e82ff872-253e-48b8-91ac-9e1cee85241d","local_time":"20210206205347","is_ascension_mode":true,"campfire_choices":[{"floor":6.0,"key":"RECALL"},{"data":"MostiFishMod:CullingBlade","floor":8.0,"key":"SMITH"},{"data":"Adrenaline","floor":15.0,"key":"SMITH"},{"data":"MostiFishMod:ShivMaster","floor":24,"key":"SMITH"},{"data":"Dash","floor":28,"key":"SMITH"},{"data":"A Thousand Cuts","floor":32,"key":"SMITH"},{"data":"MostiFishMod:WinterMarkForm","floor":40,"key":"SMITH"},{"data":"Blade Dance","floor":49,"key":"SMITH"},{"data":"Neutralize","floor":52,"key":"SMITH"}],"circlet_count":0,"master_deck":["Strike_G","Strike_G","Defend_G","Defend_G","Survivor","Neutralize+1","MostiFishMod:CullingBlade+1","Dash+1","Adrenaline+1","MostiFishMod:ShivMaster+1","A Thousand Cuts+1","Blade Dance+1","MostiFishMod:WinterMarkForm+1"],"relics":["Ring of the Snake","DaveBox","REME_ComplimentaryCards","RhineSuit","Gremlin Horn","aspiration:HatOfInfinitePower","Bronze Scales","Unceasing Top","Mummified Hand","SynthV:TestCard","The Courier","Blood Vial","Golden Idol","xbg","Lantern","Anchor","aspiration:Nostalgia","PureWater","Pen Nib","REME_LowDesire","Bag of Preparation","Civilization","aspiration:AnachronicSnailShell","Ninja Scroll"],"acts_visited":["Exordium","TheCity","TheBeyond","TheEnding"],"potions_floor_usage":[23,33,33,39,44,55,55,55,55,55],"damage_taken":[{"damage":0.0,"enemies":"Cultist","floor":1.0,"turns":1.0},{"damage":0.0,"enemies":"Jaw Worm","floor":2.0,"turns":1.0},{"damage":0.0,"enemies":"2 Louse","floor":3.0,"turns":1.0},{"damage":0.0,"enemies":"Looter","floor":4.0,"turns":1.0},{"damage":0.0,"enemies":"Exordium Wildlife","floor":5.0,"turns":2.0},{"damage":0.0,"enemies":"Gremlin Nob","floor":10.0,"turns":1.0},{"damage":0.0,"enemies":"Gremlin Gang","floor":11.0,"turns":1.0},{"damage":0.0,"enemies":"Large Slime","floor":12.0,"turns":3.0},{"damage":0.0,"enemies":"3 Sentries","floor":13.0,"turns":4.0},{"damage":3.0,"enemies":"The Guardian","floor":16.0,"turns":3.0},{"damage":0.0,"enemies":"3 Byrds","floor":18.0,"turns":2.0},{"damage":0,"enemies":"Spheric Guardian","floor":22,"turns":1},{"damage":0,"enemies":"Gremlin Leader","floor":23,"turns":2},{"damage":0,"enemies":"Cultist and Chosen","floor":27,"turns":2},{"damage":0,"enemies":"Snecko","floor":29,"turns":1},{"damage":0,"enemies":"Book of Stabbing","floor":30,"turns":2},{"damage":0,"enemies":"Collector","floor":33,"turns":1},{"damage":0,"enemies":"3 Shapes","floor":35,"turns":1},{"damage":0,"enemies":"3 Darklings","floor":36,"turns":1},{"damage":0,"enemies":"4 Shapes","floor":39,"turns":1},{"damage":0,"enemies":"Writhing Mass","floor":41,"turns":1},{"damage":0,"enemies":"Reptomancer","floor":42,"turns":2},{"damage":0,"enemies":"Giant Head","floor":44,"turns":2},{"damage":0,"enemies":"Transient","floor":45,"turns":3},{"damage":0,"enemies":"Spire Growth","floor":46,"turns":2},{"damage":0,"enemies":"2 Orb Walkers","floor":48,"turns":2},{"damage":0,"enemies":"Awakened One","floor":50,"turns":2},{"damage":0,"enemies":"Shield and Spear","floor":54,"turns":1},{"damage":29,"enemies":"The Heart","floor":55,"turns":3}],"seed_played":"-7114535628384121381","potions_obtained":[{"floor":3.0,"key":"SkillPotion"},{"floor":4.0,"key":"EntropicBrew"},{"floor":10.0,"key":"SteroidPotion"},{"floor":16.0,"key":"FearPotion"},{"floor":22,"key":"PowerPotion"},{"floor":29,"key":"SkillPotion"},{"floor":30,"key":"Strength Potion"},{"floor":33,"key":"SpeedPotion"},{"floor":44,"key":"Fruit Juice"},{"floor":45,"key":"EntropicBrew"}],"is_trial":false,"path_per_floor":["M","M","M","M","M","R","?","R","T","E","M","M","E","?","R","B",null,"M","?","$","?","M","E","R","$","T","M","R","M","E","$","R","B",null,"M","M","$","?","M","R","M","E","T","E","M","M","$","?","R","B",null,"R","$","E","B",null],"character_chosen":"THE_SILENT","items_purchased":["Gremlin Horn","aspiration:HatOfInfinitePower","Bronze Scales","Dash","Unceasing Top","Mummified Hand","Lantern","Anchor","aspiration:Nostalgia","Blade Dance","Civilization"],"campfire_rested":0,"item_purchase_floors":[0,0,0,0,0,0,20,20,25,31,47],"current_hp_per_floor":[70,70,70,70,70,70,70,70,70,70,70,70,70,53,53,52,70,70,70,70,70,70,70,70,70,70,70,70,70,70,70,70,70,70,70,70,70,70,70,70,70,70,70,75,75,75,75,77,77,82,82,82,82,87,68],"gold":61,"neow_bonus":"","is_daily":false,"chose_seed":false,"campfire_upgraded":8,"win_rate":0.0,"timestamp":1612616027,"path_taken":["M","M","?","?","?","R","?","R","T","E","M","M","E","?","R","BOSS","M","?","$","?","M","E","R","?","T","?","R","M","E","$","R","BOSS","M","M","$","?","?","R","M","E","T","E","M","M","$","?","R","BOSS","R","$","E","BOSS"],"items_purchased_type":["Relic","Relic","Relic","Card","Relic","Relic","Relic","Relic","Relic","Card","Relic"],"build_version":"2020-12-22","purchased_purges":6,"victory":true,"max_hp_per_floor":[70,70,70,70,70,70,70,70,70,70,70,70,70,70,70,70,70,70,70,70,70,70,70,70,70,70,70,70,70,70,70,70,70,70,70,70,70,70,70,70,70,70,70,75,75,75,75,77,77,82,82,82,82,87,92],"card_choices":[{"not_picked":["MostiFishMod:FrostNova","All Out Attack","MostiFishMod:PreservedThorns"],"picked":"SKIP","floor":1.0},{"not_picked":["Blade Dance","Prepared","Deflect","Escape Plan","MostiFishMod:InvigoratingSolution"],"picked":"SKIP","floor":2.0},{"not_picked":["Bane","Crippling Poison","Acrobatics","Deflect","Underhanded Strike"],"picked":"SKIP","floor":3.0},{"not_picked":["MostiFishMod:PerfectParry","Endless Agony","Deflect","Bane","Slice"],"picked":"SKIP","floor":4.0},{"not_picked":["MostiFishMod:PerfectParry","Dagger Spray","Blade Dance","PiercingWail"],"picked":"Adrenaline","floor":5.0},{"not_picked":["MostiFishMod:PreservedThorns","Sucker Punch","Masterful Stab","Calculated Gamble"],"picked":"Accuracy","floor":10.0},{"not_picked":["Bane","Predator","Dagger Spray","Outmaneuver","Bouncing Flask"],"picked":"SKIP","floor":11.0},{"not_picked":["MostiFishMod:InvigoratingSolution","REME_ShadowStrike","MostiFishMod:PoisonShield","Backflip","MostiFishMod:PerfectParry"],"picked":"SKIP","floor":12.0},{"not_picked":["Backflip","Footwork","Cloak And Dagger","MostiFishMod:FullyArmed","Escape Plan"],"picked":"SKIP","floor":13.0},{"not_picked":["Tools of the Trade","Grand Finale","MostiFishMod:AdrenalineArouse","MostiFishMod:FullyArmed"],"picked":"MostiFishMod:ShivMaster","floor":16.0},{"not_picked":["Flying Knee","Bane","Leg Sweep","PiercingWail","Backflip"],"picked":"SKIP","floor":18.0},{"not_picked":["REME_GreenPollution","Dagger Spray","Outmaneuver","Masterful Stab+1","Backflip"],"picked":"SKIP","floor":22},{"not_picked":["Terror+1","Setup","Backflip","Bane","Underhanded Strike"],"picked":"SKIP","floor":23},{"not_picked":["Terror","PiercingWail","Slice","Poisoned Stab","Underhanded Strike"],"picked":"SKIP","floor":27},{"not_picked":["REME_LeechingPoison","Crippling Poison","Poisoned Stab","Bouncing Flask","Quick Slash"],"picked":"SKIP","floor":29},{"not_picked":["All Out Attack+1","Flying Knee+1","Slice","Quick Slash"],"picked":"A Thousand Cuts","floor":30},{"not_picked":["Phantasmal Killer","Unload","MostiFishMod:SpreadingSpore","MostiFishMod:Listen"],"picked":"MostiFishMod:WinterMarkForm","floor":33},{"not_picked":["Riddle With Holes+1","Blur","MostiFishMod:FrostNova","Bane+1","Escape Plan","Purity"],"picked":"SKIP","floor":35},{"not_picked":["Flying Knee+1","Dagger Throw+1","Prepared","Skewer+1","MostiFishMod:ThornCasing+1","MostiFishMod:ButterFly"],"picked":"SKIP","floor":36},{"not_picked":["Accuracy","Doppelganger","Deflect","Backflip+1","Cloak And Dagger","Metamorphosis"],"picked":"SKIP","floor":39},{"not_picked":["Deflect+1","Backflip+1","Flying Knee+1","MostiFishMod:PerfectParry","Dagger Spray","Forethought"],"picked":"SKIP","floor":41},{"not_picked":["Bane","Acrobatics+1","Unload","Well Laid Plans","Dagger Spray+1","REME_BuildACard"],"picked":"SKIP","floor":42},{"not_picked":["Outmaneuver+1","Backstab","Accuracy+1","Dodge and Roll","Eviscerate+1","Purity+1"],"picked":"SKIP","floor":44},{"not_picked":["Dagger Throw","Flying Knee+1","PiercingWail+1","Blade Dance","Backflip","Master of Strategy"],"picked":"SKIP","floor":45},{"not_picked":["Dash+1","Underhanded Strike","MostiFishMod:PerfectParry","Heel Hook","Riddle With Holes+1","Flash of Steel"],"picked":"SKIP","floor":46},{"not_picked":["Backflip+1","Bane","Blur","Malaise","Bouncing Flask+1","Apotheosis"],"picked":"SKIP","floor":54}],"player_experience":318318,"relics_obtained":[{"floor":1.0,"key":"SynthV:TestCard"},{"floor":9.0,"key":"The Courier"},{"floor":13.0,"key":"Blood Vial"},{"floor":30,"key":"Pen Nib"},{"floor":34,"key":"Bag of Preparation"},{"floor":48,"key":"aspiration:AnachronicSnailShell"},{"floor":54,"key":"Ninja Scroll"}],"event_choices":[{"cards_removed":["Defend_G"],"damage_healed":0.0,"max_hp_gain":0.0,"max_hp_loss":0.0,"gold_gain":0.0,"event_name":"Living Wall","player_choice":"Forget","floor":7.0,"gold_loss":0.0,"damage_taken":0.0},{"damage_healed":0.0,"max_hp_gain":0.0,"max_hp_loss":0.0,"gold_gain":0.0,"event_name":"Golden Idol","player_choice":"Take Damage","floor":14.0,"gold_loss":0.0,"damage_taken":17.0,"relics_obtained":["Golden Idol"]},{"damage_healed":0.0,"max_hp_gain":0.0,"max_hp_loss":0.0,"gold_gain":0.0,"event_name":"Ghosts","player_choice":"Ignored","floor":19.0,"gold_loss":0.0,"damage_taken":0.0},{"damage_healed":0,"gold_gain":0,"player_choice":"0 cards matched","damage_taken":0,"max_hp_gain":0,"max_hp_loss":0,"event_name":"Match and Keep!","floor":38,"gold_loss":0,"cards_obtained":[]},{"damage_healed":0,"gold_gain":0,"player_choice":"Fight","damage_taken":0,"max_hp_gain":0,"max_hp_loss":0,"event_name":"Mysterious Sphere","floor":48,"gold_loss":0}],"is_beta":false,"boss_relics":[{"not_picked":["Ectoplasm","EE1DDrone"],"picked":"xbg"},{"not_picked":["FixedStarFall","Cursed Key"],"picked":"REME_LowDesire"}],"items_purged_floors":[0,0,20,31,37,53],"is_endless":false,"potions_floor_spawned":[3,4,10,13,16,22,23,29,30,33,36,44,45],"ascension_level":3}}