{"host":"dbb4fkd1j4jczim2","time":1612636876,"event":{"mods":["BaseMod","Downfall","Marisa????????","Minty Spire (QoL Compilation)","Permanent Neow","StSLib"],"gold_per_floor":[99,111,561,42,42,69,92,105,105,105,121,136,136,154,172,273,273,273,292,312,325,345,345,345,370,270,286,304,304,336,336,348,446,446,446,460,477,462,477,492,517,517,617,667,667,282,332,382,399,399],"floor_reached":51,"language":"ENG","playtime":3114,"items_purged":["Normality","downfall:Aged","downfall:Icky"],"score":978,"play_id":"3c406056-e14a-4a44-9bb1-5acea1fa5522","local_time":"20210206124116","is_ascension_mode":true,"campfire_choices":[{"data":"Guardian:Repulse","floor":1.0,"key":"SMITH"},{"data":"Guardian:Orbwalk","floor":18,"key":"SMITH"},{"data":"Guardian:PrismaticBarrier","floor":23,"key":"SMITH"},{"data":"Guardian:PrismaticBarrier","floor":26,"key":"SMITH"},{"data":"Guardian:Planning","floor":29,"key":"SMITH"},{"data":"Guardian:ExploitGems","floor":35,"key":"SMITH"},{"floor":42,"key":"RECALL"}],"circlet_count":0,"master_deck":["Guardian:Defend_Guardian","Guardian:Defend_Guardian","Guardian:Defend_Guardian","Guardian:CurlUp","Guardian:TwinSlam","Guardian:Repulse+1","Guardian:GemFire+1","Guardian:PrismaticBeam+1","Guardian:ShieldCharger","Guardian:Orbwalk+1","Guardian:PrismaticBarrier+1","Guardian:PrismaticBeam+1","Guardian:PrismaticBarrier+1","Guardian:StasisField","Guardian:SphericShield","Guardian:Planning+1","Guardian:ExploitGems+1","Guardian:Suspension","Guardian:PrismaticBarrier+1","Guardian:ExploitGems+1","Guardian:VentSteam+1","Guardian:VentSteam+1","Guardian:PrismaticBarrier+1","Guardian:PrismaticBarrier+1","Guardian:DecasProtection+1"],"relics":["Guardian:ModeShifter","Guardian:BottledStasis","Question Card","Bottled Lightning","Potion Belt","Ornamental Fan","Guardian:StasisSlotReductionRelic","Mercury Hourglass","TungstenRod","downfall:HeartBlessingGreen","Pantograph","SlaversCollar","The Courier","Spirit Poop","downfall:CloakOfManyFaces","CultistMask","FaceOfCleric","SsserpentHead","Lee\u0027s Waffle","Juzu Bracelet","Mango","Vajra","OrangePellets","Gremlin Horn","MealTicket"],"acts_visited":["Exordium","TheCity","TheBeyond"],"potions_floor_usage":[33,33,33,33],"damage_taken":[{"damage":1.0,"enemies":"Small Slimes","floor":2.0,"turns":5.0},{"damage":5.0,"enemies":"downfall:FleeingMerchant","floor":4.0,"turns":4.0},{"damage":10.0,"enemies":"downfall:FleeingMerchant","floor":5.0,"turns":7.0},{"damage":26.0,"enemies":"3 Sentries","floor":6.0,"turns":7.0},{"damage":6.0,"enemies":"Jaw Worm","floor":8.0,"turns":3.0},{"damage":0.0,"enemies":"Cultist","floor":11.0,"turns":5.0},{"damage":7.0,"enemies":"Blue Slaver","floor":12.0,"turns":2.0},{"damage":2.0,"enemies":"2 Fungi Beasts","floor":14.0,"turns":2.0},{"damage":0.0,"enemies":"Exordium Wildlife","floor":15.0,"turns":1.0},{"damage":0.0,"enemies":"WA_ARCHETYPE_RETAIN","floor":16.0,"turns":1.0},{"damage":0,"enemies":"Spheric Guardian","floor":19,"turns":3},{"damage":1,"enemies":"Cultist and Chosen","floor":20,"turns":3},{"damage":0,"enemies":"Snecko","floor":21,"turns":1},{"damage":3,"enemies":"Centurion and Healer","floor":22,"turns":4},{"damage":24,"enemies":"Gremlin Leader","floor":25,"turns":2},{"damage":0,"enemies":"Cultist and Chosen","floor":27,"turns":2},{"damage":0,"enemies":"Snake Plant","floor":28,"turns":2},{"damage":3,"enemies":"Book of Stabbing","floor":30,"turns":2},{"damage":0,"enemies":"3 Cultists","floor":32,"turns":3},{"damage":6,"enemies":"SI_MIRROR_ARCHETYPE","floor":33,"turns":8},{"damage":4,"enemies":"3 Darklings","floor":36,"turns":3},{"damage":0,"enemies":"3 Shapes","floor":37,"turns":2},{"damage":0,"enemies":"downfall:FleeingMerchant","floor":38,"turns":4},{"damage":4,"enemies":"downfall:FaceTrader","floor":38,"turns":6},{"damage":31,"enemies":"Transient","floor":39,"turns":5},{"damage":0,"enemies":"Writhing Mass","floor":40,"turns":1},{"damage":0,"enemies":"Writhing Mass","floor":43,"turns":1},{"damage":0,"enemies":"downfall:FleeingMerchant","floor":46,"turns":4},{"damage":0,"enemies":"Spire Growth","floor":49,"turns":1},{"damage":0,"enemies":"DF_ARCHETYPE_ORBS","floor":50,"turns":2}],"seed_played":"-1300033462353865603","potions_obtained":[{"floor":2.0,"key":"Weak Potion"},{"floor":12.0,"key":"SpeedPotion"},{"floor":21,"key":"BlessingOfTheForge"},{"floor":25,"key":"DistilledChaos"},{"floor":28,"key":"Fire Potion"},{"floor":36,"key":"Guardian:AcceleratePotion"},{"floor":38,"key":"Guardian:BlockOnCardUsePotion"},{"floor":47,"key":"DuplicationPotion"},{"floor":47,"key":"GamblersBrew"},{"floor":47,"key":"Slimebound:ThreeZeroPotion"}],"is_trial":false,"path_per_floor":["R","M","?","$","?","E","T","M","T","?","M","M","R","M","M","B",null,"R","M","M","M","M","R","T","E","R","M","M","R","E","?","M","B",null,"R","M","M","$","M","M","T","R","?","?","M","$","?","?","M","B",null],"character_chosen":"GUARDIAN","items_purchased":["Guardian:Orbwalk","Guardian:BottledStasis","Question Card","Vajra","Guardian:Gem_Green","Guardian:Gem_Red","OrangePellets","Gremlin Horn","MealTicket"],"campfire_rested":0,"item_purchase_floors":[4,4,4,46,46,46,46,46,46],"current_hp_per_floor":[80,79,79,74,46,20,20,14,14,14,14,7,7,5,5,5,80,80,80,79,79,76,76,76,52,52,52,52,52,49,49,49,68,80,80,76,76,87,57,96,96,96,111,111,111,112,112,112,113,114],"gold":399,"neow_bonus":"TRANSFORM_TWO_CARDS","is_daily":false,"chose_seed":false,"campfire_upgraded":6,"win_rate":0.0,"timestamp":1612636876,"path_taken":["R","M","?","$","?","E","T","M","?","?","M","M","R","M","M","BOSS","R","M","M","?","M","R","T","E","R","M","M","R","E","?","M","BOSS","R","M","M","$","M","M","T","R","?","?","M","$","?","?","M","BOSS"],"items_purchased_type":["Card","Relic","Relic","Relic","Card","Card","Relic","Relic","Relic"],"build_version":"2020-12-22","purchased_purges":3,"victory":true,"max_hp_per_floor":[80,80,80,80,80,80,80,80,80,80,80,80,80,80,80,80,80,80,80,80,80,80,80,80,80,80,80,80,80,80,80,80,80,80,80,80,80,87,88,96,96,96,111,111,111,112,112,112,113,114],"card_choices":[{"not_picked":["Guardian:BronzeOrb","Guardian:ChargeCore"],"picked":"Guardian:PrismaticBeam","floor":2.0},{"not_picked":["Guardian:TemporalStrike","Guardian:RollAttack"],"picked":"Guardian:ShieldCharger","floor":4.0},{"not_picked":["Guardian:TemporalStrike","Guardian:TimeSifter","Guardian:WalkerClaw","Guardian:BaubleBeam"],"picked":"SKIP","floor":6.0},{"not_picked":["Guardian:RollAttack","Guardian:ArmoredProtocol","Guardian:Gem_White"],"picked":"Guardian:PrismaticBarrier","floor":8.0},{"not_picked":["Guardian:Gem_Fragmented","Guardian:SentryBeam","Guardian:TimeCapacitor"],"picked":"Guardian:Gem_Crimson","floor":11.0},{"not_picked":["Guardian:ChargeCore","Guardian:Recover","Guardian:ShieldCharger"],"picked":"Guardian:Gem_Green","floor":12.0},{"not_picked":["Guardian:Recover","Guardian:Harden","Guardian:PolyBeam"],"picked":"Guardian:Gem_Cyan","floor":14.0},{"not_picked":["Guardian:Gem_Yellow","Guardian:VentSteam","Guardian:Reroute"],"picked":"Guardian:Gem_Purple","floor":15.0},{"not_picked":["Guardian:HyperBeam_Guardian","Guardian:FastForward","Guardian:RevengeProtocol"],"picked":"Guardian:StasisField","floor":16.0},{"not_picked":["Guardian:Preprogram","Guardian:TemporalStrike","Guardian:Planning+1","Guardian:Incinerate"],"picked":"SKIP","floor":19},{"not_picked":["Guardian:EvasiveProtocol","Guardian:PiercingHide","Guardian:Incinerate"],"picked":"Guardian:Gem_Red","floor":20},{"not_picked":["Guardian:Planning","Guardian:RollAttack","Guardian:PrismaticBarrier"],"picked":"Guardian:Gem_Red","floor":21},{"not_picked":["Guardian:Recover","Guardian:CrystalBeam","Guardian:VentSteam"],"picked":"Guardian:Gem_Yellow","floor":22},{"not_picked":["Guardian:Gem_Red","Guardian:Gem_Lightblue","Guardian:Gem_White"],"picked":"Guardian:SphericShield","floor":25},{"not_picked":["Guardian:Harden","Guardian:Gem_Lightblue","Guardian:Recover+1","Guardian:TemporalShield"],"picked":"SKIP","floor":27},{"not_picked":["Guardian:Gem_Lightblue","Guardian:Gem_Cyan","Guardian:PiercingHide"],"picked":"Guardian:Planning","floor":28},{"not_picked":["Guardian:SpikerProtocol","Guardian:Orbwalk","Guardian:PrimingBeam"],"picked":"Guardian:Gem_White","floor":30},{"not_picked":["Guardian:PrismaticBeam","Guardian:WalkerClaw","Guardian:PiercingHide"],"picked":"Guardian:Gem_Lightblue","floor":32},{"not_picked":["Guardian:BaubleBeam","Guardian:FastForward","Guardian:RevengeProtocol"],"picked":"Guardian:ExploitGems","floor":33},{"not_picked":["Guardian:RefractedBeam","Guardian:Gem_Cyan","Guardian:MultiBeam"],"picked":"Guardian:Suspension","floor":36},{"not_picked":["Guardian:Reroute+1","Guardian:ChargeUp","Guardian:Gem_Cyan"],"picked":"Guardian:Gem_White","floor":37},{"not_picked":["Guardian:EvasiveProtocol","Guardian:Reroute+1","Guardian:DonusPower"],"picked":"Guardian:PrismaticBarrier","floor":38},{"not_picked":["Guardian:BodySlam","Guardian:Gem_Green","Guardian:Gem_Red","Guardian:ChargeUp+1"],"picked":"SKIP","floor":39},{"not_picked":["Guardian:Suspension","Guardian:Gem_Purple","Guardian:Gem_Lightblue"],"picked":"Guardian:ExploitGems","floor":40},{"not_picked":["Guardian:Harden","Guardian:ShieldCharger+1","Guardian:Clone"],"picked":"Guardian:VentSteam+1","floor":43},{"not_picked":["Guardian:Gem_Cyan","Guardian:PiercingHide","Guardian:ChargeUp+1"],"picked":"Guardian:VentSteam+1","floor":46},{"not_picked":["Guardian:ChargeCore","Guardian:BodySlam+1","Guardian:WalkerClaw+1"],"picked":"Guardian:DecasProtection+1","floor":49}],"player_experience":330915,"relics_obtained":[{"floor":6.0,"key":"Bottled Lightning"},{"floor":7.0,"key":"Potion Belt"},{"floor":9.0,"key":"Ornamental Fan"},{"floor":24,"key":"Mercury Hourglass"},{"floor":25,"key":"TungstenRod"},{"floor":30,"key":"Pantograph"},{"floor":38,"key":"downfall:CloakOfManyFaces"},{"floor":41,"key":"Juzu Bracelet"},{"floor":43,"key":"Mango"}],"event_choices":[{"cards_removed":["downfall:Icky"],"damage_healed":0,"gold_gain":0,"player_choice":"Offered Curse","damage_taken":0,"relics_obtained":["Spirit Poop"],"max_hp_gain":0,"max_hp_loss":0,"event_name":"Bonfire Elementals","floor":38,"gold_loss":0},{"cards_removed":["Guardian:Strike_Guardian"],"damage_healed":0,"gold_gain":0,"player_choice":"Offered Basic","damage_taken":0,"max_hp_gain":0,"max_hp_loss":0,"event_name":"Bonfire Elementals","floor":48,"gold_loss":0},{"damage_healed":0,"gold_gain":0,"player_choice":"Upgraded","damage_taken":0,"max_hp_gain":0,"max_hp_loss":0,"event_name":"Upgrade Shrine","floor":48,"gold_loss":0,"cards_upgraded":["Guardian:GemFire"]},{"damage_healed":0,"gold_gain":0,"player_choice":"Upgraded","damage_taken":0,"max_hp_gain":0,"max_hp_loss":0,"event_name":"Upgrade Shrine","floor":48,"gold_loss":0,"cards_upgraded":["Guardian:PrismaticBeam"]},{"damage_healed":0,"gold_gain":0,"player_choice":"Upgraded","damage_taken":0,"max_hp_gain":0,"max_hp_loss":0,"event_name":"Upgrade Shrine","floor":48,"gold_loss":0,"cards_upgraded":["Guardian:PrismaticBeam"]},{"damage_healed":0,"gold_gain":0,"player_choice":"Upgraded","damage_taken":0,"max_hp_gain":0,"max_hp_loss":0,"event_name":"Upgrade Shrine","floor":48,"gold_loss":0,"cards_upgraded":["Guardian:PrismaticBarrier"]},{"damage_healed":0,"gold_gain":0,"player_choice":"Upgraded","damage_taken":0,"max_hp_gain":0,"max_hp_loss":0,"event_name":"Upgrade Shrine","floor":48,"gold_loss":0,"cards_upgraded":["Guardian:PrismaticBarrier"]},{"damage_healed":0,"gold_gain":0,"player_choice":"Upgraded","damage_taken":0,"max_hp_gain":0,"max_hp_loss":0,"event_name":"Upgrade Shrine","floor":48,"gold_loss":0,"cards_upgraded":["Guardian:ExploitGems"]},{"damage_healed":0,"gold_gain":0,"player_choice":"Upgraded","damage_taken":0,"max_hp_gain":0,"max_hp_loss":0,"event_name":"Upgrade Shrine","floor":48,"gold_loss":0,"cards_upgraded":["Guardian:PrismaticBarrier"]}],"is_beta":false,"boss_relics":[{"not_picked":["Fusion Hammer","Runic Dome"],"picked":"Guardian:StasisSlotReductionRelic"},{"not_picked":["Runic Pyramid","Busted Crown"],"picked":"SlaversCollar"}],"items_purged_floors":[4,38,46],"is_endless":false,"potions_floor_spawned":[2,5,12,21,25,28,30,36,38,49],"ascension_level":1}}