{"host":"hf8wn58z41rkrmnq","time":1612599431,"event":{"mods":["BaseMod","Better Third Choice","BetterRewards","Colored Map","Colored Powertips","Infinite Spire","Minty Spire (QoL Compilation)","Quick Restart","Relic Sorter","Relic Stats","Replay The Spire","Spicy Shops","StSLib"],"gold_per_floor":[118,45,65,165,177,177,177,177,177,203,216,216,216,156,156,257,257,276,276,260,260,276,276,295,322,349,349,349],"floor_reached":27,"language":"ENG","playtime":1290,"items_purged":["Strike_R"],"score":253,"play_id":"487ab441-fb24-4f48-8afd-c3c74156e62f","local_time":"20210206031711","is_ascension_mode":true,"campfire_choices":[{"data":"Fire Breathing","floor":6.0,"key":"SMITH"},{"data":"Bash","floor":8.0,"key":"SMITH"},{"floor":23,"key":"REST"}],"circlet_count":0,"master_deck":["Strike_R","Strike_R","Strike_R","Strike_R","Defend_R","Defend_R+1","Defend_R","Defend_R+1","Bash+1","Fire Breathing+1","Cleave+1","infinitespire:Fortify"],"relics":["Burning Blood","Dream Catcher","Ring of Searing","infinitespire:WardingShard","Orichalcum","Spirit Poop","Omamori","Black Star","infinitespire:Joker Card","Akabeko","infinitespire:Beetle Shell","Simple Rune"],"acts_visited":["Exordium","TheCity"],"potions_floor_usage":[16,16,16,16,22,24,25,25],"damage_taken":[{"damage":1.0,"enemies":"Cultist","floor":1.0,"turns":3.0},{"damage":8.0,"enemies":"Jaw Worm","floor":3.0,"turns":4.0},{"damage":0.0,"enemies":"Small Slimes","floor":5.0,"turns":3.0},{"damage":36.0,"enemies":"Gremlin Nob","floor":10.0,"turns":4.0},{"damage":0.0,"enemies":"2 Fungi Beasts","floor":11.0,"turns":3.0},{"damage":57,"enemies":"Hexaghost","floor":16,"turns":9},{"damage":37,"enemies":"Chosen","floor":18,"turns":5},{"damage":30,"enemies":"2 Thieves","floor":20,"turns":4},{"damage":13,"enemies":"3 Cultists","floor":22,"turns":4},{"damage":19,"enemies":"Shelled Parasite and Fungi","floor":24,"turns":6},{"damage":46,"enemies":"Book of Stabbing","floor":25,"turns":6},{"damage":21,"enemies":"Slavers","floor":27,"turns":2}],"seed_played":"-6692296896913198561","potions_obtained":[{"floor":1.0,"key":"Swift Potion"},{"floor":3.0,"key":"EntropicBrew"},{"floor":5.0,"key":"Milkshake"},{"floor":16,"key":"SkillPotion"},{"floor":22,"key":"Languid Potion"},{"floor":25,"key":"DistilledChaos"}],"is_trial":false,"path_per_floor":["M","$","M","?","M","R","?","R","T","E","M","?","?","$","R_BF","B",null,"M","?","M","AVR","M","R","M","E","T","E"],"character_chosen":"IRONCLAD","items_purchased":["Dream Catcher","Omamori"],"campfire_rested":1,"item_purchase_floors":[2,14],"current_hp_per_floor":[88,88,86,86,88,88,88,88,88,58,64,69,69,69,93,42,93,62,62,38,38,31,58,45,20,20,0,0],"gold":349,"neow_bonus":"TEN_PERCENT_HP_BONUS","is_daily":false,"chose_seed":false,"campfire_upgraded":2,"win_rate":0.0,"timestamp":1612599431,"path_taken":["M","$","M","?","?","R","?","R","T","E","M","?","?","$","R_BF","BOSS","M","?","?","AVR","M","R","M","E","T","E"],"items_purchased_type":["Relic","Relic"],"build_version":"2020-12-22","purchased_purges":1,"victory":false,"max_hp_per_floor":[88,88,88,88,88,88,88,88,88,88,88,93,93,93,93,93,93,93,93,93,93,93,93,93,93,93,93,93],"relic_stats":{"Dream Catcher":2,"counters":[12,53],"Black Star":1,"Orichalcum":[60],"obtain_stats":[{"Dream Catcher":2,"infinitespire:WardingShard":9,"Spirit Poop":13,"Simple Rune":26,"infinitespire:Joker Card":21,"infinitespire:Beetle Shell":25,"Omamori":14,"Black Star":21,"Orichalcum":10,"Burning Blood":0,"Akabeko":25,"Ring of Searing":7},{"Dream Catcher":1,"infinitespire:WardingShard":3,"Spirit Poop":5,"Simple Rune":11,"infinitespire:Joker Card":8,"infinitespire:Beetle Shell":11,"Omamori":5,"Black Star":8,"Orichalcum":4,"Burning Blood":0,"Akabeko":11,"Ring of Searing":3},{"Dream Catcher":3,"infinitespire:WardingShard":10,"Spirit Poop":17,"Simple Rune":51,"infinitespire:Joker Card":35,"infinitespire:Beetle Shell":51,"Omamori":17,"Black Star":35,"Orichalcum":14,"Burning Blood":0,"Akabeko":51,"Ring of Searing":10}],"Burning Blood":57},"card_choices":[{"not_picked":["Body Slam","Entrench","Shockwave"],"picked":"SKIP","floor":1.0},{"not_picked":["Run Through","Iron Wave"],"picked":"Fire Breathing","floor":3.0},{"not_picked":["Wild Strike","Body Slam","Clash"],"picked":"SKIP","floor":5.0},{"not_picked":["Burning Pact","Entrench","Heavy Blade"],"picked":"SKIP","floor":10.0},{"not_picked":["Body Slam","Clothesline","Pommel Strike"],"picked":"SKIP","floor":11.0},{"not_picked":["Combust","Shrug It Off"],"picked":"Cleave","floor":15},{"not_picked":["ReplayTheSpireMod:Strike From Hell","Thunderclap+1","Whirlwind"],"picked":"SKIP","floor":18},{"not_picked":["ReplayTheSpireMod:Strike From Hell+1","Fire Breathing+1","Warcry+1"],"picked":"SKIP","floor":20},{"not_picked":["Anger+1","Flex+1","Intimidate+1"],"picked":"SKIP","floor":22},{"not_picked":["Pommel Strike+1","Abandon+1","Headbutt"],"picked":"SKIP","floor":24},{"not_picked":["True Grit+1","Warcry","Clothesline"],"picked":"SKIP","floor":25}],"player_experience":232895,"relics_obtained":[{"floor":7.0,"key":"Ring of Searing"},{"floor":9.0,"key":"infinitespire:WardingShard"},{"floor":10.0,"key":"Orichalcum"},{"floor":25,"key":"Akabeko"},{"floor":25,"key":"infinitespire:Beetle Shell"},{"floor":26,"key":"Simple Rune"}],"event_choices":[{"damage_healed":0.0,"max_hp_gain":0.0,"max_hp_loss":0.0,"gold_gain":100.0,"event_name":"Wheel of Change","player_choice":"Gold","floor":4.0,"gold_loss":0.0,"damage_taken":0.0},{"damage_healed":0.0,"max_hp_gain":5.0,"max_hp_loss":0.0,"gold_gain":0.0,"event_name":"Big Fish","player_choice":"Donut","floor":12.0,"gold_loss":0.0,"damage_taken":0.0},{"cards_removed":["Delirium"],"damage_healed":0,"gold_gain":0,"player_choice":"Offered Curse","damage_taken":0,"relics_obtained":["Spirit Poop"],"max_hp_gain":0,"max_hp_loss":0,"event_name":"Bonfire Elementals","floor":13,"gold_loss":0},{"damage_healed":0,"gold_gain":0,"player_choice":"Upgraded","damage_taken":0,"max_hp_gain":0,"max_hp_loss":0,"event_name":"Upgrade Shrine","floor":19,"gold_loss":0,"cards_upgraded":["Cleave"]}],"is_beta":false,"boss_relics":[{"not_picked":["Sozu","Replay:Ancient Bell","infinitespire:Cupcake"]}],"items_purged_floors":[21],"is_endless":false,"potions_floor_spawned":[1,3,5,16,22,25],"killed_by":"Slavers","ascension_level":2}}