{"host":"Areaser","time":1612641441,"event":{"mods":["AchievementEnabler","BaseMod","BetterRewards","Colored Map","Hubris","Infinite Spire","Minty Spire (QoL Compilation)","Replay The Spire","StSLib","The Animator","The Bug Knight","The Cursed","The Disciple","The Necromancer","The Servant 0.9.4"],"gold_per_floor":[109,109,109,109,119,146,166,166,190,190,190,221,231,251,251,353,353,372,447,467,105,116,129,129,129,205,205,219,235,248,258,258,377,377,417,459,101,119,119,119,119,146,219,243,243,278,278,278,278,278,278],"floor_reached":50,"language":"ENG","playtime":4067,"items_purged":["Defend_G","Strike_G","Defend_G"],"score":658,"play_id":"30ace08d-5f76-4a76-b912-7f2425736007","local_time":"20210206205721","is_ascension_mode":false,"campfire_choices":[{"data":"Fluid Movement","floor":10.0,"key":"SMITH"},{"data":"hubris:Fate","floor":15.0,"key":"SMITH"},{"floor":32.0,"key":"REST"},{"floor":41,"key":"RECALL"},{"floor":47,"key":"REST"},{"floor":49,"key":"REST"}],"circlet_count":0,"master_deck":["Strike_G+1","Strike_G","Defend_G+1","Defend_G","Survivor","Neutralize","Fluid Movement+1","Poisoned Stab+1","Bane","hubris:Fate+1","Toxin Wave","Prepared","Deadly Poison","Bane","infinitespire:Oblivion+1","Bouncing Flask+1","Prepared+1","Poisoned Stab+1","Parasite","Madness+1","Madness+1"],"relics":["Ring of the Snake","NeowsBlessing","Sundial","Snake Skull","Replay:Bottled Eggs","Simple Rune","Anchor","HoveringKite","The Specimen","Centennial Puzzle","hubris:Backtick","Toxic Egg 2","Paper Crane","infinitespire:EvilPickle","Iron Hammer","Replay:Bottled Snecko"],"acts_visited":["Exordium","TheCity","TheBeyond"],"potions_floor_usage":[33,33,35,35,38,42,46,50],"damage_taken":[{"damage":0.0,"enemies":"Cultist","floor":1.0,"turns":1.0},{"damage":0.0,"enemies":"Small Slimes","floor":5.0,"turns":1.0},{"damage":0.0,"enemies":"3 Sentries","floor":6.0,"turns":1.0},{"damage":0.0,"enemies":"2 Louse","floor":7.0,"turns":2.0},{"damage":5.0,"enemies":"Lagavulin","floor":12.0,"turns":6.0},{"damage":0.0,"enemies":"Large Slime","floor":13.0,"turns":5.0},{"damage":0.0,"enemies":"3 Louse","floor":14.0,"turns":3.0},{"damage":4.0,"enemies":"Hexaghost","floor":16.0,"turns":8.0},{"damage":11.0,"enemies":"3 Byrds","floor":18.0,"turns":6.0},{"damage":0.0,"enemies":"Shell Parasite","floor":20.0,"turns":6.0},{"damage":0.0,"enemies":"Snake Plant","floor":22.0,"turns":3.0},{"damage":3.0,"enemies":"Chosen and Byrds","floor":23.0,"turns":5.0},{"damage":7.0,"enemies":"3 Cultists","floor":28.0,"turns":5.0},{"damage":0.0,"enemies":"Sentry and Sphere","floor":29.0,"turns":4.0},{"damage":15.0,"enemies":"Snecko","floor":30.0,"turns":3.0},{"damage":0.0,"enemies":"Chosen and Byrds","floor":31.0,"turns":3.0},{"damage":20,"enemies":"Pondfish","floor":33,"turns":7},{"damage":4,"enemies":"3 Darklings","floor":35,"turns":4},{"damage":6,"enemies":"Orb Walker","floor":36,"turns":4},{"damage":5,"enemies":"Writhing Mass","floor":38,"turns":4},{"damage":6,"enemies":"4 Shapes","floor":42,"turns":3},{"damage":0,"enemies":"Sphere and 2 Shapes","floor":44,"turns":3},{"damage":17,"enemies":"Writhing Mass","floor":46,"turns":4},{"damage":66,"enemies":"Awakened One","floor":50,"turns":10}],"seed_played":"-4042701246035996209","potions_obtained":[{"floor":5.0,"key":"Elixir"},{"floor":7.0,"key":"Strength Potion"},{"floor":14.0,"key":"LiquidBronze"},{"floor":20.0,"key":"Languid Potion"},{"floor":29.0,"key":"Poison Potion"},{"floor":30.0,"key":"GhostInAJar"},{"floor":36,"key":"SkillPotion"},{"floor":46,"key":"PowerPotion"}],"is_trial":false,"path_per_floor":["M","?","?","?","M","E","M","T","T","R","?","E","M","M","R","B",null,"M","?","M","$","M","M","?","AVR","T","T","M","M","M","M","R","B",null,"M","M","$","M","?","?","R","M","T","M","?","M","R","?","R","B"],"character_chosen":"THE_SILENT","items_purchased":["The Specimen","Iron Hammer"],"campfire_rested":3,"item_purchase_floors":[21,37],"current_hp_per_floor":[70,70,70,70,70,70,70,70,70,70,54,49,49,49,49,45,70,59,52,52,52,52,49,49,49,49,49,42,42,27,27,48,28,70,66,60,60,55,55,55,55,49,49,49,49,32,53,44,65,0,0],"gold":278,"neow_bonus":"THREE_ENEMY_KILL","is_daily":false,"chose_seed":false,"campfire_upgraded":2,"win_rate":0.0,"timestamp":1612641441,"path_taken":["M","?","?","?","M","E","M","?","T","R","?","E","M","M","R","BOSS","M","?","M","$","M","?","?","AVR","T","?","M","M","?","M","R","BOSS","M","M","$","M","?","?","R","?","T","M","?","M","R","?","R","BOSS"],"items_purchased_type":["Relic","Relic"],"build_version":"2020-12-18","purchased_purges":3,"victory":false,"max_hp_per_floor":[70,70,70,70,70,70,70,70,70,70,70,70,70,70,70,70,70,70,70,70,70,70,70,70,70,70,70,70,70,70,70,70,70,70,70,70,70,70,70,70,70,70,70,70,70,70,70,70,70,70,70],"card_choices":[{"not_picked":["PiercingWail","Slice"],"picked":"Fluid Movement","floor":1.0},{"not_picked":["Well Laid Plans","hubris:TrickCloak"],"picked":"Poisoned Stab","floor":5.0},{"not_picked":["Dodge and Roll","After Image"],"picked":"Bane","floor":6.0},{"not_picked":["Blade Dance","Dagger Spray","Dodge and Roll"],"picked":"SKIP","floor":7.0},{"not_picked":["ReplayTheSpireMod:Chaos Vortex","infinitespire:Punishment"],"picked":"hubris:Fate","floor":11.0},{"not_picked":["Tactician","Flying Knee","Backstab"],"picked":"SKIP","floor":12.0},{"not_picked":["ReplayTheSpireMod:Shiv Toss","Bane"],"picked":"Toxin Wave","floor":13.0},{"not_picked":["Deflect","Masterful Stab"],"picked":"Prepared","floor":14.0},{"not_picked":["Replay:Poison Smokescreen+1","Reflex+1","hubris:SlightOfHand"],"picked":"SKIP","floor":18.0},{"not_picked":["PiercingWail","Acrobatics"],"picked":"Deadly Poison","floor":20.0},{"not_picked":["Deflect","Backflip+1"],"picked":"Bane","floor":22.0},{"not_picked":["ReplayTheSpireMod:Speed Training","Blade Dance"],"picked":"Venomology","floor":23.0},{"not_picked":["Sneak Up+1","Flying Knee","Deflect+1"],"picked":"SKIP","floor":28.0},{"not_picked":["Distraction+1","Backflip+1"],"picked":"Bouncing Flask+1","floor":29.0},{"not_picked":["ReplayTheSpireMod:Speed Training+1","Terror+1","ReplayTheSpireMod:From All Sides"],"picked":"SKIP","floor":30.0},{"not_picked":["Sucker Punch","Quick Slash"],"picked":"Prepared+1","floor":31.0},{"not_picked":["Hidden Blade+1","Crippling Poison+1"],"picked":"Poisoned Stab+1","floor":35},{"not_picked":["Underhanded Strike","Dagger Throw+1","hubris:Counter"],"picked":"SKIP","floor":36},{"not_picked":["Infinite Blades","Flechettes+1","Bane"],"picked":"SKIP","floor":38},{"not_picked":["Quick Slash","Backstab","Underhanded Strike"],"picked":"SKIP","floor":42},{"not_picked":["Sneak Up+1","PiercingWail+1","Blade Dance+1"],"picked":"SKIP","floor":44},{"not_picked":["Dagger Throw+1","Leg Sweep+1","Hidden Blade+1"],"picked":"SKIP","floor":46}],"player_experience":11138,"relics_obtained":[{"floor":3.0,"key":"Sundial"},{"floor":6.0,"key":"Snake Skull"},{"floor":8.0,"key":"Replay:Bottled Eggs"},{"floor":9.0,"key":"Simple Rune"},{"floor":12.0,"key":"Anchor"},{"floor":26.0,"key":"Paper Crane"},{"floor":43,"key":"Replay:Bottled Snecko"}],"event_choices":[{"cards_removed":["Strike_G"],"damage_healed":0.0,"max_hp_gain":0.0,"max_hp_loss":0.0,"gold_gain":0.0,"event_name":"Living Wall","player_choice":"Forget","floor":2.0,"gold_loss":0.0,"damage_taken":0.0},{"damage_healed":0.0,"max_hp_gain":0.0,"max_hp_loss":0.0,"gold_gain":75.0,"event_name":"FaceTrader","player_choice":"Touch","floor":19.0,"gold_loss":0.0,"damage_taken":7.0},{"cards_removed":["Defend_G"],"damage_healed":0.0,"max_hp_gain":0.0,"max_hp_loss":0.0,"gold_gain":0.0,"event_name":"Back to Basics","player_choice":"Elegance","floor":24.0,"gold_loss":0.0,"damage_taken":0.0},{"cards_removed":["Venomology"],"damage_healed":0,"gold_gain":0,"player_choice":"Removed Skill","damage_taken":0,"max_hp_gain":0,"max_hp_loss":0,"event_name":"Falling","floor":39,"gold_loss":0},{"damage_healed":0,"gold_gain":0,"player_choice":"Forge","damage_taken":0,"max_hp_gain":0,"max_hp_loss":0,"event_name":"Accursed Blacksmith","floor":40,"gold_loss":0,"cards_upgraded":["infinitespire:Oblivion"]},{"damage_healed":0,"gold_gain":0,"player_choice":"Ignored","damage_taken":0,"max_hp_gain":0,"max_hp_loss":0,"event_name":"Tomb of Lord Red Mask","floor":45,"gold_loss":0},{"damage_healed":0,"gold_gain":0,"player_choice":"Embrace Madness","damage_taken":9,"max_hp_gain":0,"max_hp_loss":0,"event_name":"Winding Halls","floor":48,"gold_loss":0,"cards_obtained":["Madness","Madness"]}],"is_beta":true,"boss_relics":[{"not_picked":["hubris:HollowSoul","Replay:Grab Bag"],"picked":"HoveringKite"},{"not_picked":["hubris:BlackHole","hubris:RunicObelisk","Abe\u0027s Treasure"]}],"items_purged_floors":[21,25,37],"is_endless":false,"potions_floor_spawned":[5,7,14,20,29,30,31,36,46],"killed_by":"Awakened One","ascension_level":0}}