{"host":"2pluridizrp50jef","time":1612604217,"event":{"mods":["ATMod(°¢èªMod)","AchievementEnabler","Act Like it!","BaseMod","Bestiary","Better Altar","Better Match","Better Note","Better Sensory Stone","Better Skull","Better Third Choice","BetterRewards","Colored Powertips","Conspire","Curses Come First","Custom Start","Downfall","Energized Spire","Gensokyo","Hallownest","Hubris","Infinite Spire","Lobotomy","LobotomyExtend","Minty Spire (QoL Compilation)","Rare Cards Sparkle","Relic Stats","Replay The Spire","StSLib","noobMod","¡¾ÒÅÎï¿¨ÅÆ¡¿REMEMod"],"gold_per_floor":[99,114,134,152,152,210,210,210,228,262,172,190,90,90,100,202,202,2,12,23,23,23,23,23,23,48,62,95,195,77,94,105,206,206,206,222,322,335,352,352,378,378,378,389,402,419,451,451,463,463,463,463,495,152,152,152,152],"floor_reached":58,"language":"ZHS","playtime":3581,"items_purged":["Slimebound:Strike_Slimebound","Writhe","Slimebound:Strike_Slimebound","Amnesia","GrinderMk4+2","Slimebound:Defend_Slimebound+1"],"score":1286,"play_id":"58dd77fb-c251-4921-a6d3-2e7151fcb7cb","local_time":"20210206013657","is_ascension_mode":false,"campfire_choices":[{"data":"AT_FamilyPortrait","floor":1,"key":"SMITH"},{"floor":8,"key":"RECALL"},{"data":"Slimebound:Split","floor":13,"key":"SMITH"},{"data":"Slimebound:OneTwoCombo","floor":18,"key":"SMITH"},{"data":"Slimebound:OneTwoCombo","floor":35,"key":"SMITH"},{"data":"Slimebound:ForwardTackle","floor":43,"key":"SMITH"},{"data":"Slimebound:ComboTackle","floor":55,"key":"SMITH"}],"circlet_count":0,"master_deck":["Slimebound:Tackle+1","Slimebound:Defend_Slimebound+1","Slimebound:Split+1","Slimebound:CorrosiveSpit+1","AT_FamilyPortrait+1","Slimebound:SlimeBarrage+1","Slimebound:ViciousTackle+1","Slimebound:SplitAcid+1","Slimebound:SplitBruiser+1","Slimebound:SlimeTap+1","Slimebound:SlimeTap+1","Slimebound:ComboTackle+1","Slimebound:OneTwoCombo+1","Slimebound:ForwardTackle+1","hexamod:SixthSeal","Slimebound:PressTheAttack+1","Slimebound:LeadByExample+1","Slimebound:LevelUp+1","Slimebound:LeadByExample+1","Slimebound:SlimeSpikes+1","J.A.X.+1","Slimebound:FirmFortitude+1","Slimebound:SplitAcid+1","Slimebound:OneTwoCombo+1","Slimebound:SplitAcid+1","Slimebound:SamplingLick+1","Slimebound:MassRepurpose+1","Slimebound:MegaLick+1"],"relics":["AT_ATBox","REME_ComplimentaryCards","ice","Runic Dome","LetterFromLob","AT_SilvercatRing","Anchor","downfall:HeartBlessingRed","Slimebound:TarBlob","downfall:HeartBlessingGreen","downfall:HeartBlessingBlue","infinitespire:Lucky Rock","AT_GuinsooRageblade","conspire:DeflatedDodgeball","Bottled Flame","Replay:Baseball","MutagenicStrength","ReplayTheSpireMod:CursedCoin","REME_HandOfSuture","Cursed Key","White Beast Statue","Blue Candle","Replay:Mystery Machine","infinitespire:Eraser","AT_BladeRuinedKing","ReplayTheSpireMod:Lightbulb","BranchBurnRelic"],"acts_visited":["Exordium","TheCity","TheBeyond","TheEnding"],"potions_floor_usage":[15,15,29,29,37,37,46],"damage_taken":[{"damage":4,"enemies":"Cultist","floor":2,"turns":3},{"damage":3,"enemies":"Jaw Worm","floor":3,"turns":2},{"damage":3,"enemies":"2 Louse","floor":4,"turns":2},{"damage":16,"enemies":"Large Slime","floor":9,"turns":4},{"damage":24,"enemies":"Replay:BlueRogue","floor":10,"turns":4},{"damage":12,"enemies":"downfall:FleeingMerchant","floor":11,"turns":4},{"damage":0,"enemies":"2 Fungi Beasts","floor":12,"turns":2},{"damage":0,"enemies":"Blue Slaver","floor":15,"turns":1},{"damage":19,"enemies":"WA_ARCHETYPE_RETAIN","floor":16,"turns":4},{"damage":3,"enemies":"conspire:FuzzyDice","floor":19,"turns":3},{"damage":0,"enemies":"3 Byrds","floor":20,"turns":3},{"damage":8,"enemies":"Book of Stabbing","floor":26,"turns":2},{"damage":6,"enemies":"Cultist and Chosen","floor":27,"turns":2},{"damage":12,"enemies":"downfall:FleeingMerchant","floor":28,"turns":4},{"damage":4,"enemies":"downfall:Augmenter","floor":29,"turns":4},{"damage":0,"enemies":"Shelled Parasite and Fungi","floor":31,"turns":1},{"damage":3,"enemies":"Snecko","floor":32,"turns":1},{"damage":9,"enemies":"DF_ARCHETYPE_CLAW","floor":33,"turns":3},{"damage":0,"enemies":"Orb Walker","floor":36,"turns":2},{"damage":0,"enemies":"downfall:LadyInBlue","floor":37,"turns":2},{"damage":27,"enemies":"3 Darklings","floor":38,"turns":2},{"damage":8,"enemies":"Jaw Worm Horde","floor":39,"turns":3},{"damage":16,"enemies":"Writhing Mass","floor":44,"turns":3},{"damage":5,"enemies":"Spire Growth","floor":45,"turns":2},{"damage":22,"enemies":"Maw","floor":46,"turns":3},{"damage":13,"enemies":"R_Hoarder","floor":47,"turns":3},{"damage":7,"enemies":"Writhing Mass","floor":49,"turns":2},{"damage":26,"enemies":"IC_BLOCK_ARCHETYPE","floor":50,"turns":3},{"damage":11,"enemies":"downfall:CharBossMerchant","floor":53,"turns":4},{"damage":39,"enemies":"downfall:NeowBoss","floor":56,"turns":6},{"damage":21,"enemies":"downfall:NeowBossFinal","floor":57,"turns":3}],"seed_played":"-1613509469848655048","potions_obtained":[{"floor":2,"key":"Fire Potion"},{"floor":6,"key":"FearPotion"},{"floor":9,"key":"champ:CounterPotion"},{"floor":10,"key":"Swift Potion"},{"floor":15,"key":"AttackPotion"},{"floor":27,"key":"SteroidPotion"},{"floor":29,"key":"DuplicationPotion"},{"floor":36,"key":"SkillPotion"},{"floor":37,"key":"Swift Potion"},{"floor":37,"key":"SmokeBomb"},{"floor":37,"key":"LifebloodPotion"},{"floor":37,"key":"DistilledChaos"},{"floor":53,"key":"PowerPotion"}],"is_trial":false,"path_per_floor":["R","M","M","M","?","?","T","R","M","E","$","M","R","?","M","B",null,"R","M","M","?","?","?","T","AVR","E","M","$","?","$","M","M","B",null,"R","M","?","M","M","?","T","?","R","M","M","M","E","AVR","M","B",null,null,"E","$","R","B","B",null],"character_chosen":"SLIMEBOUND","items_purchased":["Slimebound:LevelUp","Replay:Baseball","ReplayTheSpireMod:CursedCoin","REME_HandOfSuture","ReplayTheSpireMod:Lightbulb"],"campfire_rested":0,"item_purchase_floors":[28,28,30,30,54],"current_hp_per_floor":[65,61,58,55,55,29,29,29,13,52,40,40,40,40,40,21,76,86,83,83,83,83,83,83,83,75,69,57,53,53,53,50,41,106,106,106,106,79,71,66,66,66,66,50,45,23,10,10,3,97,97,129,118,118,118,94,73],"gold":152,"neow_bonus":"BOSS_RELIC","is_daily":false,"chose_seed":false,"campfire_upgraded":6,"win_rate":0.0,"timestamp":1612604217,"path_taken":["R","M","M","M","?","?","T","R","M","E","$","M","R","?","M","BOSS","R","M","M","?","?","?","T","AVR","E","M","?","?","?","M","M","BOSS","R","M","?","?","M","?","T","?","R","M","?","M","E","AVR","M","BOSS","E","$","R","BOSS","BOSS"],"items_purchased_type":["Card","Relic","Relic","Relic","Relic"],"build_version":"2020-12-22","purchased_purges":6,"victory":true,"max_hp_per_floor":[65,65,65,65,65,65,65,65,65,67,72,73,73,73,73,76,76,86,87,92,92,92,92,92,92,94,96,101,104,104,104,104,106,106,106,107,108,111,112,112,112,112,112,116,117,118,120,120,123,129,129,129,131,131,131,137,140],"relic_stats":{"counters":[31,84],"Blue Candle":[3],"Cursed Key":1,"obtain_stats":[{"AT_ATBox":0,"downfall:HeartBlessingGreen":18,"ice":0,"Replay:Mystery Machine":41,"Cursed Key":34,"BranchBurnRelic":55,"downfall:HeartBlessingBlue":18,"infinitespire:Eraser":48,"AT_GuinsooRageblade":24,"downfall:HeartBlessingRed":13,"ReplayTheSpireMod:CursedCoin":30,"Blue Candle":40,"Dead Branch":47,"AT_BladeRuinedKing":53,"infinitespire:Lucky Rock":22,"AT_SilvercatRing":6,"White Beast Statue":37,"Slimebound:TarBlob":17,"Runic Dome":0,"Anchor":10,"Bottled Flame":26,"Replay:Baseball":28,"MutagenicStrength":29,"REME_HandOfSuture":30,"Slimebound:AbsorbEndCombat":0,"LetterFromLob":2,"conspire:DeflatedDodgeball":25,"ReplayTheSpireMod:Lightbulb":54,"REME_ComplimentaryCards":0},{"AT_ATBox":0,"downfall:HeartBlessingGreen":9,"ice":0,"Replay:Mystery Machine":22,"Cursed Key":18,"BranchBurnRelic":29,"downfall:HeartBlessingBlue":9,"infinitespire:Eraser":26,"AT_GuinsooRageblade":11,"downfall:HeartBlessingRed":7,"ReplayTheSpireMod:CursedCoin":15,"Blue Candle":22,"Dead Branch":26,"AT_BladeRuinedKing":29,"infinitespire:Lucky Rock":11,"AT_SilvercatRing":3,"White Beast Statue":20,"Slimebound:TarBlob":9,"Runic Dome":0,"Anchor":5,"Bottled Flame":12,"Replay:Baseball":14,"MutagenicStrength":15,"REME_HandOfSuture":15,"Slimebound:AbsorbEndCombat":0,"LetterFromLob":1,"conspire:DeflatedDodgeball":11,"ReplayTheSpireMod:Lightbulb":29,"REME_ComplimentaryCards":0},{"AT_ATBox":0,"downfall:HeartBlessingGreen":25,"ice":0,"Replay:Mystery Machine":55,"Cursed Key":46,"BranchBurnRelic":75,"downfall:HeartBlessingBlue":25,"infinitespire:Eraser":66,"AT_GuinsooRageblade":29,"downfall:HeartBlessingRed":20,"ReplayTheSpireMod:CursedCoin":41,"Blue Candle":55,"Dead Branch":66,"AT_BladeRuinedKing":75,"infinitespire:Lucky Rock":29,"AT_SilvercatRing":7,"White Beast Statue":50,"Slimebound:TarBlob":25,"Runic Dome":0,"Anchor":14,"Bottled Flame":31,"Replay:Baseball":37,"MutagenicStrength":41,"REME_HandOfSuture":41,"Slimebound:AbsorbEndCombat":0,"LetterFromLob":3,"conspire:DeflatedDodgeball":29,"ReplayTheSpireMod:Lightbulb":75,"REME_ComplimentaryCards":0}]},"card_choices":[{"not_picked":["Slimebound:Schlurp","Slimebound:Replication","Slimebound:FinishingTackle"],"picked":"SKIP","floor":2},{"not_picked":["Slimebound:HauntingLick","Slimebound:LivingWall"],"picked":"Slimebound:SlimeBarrage","floor":3},{"not_picked":["Slimebound:ItLooksTasty","Slimebound:LivingWall","Slimebound:Nibble"],"picked":"SKIP","floor":4},{"not_picked":["Slimebound:SamplingLick","Slimebound:AcidTongue"],"picked":"Slimebound:SplitAcid","floor":6},{"not_picked":["Slimebound:LivingWall","Slimebound:RollThrough","Slimebound:TongueLash"],"picked":"SKIP","floor":9},{"not_picked":["Slimebound:FinishingTackle","Slimebound:SplitLeeching"],"picked":"Slimebound:SplitBruiser","floor":10},{"not_picked":["Slimebound:SplitLeeching","Slimebound:FormOfPuddle"],"picked":"Slimebound:SlimeTap","floor":11},{"not_picked":["Slimebound:Dissolve","Slimebound:ItLooksTasty"],"picked":"Slimebound:SlimeTap","floor":12},{"not_picked":["Slimebound:SpikyOuterGoop","Slimebound:AcidTongue"],"picked":"Slimebound:ComboTackle","floor":15},{"not_picked":["Slimebound:RallyTheTroops","Slimebound:SlimeSlap"],"picked":"Slimebound:OneTwoCombo","floor":16},{"not_picked":["Slimebound:FormOfPuddle","Slimebound:Gluttony+1","Slimebound:SlimeTap"],"picked":"SKIP","floor":19},{"not_picked":["Slimebound:GoopTackle","Slimebound:SplitLeeching"],"picked":"Slimebound:ForwardTackle","floor":20},{"not_picked":["Slimebound:Equalize","Slimebound:LivingWall+1","Slimebound:Prepare+1"],"picked":"SKIP","floor":26},{"not_picked":["Slimebound:AcidTongue+1","Slimebound:LeechingTouch"],"picked":"Slimebound:PressTheAttack+1","floor":27},{"not_picked":["Slimebound:SplitLeeching","Slimebound:GrowthPunch+1"],"picked":"Slimebound:LeadByExample","floor":28},{"not_picked":[],"picked":"J.A.X.","floor":29},{"not_picked":["Slimebound:HauntingLick","Slimebound:GoopSpray"],"picked":"Slimebound:FirmFortitude","floor":29},{"not_picked":["Slimebound:Prepare","Slimebound:SplitBruiser"],"picked":"Slimebound:SplitAcid","floor":31},{"not_picked":["Slimebound:SplitLeeching","Slimebound:Nibble+1","Slimebound:LeechingTouch"],"picked":"SKIP","floor":32},{"not_picked":["Slimebound:MassFeed","Slimebound:OozeBath"],"picked":"Slimebound:OneTwoCombo","floor":33},{"not_picked":["Slimebound:HauntingLick+1","Slimebound:Grow","Slimebound:Gluttony"],"picked":"SKIP","floor":36},{"not_picked":["Slimebound:LeechingTouch+1","Slimebound:GoopTackle"],"picked":"Slimebound:SplitAcid+1","floor":37},{"not_picked":["Slimebound:GoopSpray+1","Slimebound:Schlurp","Slimebound:FinishingTackle+1"],"picked":"SKIP","floor":38},{"not_picked":["Slimebound:SlimeBrawl","Slimebound:FinishingTackle","Slimebound:ItLooksTasty"],"picked":"SKIP","floor":39},{"not_picked":["Slimebound:Schlurp+1","Slimebound:PressTheAttack"],"picked":"Slimebound:SamplingLick","floor":44},{"not_picked":["Slimebound:SpikyOuterGoop","Slimebound:Equalize","Slimebound:SplitBruiser"],"picked":"SKIP","floor":45},{"not_picked":["Slimebound:LivingWall","Slimebound:SplitLeeching+1"],"picked":"Slimebound:MassRepurpose","floor":46},{"not_picked":["Slimebound:ViciousTackle","Slimebound:Equalize+1","Slimebound:Nibble+1"],"picked":"SKIP","floor":47},{"not_picked":["Slimebound:ComboTackle","Slimebound:ItLooksTasty"],"picked":"Slimebound:MegaLick","floor":49},{"not_picked":["Slimebound:MegaLick","Slimebound:LeadByExample","Slimebound:LeechEnergy+1"],"picked":"SKIP","floor":53}],"player_experience":122958,"relics_obtained":[{"floor":2,"key":"LetterFromLob"},{"floor":6,"key":"AT_SilvercatRing"},{"floor":10,"key":"Anchor"},{"floor":24,"key":"AT_GuinsooRageblade"},{"floor":26,"key":"Bottled Flame"},{"floor":29,"key":"MutagenicStrength"},{"floor":37,"key":"White Beast Statue"},{"floor":41,"key":"Replay:Mystery Machine"},{"floor":47,"key":"Dead Branch"},{"floor":53,"key":"AT_BladeRuinedKing"}],"event_choices":[{"cards_removed":["AT_FamilyPortrait"],"damage_healed":0,"gold_gain":0,"player_choice":"Take \u0026 Give","damage_taken":0,"max_hp_gain":0,"max_hp_loss":0,"event_name":"betterNote:BetterNote","floor":21,"gold_loss":0,"cards_obtained":["hexamod:SixthSeal"]},{"cards_removed":["infinitespire:Pacifist"],"damage_healed":0,"gold_gain":0,"player_choice":"Card Removal","damage_taken":0,"max_hp_gain":0,"max_hp_loss":0,"event_name":"Wheel of Change","floor":42,"gold_loss":0}],"is_beta":false,"boss_relics":[{"not_picked":["Tiny House","ReplayTheSpireMod:DimensionalGlitch"],"picked":"Slimebound:TarBlob"},{"not_picked":["energizedSpire:SpiderWeb","Velvet Choker"],"picked":"Cursed Key"}],"items_purged_floors":[11,25,28,30,48,54],"is_endless":false,"potions_floor_spawned":[2,9,10,15,20,27,29,36,37,38,39,44,45,46,47,49,53],"ascension_level":0}}