{"host":"lmshf3swj20gmdor","time":1612606817,"event":{"mods":["2.2 Compatiblity","BaseMod","Conspire","Downfall","Googly Eyes","Hubris","Minty Spire (QoL Compilation)","Replay The Spire","Spikes Relics","StSLib","Synergy Search","The Servant 0.9.4"],"gold_per_floor":[115,115,126,145,163,196,213,213,237,247,247,61,76,105,105,201,201,189,189,189,41,41,41,41,41,41,53,72,72,34,66,66,66,66],"floor_reached":33,"language":"ENG","playtime":1303,"items_purged":[],"score":300,"play_id":"fa0cd676-7e54-4718-b37c-2d465bf35ed8","local_time":"20210206102017","is_ascension_mode":false,"campfire_choices":[{"floor":8,"key":"REST"},{"floor":11,"key":"REST"},{"floor":15,"key":"REST"},{"data":"Sunlight","floor":23,"key":"SMITH"},{"floor":29,"key":"DIG"},{"floor":32,"key":"DIG"}],"circlet_count":0,"master_deck":["Strike_S","Strike_S","Strike_S","Defend_S","Defend_S","Defend_S","Defend_S","KidneyShot+1","Exchange","Rearm","Luminosity","Dilation","Collapse","BottledTime","Sunlight+1","Luminosity"],"relics":["Uniform","ReplayTheSpireMod:Shallot","MealTicket","Membership Card","Replay:Wax Seal","Coffee Dripper","Pan","Bag of Marbles","MutagenicStrength","Replay:Multitool","PreservedInsect","The Courier","Strawberry"],"acts_visited":["Exordium","TheCity"],"potions_floor_usage":[6,14,33,33,33],"damage_taken":[{"damage":5,"enemies":"Small Slimes","floor":1,"turns":4},{"damage":1,"enemies":"Cultist","floor":3,"turns":4},{"damage":11,"enemies":"2 Louse","floor":4,"turns":3},{"damage":4,"enemies":"Blue Slaver","floor":5,"turns":4},{"damage":43,"enemies":"3 Sentries","floor":6,"turns":15},{"damage":0,"enemies":"Large Slime","floor":7,"turns":8},{"damage":8,"enemies":"2 Fungi Beasts","floor":10,"turns":4},{"damage":0,"enemies":"Looter","floor":13,"turns":4},{"damage":37,"enemies":"Gremlin Nob","floor":14,"turns":6},{"damage":19,"enemies":"The Guardian","floor":16,"turns":24},{"damage":14,"enemies":"2 Thieves","floor":18,"turns":4},{"damage":0,"enemies":"Shell Parasite","floor":27,"turns":4},{"damage":6,"enemies":"Snecko","floor":28,"turns":3},{"damage":0,"enemies":"Slavers","floor":31,"turns":1},{"damage":81,"enemies":"Pondfish","floor":33,"turns":13}],"seed_played":"-5622076232359100681","potions_obtained":[{"floor":5,"key":"EntropicBrew"},{"floor":10,"key":"Adrenaline Potion"},{"floor":16,"key":"Block Potion"}],"is_trial":false,"path_per_floor":["M","?","M","M","M","E","M","R","T","M","R","$","M","E","R","B",null,"M","?","?","$","?","R","$","?","T","M","M","R","$","E","R","B"],"character_chosen":"THE_SERVANT","items_purchased":["Membership Card","Collapse","Pan","Bag of Marbles","Luminosity"],"campfire_rested":3,"item_purchase_floors":[12,12,21,21,30],"current_hp_per_floor":[60,60,59,48,44,1,1,20,20,12,31,46,46,9,28,9,65,51,51,40,55,55,55,70,70,70,70,64,64,70,70,77,0,0],"gold":66,"neow_bonus":"UPGRADE_CARD","is_daily":false,"chose_seed":false,"campfire_upgraded":1,"win_rate":0.0,"timestamp":1612606817,"path_taken":["M","?","M","M","M","E","M","R","T","?","R","$","M","E","R","BOSS","M","?","?","?","?","R","$","?","T","M","M","R","$","E","R","BOSS"],"items_purchased_type":["Relic","Card","Relic","Relic","Card"],"build_version":"2020-12-22","purchased_purges":0,"victory":false,"max_hp_per_floor":[65,65,65,65,65,65,65,65,65,65,65,65,65,65,65,65,65,65,65,70,70,70,70,70,70,70,70,70,70,70,70,77,77,77],"card_choices":[{"not_picked":["Revamp","Ricochet"],"picked":"Rearm","floor":1},{"not_picked":["TimeWarp","Comet","Alleviate"],"picked":"SKIP","floor":3},{"not_picked":["Rewind","DoubleEdge","ShatteredReality"],"picked":"SKIP","floor":4},{"not_picked":["Hightail","MoonPhase"],"picked":"Luminosity","floor":5},{"not_picked":["RealityMarble","Rearm"],"picked":"Dilation","floor":6},{"not_picked":["Rewind","Replace","FastForward"],"picked":"SKIP","floor":7},{"not_picked":["Ricochet","Starlight","Rearm"],"picked":"SKIP","floor":10},{"not_picked":["Unruled","Starlight"],"picked":"BottledTime","floor":13},{"not_picked":["Duplication","Shuttle","Revamp"],"picked":"SKIP","floor":14},{"not_picked":["KillingDoll","Duplication"],"picked":"Sunlight","floor":16},{"not_picked":["Replace","Revamp","Defy"],"picked":"SKIP","floor":18},{"not_picked":["Defy","SpecialFormula","Comet"],"picked":"SKIP","floor":27},{"not_picked":["Advance","Rearm","ShatteredReality"],"picked":"SKIP","floor":28},{"not_picked":["Alleviate+1","FastForward","Rewind"],"picked":"SKIP","floor":31}],"player_experience":789201,"relics_obtained":[{"floor":6,"key":"ReplayTheSpireMod:Shallot"},{"floor":9,"key":"MealTicket"},{"floor":14,"key":"Replay:Wax Seal"},{"floor":26,"key":"Replay:Multitool"},{"floor":29,"key":"PreservedInsect"},{"floor":31,"key":"The Courier"},{"floor":32,"key":"Strawberry"}],"event_choices":[{"cards_removed":["Strike_S"],"damage_healed":0,"gold_gain":0,"player_choice":"Purged","damage_taken":0,"max_hp_gain":0,"max_hp_loss":0,"event_name":"Purifier","floor":2,"gold_loss":0},{"damage_healed":0,"gold_gain":0,"player_choice":"Shed Blood","damage_taken":16,"max_hp_gain":5,"max_hp_loss":0,"event_name":"Forgotten Altar","floor":20,"gold_loss":0},{"damage_healed":0,"gold_gain":0,"player_choice":"Inject Mutagens","damage_taken":0,"relics_obtained":["MutagenicStrength"],"max_hp_gain":0,"max_hp_loss":0,"event_name":"Drug Dealer","floor":25,"gold_loss":0}],"is_beta":false,"boss_relics":[{"not_picked":["SlaversCollar","Kintsugi"],"picked":"Coffee Dripper"}],"items_purged_floors":[],"is_endless":false,"potions_floor_spawned":[5,10,13,16,28,31],"killed_by":"Pondfish","ascension_level":0}}