{"host":"svad1nuufomhazap","time":1612585975,"event":{"mods":["Act Like it!","Aspiration","BaseMod","Bestiary","BetterRewards","Conspire","Custom Start","Downfall","GifTheSpireLib","Minty Spire (QoL Compilation)","Morshu Shopkeeper","Pale of the Ancients","Permanent Neow","Shop Mod","StSLib","Unceasing Turn Reminder"],"gold_per_floor":[99,114,132,132,132,176,223,190,90,141,141,185,285,294,326,452,452,452,483,492,492,492,492,492],"floor_reached":22,"language":"ENG","playtime":1656,"items_purged":[],"score":235,"play_id":"bf4ebd85-646f-4219-8774-54525e110d12","local_time":"20210205223255","is_ascension_mode":true,"campfire_choices":[{"data":"hexamod:Float","floor":1,"key":"SMITH"},{"floor":9,"key":"REST"},{"data":"hexamod:SoulSteal","floor":11,"key":"SMITH"},{"floor":18,"key":"RECALL"}],"circlet_count":0,"master_deck":["hexamod:Strike+1","hexamod:Strike+1","hexamod:Strike","hexamod:Strike+1","hexamod:Defend","hexamod:Defend+1","hexamod:Defend+1","hexamod:Defend+1","hexamod:Sear","hexamod:Float+1","hexamod:ThirdSeal","hexamod:FlamesFromBeyond","hexamod:NecessarySacrifice","hexamod:GhostShield","hexamod:StepThrough","hexamod:FifthSeal","hexamod:FourthSeal","hexamod:Hexaguard","hexamod:SixthSeal","hexamod:SoulSteal+1","hexamod:ExtraCrispy","hexamod:GhostflameInferno","hexamod:ThermalTransfer","hexamod:HauntingEcho","hexamod:SecondSeal","hexamod:UnleashSpirits","hexamod:ApocalypticArmor","hexamod:ThermalTransfer","sneckomod:Strike"],"relics":["hexamod:SpiritBrand","Omamori","CeramicFish","downfall:HeartBlessingBlue","aspiration:SeaSaltIceCream","SlaversCollar","Darkstone Periapt","aspiration:WatcherSkillbook"],"acts_visited":["Exordium","TheCity"],"potions_floor_usage":[6,21],"damage_taken":[{"damage":0,"enemies":"Cultist","floor":2,"turns":3},{"damage":1,"enemies":"Jaw Worm","floor":3,"turns":4},{"damage":28,"enemies":"3 Sentries","floor":6,"turns":11},{"damage":0,"enemies":"downfall:FleeingMerchant","floor":8,"turns":4},{"damage":27,"enemies":"Lagavulin","floor":10,"turns":9},{"damage":18,"enemies":"Gremlin Nob","floor":12,"turns":5},{"damage":0,"enemies":"2 Louse","floor":15,"turns":3},{"damage":36,"enemies":"DF_ARCHETYPE_STREAMLINE","floor":16,"turns":11},{"damage":49,"enemies":"3 Byrds","floor":19,"turns":6},{"damage":31,"enemies":"Shelled Parasite and Fungi","floor":21,"turns":4},{"damage":16,"enemies":"3 Cultists","floor":22,"turns":4}],"seed_played":"-9039681082321164032","potions_obtained":[{"floor":2,"key":"GamblersBrew"},{"floor":10,"key":"Guardian:BlockOnCardUsePotion"},{"floor":12,"key":"SmokeBomb"},{"floor":12,"key":"FairyPotion"},{"floor":16,"key":"CultistPotion"}],"is_trial":false,"path_per_floor":["R","M","M","?","?","E","T","$","R","E","R","E","?","?","M","B",null,"R","M","?","M","M"],"character_chosen":"THE_SPIRIT","items_purchased":["hexamod:Hexaguard"],"campfire_rested":1,"item_purchase_floors":[8],"current_hp_per_floor":[77,77,76,76,64,36,36,36,72,45,45,27,27,27,27,26,87,87,38,38,7,0,0,0],"gold":492,"neow_bonus":"TEN_PERCENT_HP_BONUS","is_daily":false,"chose_seed":false,"campfire_upgraded":2,"win_rate":0.0,"timestamp":1612585975,"path_taken":["R","M","M","?","?","E","T","?","R","E","R","E","?","?","M","BOSS","R","M","?","M","?"],"items_purchased_type":["Card"],"build_version":"2020-12-22","purchased_purges":0,"victory":false,"max_hp_per_floor":[77,77,77,77,77,77,77,77,87,87,87,87,87,87,87,87,87,87,87,87,87,87,87,87],"card_choices":[{"not_picked":["hexamod:Incineration","hexamod:Rewind"],"picked":"hexamod:ThirdSeal","floor":2},{"not_picked":["hexamod:InspiringFlames","hexamod:BacktrackSmack"],"picked":"hexamod:FlamesFromBeyond","floor":3},{"not_picked":["hexamod:Again","hexamod:GhostLash"],"picked":"hexamod:NecessarySacrifice","floor":3},{"not_picked":["hexamod:BacktrackSmack","hexamod:GhostLash"],"picked":"hexamod:GhostShield","floor":6},{"not_picked":["hexamod:Haunt","hexamod:PhantomFireball"],"picked":"hexamod:StepThrough","floor":6},{"not_picked":["hexamod:HeatMetal","hexamod:GhostShield"],"picked":"hexamod:FifthSeal","floor":8},{"not_picked":["hexamod:NightmareGuise","hexamod:SuperheatedStrike"],"picked":"hexamod:FourthSeal","floor":8},{"not_picked":["hexamod:FirstSeal","hexamod:FourthSeal"],"picked":"hexamod:SixthSeal","floor":10},{"not_picked":["hexamod:ForkedFlame","hexamod:Rewind"],"picked":"hexamod:SoulSteal","floor":10},{"not_picked":["hexamod:SpectersWail","hexamod:HeatMetal"],"picked":"hexamod:ExtraCrispy","floor":12},{"not_picked":["hexamod:RadiantFlame","hexamod:DynamicBlow"],"picked":"hexamod:ThermalTransfer","floor":15},{"not_picked":["hexamod:SpectralSpark","hexamod:NightmareGuise"],"picked":"hexamod:HauntingEcho","floor":15},{"not_picked":["hexamod:ThirdSeal","hexamod:SixthSeal"],"picked":"hexamod:SecondSeal","floor":16},{"not_picked":["hexamod:SixthSeal","hexamod:UnlimitedPower"],"picked":"hexamod:UnleashSpirits","floor":16},{"not_picked":["hexamod:UnlimitedPower","hexamod:GhostflameInferno"],"picked":"hexamod:ApocalypticArmor","floor":16},{"not_picked":["hexamod:FastForward","hexamod:AdvancingGuard+1","hexamod:RetreatToShadows"],"picked":"hexamod:ThermalTransfer","floor":19}],"player_experience":327937,"relics_obtained":[{"floor":6,"key":"CeramicFish"},{"floor":10,"key":"aspiration:SeaSaltIceCream"},{"floor":12,"key":"Darkstone Periapt"}],"event_choices":[{"damage_healed":0,"gold_gain":0,"player_choice":"Success","damage_taken":12,"relics_obtained":["Omamori"],"max_hp_gain":0,"max_hp_loss":0,"event_name":"Scrap Ooze","floor":5,"gold_loss":0},{"cards_removed":["downfall:Malfunctioning"],"damage_healed":0,"gold_gain":0,"player_choice":"Took Card","damage_taken":0,"max_hp_gain":0,"max_hp_loss":0,"event_name":"NoteForYourself","floor":20,"gold_loss":0,"cards_obtained":["sneckomod:Strike"]}],"is_beta":false,"boss_relics":[{"not_picked":["expansioncontent:StudyCardRelic","SacredBark"],"picked":"aspiration:WatcherSkillbook"}],"items_purged_floors":[],"is_endless":false,"potions_floor_spawned":[2,12,15,21],"killed_by":"3 Cultists","ascension_level":1}}