{"host":"cbp3irltva0q8guy","time":1612574237,"event":{"mods":["Abigail Mod","AchievementEnabler","Act Like it!","Aspiration","BaseMod","Better Altar","Better Match","Better Note","Better Sensory Stone","Better Skull","Better Third Choice","BetterRewards","Colored Map","Downfall","Energized Spire","Friendly Minions","GifTheSpireLib","Halation","Hallownest","Hermit","Hubris","Infinite Spire","Ironclad Rager","Marisa????????","Minty Spire (QoL Compilation)","Railgun Mod","Random Character Button","Rare Cards Sparkle","Replay The Spire","RumiaBox-????????","Shade Mod","Spikes Relics","StSLib","The Bug Knight","The Disciple","The Hierophant","The Jungle","The Necromancer","The Servant 0.9.4"],"gold_per_floor":[118,129,144,144,144,144,144,144,190,200,210,210,226,150,150,249,249,266,280,293,80,98,98,98,115,115,115,115,115],"floor_reached":28,"language":"ENG","playtime":2795,"items_purged":[],"score":212,"play_id":"b690d565-4165-419a-a89e-22f47177ac93","local_time":"20210206011717","is_ascension_mode":false,"campfire_choices":[{"data":"HollowMod:CloakDash","floor":6,"key":"SMITH"},{"data":"HollowMod:DescendingDark","floor":12,"key":"SMITH"},{"data":"HollowMod:NewJinnsSoul","floor":15,"key":"SMITH"},{"floor":24,"key":"REST"}],"circlet_count":0,"master_deck":["HollowMod:CloakDash+1","HollowMod:BlackTendrils","HollowMod:InfectedAttack+1","Hallownest:curseDreamersLament","HollowMod:PureNailStrike","HollowMod:HowlingWraiths","HollowMod:DescendingDark+1","HollowMod:BlackTendrils","HollowMod:CornifersMapStart","HollowMod:NewJinnsSoul+1","HollowMod:ZotesMagnificence","HollowMod:ShadowDash","HollowMod:MawleksShell+1","HollowMod:CrystalDash","HollowMod:Grubsong","HollowMod:HornetsHelp","HollowMod:SharpenedShadows+1","HollowMod:BrokenVessel","Pain","HollowMod:LifebloodCore+1","HollowMod:Weaversong","HollowMod:Hiveblood","HollowMod:ElderbugsWisdom","HollowMod:Weaversong","HollowMod:ZotesMagnificence","HollowMod:PureVessel","HollowMod:SlysStrikes","HollowMod:ElderbugsWisdom","HollowMod:AwokenDreamNail"],"relics":["HollowMod:VesselMask","Mango","Hallownest:TeacherSealRelic","aspiration:Lifesprig","Cursed Key","SumBook"],"acts_visited":["Hallownest:Greenpath","Hallownest:Greenpath"],"potions_floor_usage":[16,16,16],"damage_taken":[{"damage":8,"enemies":"Hallownest:2_Tiktiks_and_1_Crawlid","floor":1,"turns":6},{"damage":0,"enemies":"Hallownest:2_Baldur","floor":2,"turns":4},{"damage":5,"enemies":"2_ Uuma","floor":3,"turns":5},{"damage":0,"enemies":"Hallownest:monsterAspidMother","floor":8,"turns":3},{"damage":8,"enemies":"Hallownest:Wandering_and_Horned","floor":10,"turns":4},{"damage":22,"enemies":"Hallownest:Guard_and_Warrior","floor":11,"turns":6},{"damage":1,"enemies":"Hallownest:1_Baldur_1_Crawlid_1_Warrior","floor":13,"turns":3},{"damage":53,"enemies":"Hallownest:BossBrokenVessel","floor":16,"turns":11},{"damage":10,"enemies":"theJungle:MUSHROOMGANG","floor":18,"turns":3},{"damage":13,"enemies":"theJungle:Flameango_and_Byrd","floor":19,"turns":4},{"damage":11,"enemies":"theJungle:SlimyTreeVines","floor":20,"turns":3},{"damage":17,"enemies":"theJungle:Snecko_Cultist_And_Trap","floor":22,"turns":6},{"damage":50,"enemies":"theJungle:2_Snecko_Cultists","floor":25,"turns":4},{"damage":30,"enemies":"theJungle:2_Flameangoes","floor":28,"turns":3}],"seed_played":"152886480451214663","potions_obtained":[{"floor":10,"key":"Energy Potion"},{"floor":11,"key":"PowerPotion"},{"floor":13,"key":"FearPotion"},{"floor":16,"key":"Ancient Potion"},{"floor":19,"key":"FearPotion"}],"is_trial":false,"path_per_floor":["M","M","M","?","?","R","?","M","T","M","M","R","M","$","R","B",null,"M","M","M","$","M","?","R","M","T","$","M"],"character_chosen":"THE_BUGKNIGHT","items_purchased":["HollowMod:CornifersMapStart","HollowMod:NewJinnsSoul","HollowMod:Grubsong","HollowMod:HornetsHelp"],"campfire_rested":1,"item_purchase_floors":[14,14,21,21],"current_hp_per_floor":[70,80,77,77,77,77,86,88,88,81,61,61,62,62,62,15,89,79,68,59,59,44,44,70,22,22,22,0,0],"gold":115,"neow_bonus":"ONE_RARE_RELIC","is_daily":false,"chose_seed":false,"campfire_upgraded":3,"win_rate":0.0,"timestamp":1612574237,"path_taken":["M","M","M","?","?","R","?","?","T","M","M","R","?","$","R","BOSS","M","?","M","$","M","?","R","M","T","$","M"],"items_purchased_type":["Card","Card","Card","Card"],"build_version":"2020-12-22","purchased_purges":0,"victory":false,"max_hp_per_floor":[89,89,89,89,89,89,89,89,89,89,89,89,89,89,89,89,89,89,89,89,89,89,89,89,89,89,89,89,89],"card_choices":[{"not_picked":["HollowMod:ChannelNail","HollowMod:ShadowDash"],"picked":"HollowMod:CloakDash","floor":1},{"not_picked":["HollowMod:TaintedHusks","HollowMod:DashSlash"],"picked":"HollowMod:BlackTendrils","floor":2},{"not_picked":["HollowMod:ChannelNail","HollowMod:HeavyBlow"],"picked":"HollowMod:InfectedAttack","floor":3},{"not_picked":["HollowMod:CornifersMapStart","HollowMod:PerfectDash"],"picked":"HollowMod:PureNailStrike","floor":8},{"not_picked":["HollowMod:MidwifesHunger","HollowMod:WraithStrike"],"picked":"HollowMod:HowlingWraiths","floor":10},{"not_picked":["HollowMod:InfectedCysts","HollowMod:CycloneSlash"],"picked":"HollowMod:DescendingDark","floor":11},{"not_picked":["HollowMod:ChannelNail","HollowMod:HeavyBlow"],"picked":"HollowMod:BlackTendrils","floor":13},{"not_picked":["HollowMod:LordofShades","HollowMod:SlysStrikes"],"picked":"HollowMod:ZotesMagnificence","floor":16},{"not_picked":["HollowMod:CornifersMapStart","HollowMod:SharpenedShadows"],"picked":"HollowMod:ShadowDash","floor":18},{"not_picked":["HollowMod:BlackTendrils","HollowMod:CloakDash"],"picked":"HollowMod:MawleksShell+1","floor":19},{"not_picked":["HollowMod:CoiledNail","HollowMod:WraithStrike+1"],"picked":"HollowMod:CrystalDash","floor":20},{"not_picked":["HollowMod:HowlingWraiths+1","HollowMod:BaldurShell+1"],"picked":"HollowMod:SharpenedShadows+1","floor":22},{"not_picked":["HollowMod:DescendingDark","HollowMod:HeavyBlow"],"picked":"HollowMod:BrokenVessel","floor":25}],"player_experience":411852,"relics_obtained":[{"floor":9,"key":"aspiration:Lifesprig"},{"floor":26,"key":"SumBook"}],"event_choices":[],"is_beta":false,"boss_relics":[{"not_picked":["aspiration:FutureDiary","aspiration:SilentSkillbook"],"picked":"Cursed Key"}],"items_purged_floors":[],"is_endless":false,"potions_floor_spawned":[10,11,13,16,19],"killed_by":"theJungle:2_Flameangoes","ascension_level":0}}