{"host":"fdip6nj211smoxvi","time":1612618677,"event":{"mods":["BaseMod","BetterRewards","Colored Map","Downfall","Hermit","Minty Spire (QoL Compilation)","Shop Mod","StSLib","The Hierophant","The Servant 0.9.4"],"gold_per_floor":[110,129,146,146,164,199,209,209,209],"floor_reached":8,"language":"DEU","playtime":572,"items_purged":[],"score":78,"play_id":"e706aacd-ceda-4c98-94e1-998d1938a5b7","local_time":"20210206143757","is_ascension_mode":true,"campfire_choices":[],"circlet_count":0,"master_deck":["Strike_R","Strike_R","Strike_R","Strike_R","Strike_R","Defend_R","Defend_R","Defend_R","Defend_R","Bash","Pommel Strike","Sword Boomerang","Flex","True Grit","Spot Weakness","Seeing Red"],"relics":["Burning Blood","Oddly Smooth Stone"],"acts_visited":["Exordium"],"potions_floor_usage":[7,8,8],"damage_taken":[{"damage":10,"enemies":"Cultist","floor":1,"turns":5},{"damage":7,"enemies":"Small Slimes","floor":2,"turns":4},{"damage":6,"enemies":"Jaw Worm","floor":3,"turns":4},{"damage":0,"enemies":"Red Slaver","floor":5,"turns":4},{"damage":65,"enemies":"3 Sentries","floor":6,"turns":10},{"damage":18,"enemies":"Lots of Slimes","floor":7,"turns":3},{"damage":38,"enemies":"Gremlin Nob","floor":8,"turns":4}],"seed_played":"1392560846928770850","potions_obtained":[{"floor":2,"key":"Weak Potion"},{"floor":5,"key":"FearPotion"},{"floor":6,"key":"LiquidBronze"},{"floor":7,"key":"BloodPotion"}],"is_trial":false,"path_per_floor":["M","M","M","?","M","E","M","E"],"character_chosen":"IRONCLAD","items_purchased":[],"campfire_rested":0,"item_purchase_floors":[],"current_hp_per_floor":[76,75,75,75,81,22,10,0,0],"gold":209,"neow_bonus":"TEN_PERCENT_HP_BONUS","is_daily":false,"chose_seed":false,"campfire_upgraded":0,"win_rate":0.0,"timestamp":1612618677,"path_taken":["M","M","?","?","M","E","M","E"],"items_purchased_type":[],"build_version":"2020-12-22","purchased_purges":0,"victory":false,"max_hp_per_floor":[88,88,88,88,88,88,88,88,88],"card_choices":[{"not_picked":["True Grit","Armaments"],"picked":"Pommel Strike","floor":1},{"not_picked":["Headbutt","Infernal Blade"],"picked":"Sword Boomerang","floor":2},{"not_picked":["Havoc","Perfected Strike"],"picked":"Flex","floor":3},{"not_picked":["Anger","Sword Boomerang"],"picked":"True Grit","floor":5},{"not_picked":["True Grit","Dark Embrace"],"picked":"Spot Weakness","floor":6},{"not_picked":["Thunderclap","Fire Breathing"],"picked":"Seeing Red","floor":7}],"player_experience":247247,"relics_obtained":[{"floor":6,"key":"Oddly Smooth Stone"}],"event_choices":[{"damage_healed":0,"gold_gain":0,"player_choice":"Leave","damage_taken":0,"max_hp_gain":0,"max_hp_loss":0,"event_name":"The Cleric","floor":4,"gold_loss":0}],"is_beta":false,"boss_relics":[],"items_purged_floors":[],"is_endless":false,"potions_floor_spawned":[2,5,6,7],"killed_by":"Gremlin Nob","ascension_level":6}}