{"host":"ufl0k2so27eic2iy","time":1612648716,"event":{"mods":["BaseMod","Downfall","Minty Spire (QoL Compilation)","StSLib","The Animator"],"gold_per_floor":[99,116,132,42,60,95,141,175,75,95,95,113,13,41,61,163,163,163,175,189,199,4,4,58,70,55,69,85,85,100,117,134,235,235,135,147,162,22,42,42,42,56,41,41,72,90,90,92,108,108,108,108,108,108],"floor_reached":52,"language":"ENG","playtime":3441,"items_purged":["Guardian:Strike_Guardian","Guardian:Strike_Guardian","Guardian:Defend_Guardian","Injury"],"score":1168,"play_id":"6dbae0c4-a93f-4fee-86f9-f00bd3aa20bb","local_time":"20210206215836","is_ascension_mode":true,"campfire_choices":[{"floor":1,"key":"RECALL"},{"data":"Guardian:PrimingBeam","floor":9,"key":"SMITH"},{"floor":13,"key":"REST"},{"data":"Guardian:ChargeUp","floor":18,"key":"SMITH"},{"floor":29,"key":"REST"},{"data":"Guardian:PiercingHide","floor":35,"key":"SMITH"},{"floor":44,"key":"REST"},{"data":"Guardian:RollAttack","floor":47,"key":"SMITH"}],"circlet_count":0,"master_deck":["AscendersBane","Guardian:Defend_Guardian","Guardian:Defend_Guardian","Guardian:Defend_Guardian","Guardian:CurlUp","Guardian:TwinSlam+1","Guardian:PrimingBeam+1","Guardian:FloatingOrbs","Guardian:RollAttack+1","Guardian:SpikerProtocol","Guardian:ChargeUp+1","Guardian:RevengeProtocol","Guardian:ChargeCore","Guardian:Preprogram","Guardian:AncientConstruct","Guardian:PiercingHide+1","Guardian:Orbwalk+1","Guardian:PrismaticBarrier+1","Guardian:FuturePlans+1","Guardian:BronzeArmor+1","Guardian:TemporalShield","Guardian:ArmoredProtocol","Guardian:TimeSifter","Guardian:Reroute+1","Guardian:DecasProtection","Parasite","Guardian:MultiBeam","Guardian:SpikerProtocol","Guardian:DonusPower+1"],"relics":["Guardian:ModeShifter","Guardian:DefensiveModeMoreBlock","Whetstone","Tiny Chest","downfall:HeartBlessingRed","downfall:HeartBlessingGreen","Slimebound:PreparedRelic","sneckomod:SneckoTalon","Cursed Key","downfall:HeartBlessingBlue","Calipers","Orichalcum","bronze:BronzeIdol"],"acts_visited":["Exordium","TheCity","TheBeyond","TheEnding"],"potions_floor_usage":[12,42,48],"damage_taken":[{"damage":2,"enemies":"Small Slimes","floor":2,"turns":4},{"damage":1,"enemies":"Cultist","floor":3,"turns":3},{"damage":10,"enemies":"downfall:FleeingMerchant","floor":4,"turns":4},{"damage":0,"enemies":"2 Louse","floor":5,"turns":3},{"damage":16,"enemies":"Lagavulin","floor":6,"turns":9},{"damage":22,"enemies":"3 Sentries","floor":8,"turns":10},{"damage":4,"enemies":"2 Fungi Beasts","floor":10,"turns":2},{"damage":0,"enemies":"Lots of Slimes","floor":12,"turns":1},{"damage":3,"enemies":"Lagavulin","floor":14,"turns":6},{"damage":5,"enemies":"3 Louse","floor":15,"turns":3},{"damage":0,"enemies":"SI_SHIV_ARCHETYPE","floor":16,"turns":5},{"damage":0,"enemies":"Spheric Guardian","floor":19,"turns":3},{"damage":4,"enemies":"Shell Parasite","floor":20,"turns":5},{"damage":14,"enemies":"Snake Plant","floor":21,"turns":3},{"damage":0,"enemies":"downfall:FleeingMerchant","floor":22,"turns":4},{"damage":4,"enemies":"3 Cultists","floor":25,"turns":5},{"damage":6,"enemies":"downfall:FleeingMerchant","floor":26,"turns":4},{"damage":8,"enemies":"Cultist and Chosen","floor":27,"turns":6},{"damage":14,"enemies":"Snake Plant","floor":28,"turns":5},{"damage":0,"enemies":"Centurion and Healer","floor":30,"turns":8},{"damage":0,"enemies":"3 Cultists","floor":31,"turns":5},{"damage":0,"enemies":"Snecko","floor":32,"turns":7},{"damage":0,"enemies":"DF_ARCHETYPE_CLAW","floor":33,"turns":9},{"damage":0,"enemies":"3 Shapes","floor":36,"turns":7},{"damage":0,"enemies":"Orb Walker","floor":37,"turns":5},{"damage":0,"enemies":"downfall:FleeingMerchant","floor":38,"turns":4},{"damage":9,"enemies":"Sphere and 2 Shapes","floor":39,"turns":5},{"damage":27,"enemies":"4 Shapes","floor":42,"turns":8},{"damage":0,"enemies":"downfall:FleeingMerchant","floor":43,"turns":4},{"damage":10,"enemies":"Reptomancer","floor":45,"turns":8},{"damage":0,"enemies":"Writhing Mass","floor":46,"turns":7},{"damage":0,"enemies":"downfall:FleeingMerchant","floor":48,"turns":3},{"damage":10,"enemies":"Jaw Worm Horde","floor":49,"turns":5},{"damage":8,"enemies":"IC_BLOCK_ARCHETYPE","floor":50,"turns":10},{"damage":97,"enemies":"downfall:CharBossMerchant","floor":52,"turns":9}],"seed_played":"4762833315668807686","potions_obtained":[{"floor":3,"key":"DuplicationPotion"},{"floor":5,"key":"sneckomod:MuddlingPotion"},{"floor":10,"key":"LiquidBronze"},{"floor":21,"key":"Energy Potion"},{"floor":28,"key":"PowerPotion"},{"floor":39,"key":"Swift Potion"},{"floor":49,"key":"PowerPotion"}],"is_trial":false,"path_per_floor":["R","M","M","$","M","E","T","E","R","M","?","M","R","E","M","B",null,"R","M","M","M","$","?","T","M","$","M","M","R","M","M","M","B",null,"R","M","M","$","M","T","T","M","?","R","E","M","R","$","M","B",null,"E"],"character_chosen":"GUARDIAN","items_purchased":["Guardian:Gem_Crimson","bronze:BronzeIdol","Guardian:SpikerProtocol"],"campfire_rested":3,"item_purchase_floors":[22,48,48],"current_hp_per_floor":[72,70,69,59,59,43,43,21,21,17,17,17,41,38,33,33,68,68,68,64,50,50,50,50,46,40,32,18,42,42,42,42,42,71,81,81,81,81,72,72,72,45,45,72,62,62,62,62,52,44,79,0,0,0],"gold":108,"neow_bonus":"UPGRADE_CARD","is_daily":false,"chose_seed":false,"campfire_upgraded":4,"win_rate":0.0,"timestamp":1612648716,"path_taken":["R","M","M","$","M","E","T","E","R","M","?","M","R","E","M","BOSS","R","M","M","M","$","?","T","?","$","M","M","R","M","M","M","BOSS","R","M","M","$","M","?","T","M","?","R","E","M","R","$","M","BOSS","E"],"items_purchased_type":["Card","Relic","Card"],"build_version":"2020-12-22","purchased_purges":4,"victory":false,"max_hp_per_floor":[80,80,80,80,80,80,80,80,80,80,80,80,80,80,80,80,80,80,80,80,80,80,80,80,80,80,80,80,80,80,80,80,80,80,90,90,90,90,90,90,90,90,90,90,90,90,90,90,90,90,90,90,90,90],"card_choices":[{"not_picked":["Guardian:TemporalShield","Guardian:CrystalBeam"],"picked":"Guardian:PrimingBeam","floor":2},{"not_picked":["Guardian:TemporalShield","Guardian:Gem_Red"],"picked":"Guardian:Gem_Yellow","floor":3},{"not_picked":["Guardian:WalkerClaw","Guardian:DonusPower"],"picked":"Guardian:FloatingOrbs","floor":4},{"not_picked":["Guardian:TemporalStrike","Guardian:TemporalShield"],"picked":"Guardian:RollAttack","floor":5},{"not_picked":["Guardian:GuardianWhirl","Guardian:VentSteam"],"picked":"Guardian:Gem_Cyan","floor":6},{"not_picked":["Guardian:ShieldSpikes","Guardian:RollAttack"],"picked":"Guardian:SpikerProtocol","floor":8},{"not_picked":["Guardian:DecasProtection","Guardian:PolyBeam"],"picked":"Guardian:ChargeUp","floor":10},{"not_picked":["Guardian:VentSteam","Guardian:ShieldCharger"],"picked":"Guardian:RevengeProtocol","floor":12},{"not_picked":["Guardian:WalkerClaw","Guardian:Gem_Cyan"],"picked":"Guardian:ChargeCore","floor":14},{"not_picked":["Guardian:HyperBeam_Guardian","Guardian:ChargeCore"],"picked":"Guardian:Preprogram","floor":15},{"not_picked":["Guardian:GatlingBeam","Guardian:FastForward"],"picked":"Guardian:AncientConstruct","floor":16},{"not_picked":["Guardian:Gem_Lightblue","Guardian:Planning"],"picked":"Guardian:PiercingHide","floor":19},{"not_picked":["Guardian:Incinerate","Guardian:PiercingHide"],"picked":"Guardian:Orbwalk+1","floor":20},{"not_picked":["Guardian:ChargeCore","Guardian:DecasProtection"],"picked":"Guardian:PrismaticBarrier+1","floor":21},{"not_picked":["Guardian:Suspension","Guardian:WalkerClaw"],"picked":"Guardian:FuturePlans+1","floor":22},{"not_picked":["Guardian:Gem_Crimson","Guardian:TimeCapacitor"],"picked":"Guardian:BronzeArmor+1","floor":25},{"not_picked":["Guardian:BaubleBeam","Guardian:Planning+1"],"picked":"Guardian:TemporalShield","floor":26},{"not_picked":["Guardian:Suspension","Guardian:Incinerate"],"picked":"Guardian:Gem_Cyan","floor":27},{"not_picked":["Guardian:Reroute+1","Guardian:Planning"],"picked":"Guardian:ArmoredProtocol","floor":28},{"not_picked":["Guardian:WalkerClaw+1","Guardian:CrystalBeam"],"picked":"Guardian:Gem_Lightblue","floor":30},{"not_picked":["Guardian:Suspension","Guardian:EvasiveProtocol","Guardian:WalkerClaw"],"picked":"SKIP","floor":31},{"not_picked":["Guardian:DonusPower","Guardian:Preprogram+1","Guardian:SentryBeam+1"],"picked":"SKIP","floor":32},{"not_picked":["Guardian:StasisField","Guardian:StasisStrike"],"picked":"Guardian:TimeSifter","floor":33},{"not_picked":["Guardian:TemporalShield","Guardian:RollAttack+1","Guardian:ChargeCore"],"picked":"SKIP","floor":36},{"not_picked":["Guardian:Incinerate+1","Guardian:TemporalShield+1"],"picked":"Guardian:Gem_Red","floor":37},{"not_picked":["Guardian:ArmoredProtocol","Guardian:ChargeCore+1"],"picked":"Guardian:Gem_Green","floor":38},{"not_picked":["Guardian:Incinerate","Guardian:ShieldCharger"],"picked":"Guardian:Reroute+1","floor":39},{"not_picked":["Guardian:PrismaticBarrier+1","Guardian:GuardianWhirl"],"picked":"Guardian:DecasProtection","floor":42},{"not_picked":["Guardian:Suspension","Guardian:VentSteam","Guardian:Planning"],"picked":"SKIP","floor":43},{"not_picked":["Guardian:CrystalBeam","Guardian:Incinerate+1"],"picked":"Guardian:Gem_Lightblue","floor":45},{"not_picked":["Guardian:PolyBeam+1","Guardian:FuturePlans+1"],"picked":"Guardian:Gem_Fragmented","floor":46},{"not_picked":["Guardian:Gem_Lightblue","Guardian:TemporalStrike"],"picked":"Guardian:MultiBeam","floor":48},{"not_picked":["Guardian:PiercingHide+1","Guardian:FierceBash"],"picked":"Guardian:DonusPower+1","floor":49}],"player_experience":2802144,"relics_obtained":[{"floor":6,"key":"Guardian:DefensiveModeMoreBlock"},{"floor":7,"key":"Whetstone"},{"floor":8,"key":"Tiny Chest"},{"floor":14,"key":"Slimebound:PreparedRelic"},{"floor":41,"key":"Calipers"},{"floor":45,"key":"Orichalcum"}],"event_choices":[],"is_beta":false,"boss_relics":[{"not_picked":["SacredBark","Philosopher\u0027s Stone"],"picked":"sneckomod:SneckoTalon"},{"not_picked":["Guardian:StasisSlotReductionRelic","Calling Bell"],"picked":"Cursed Key"}],"items_purged_floors":[4,22,38,48],"is_endless":false,"potions_floor_spawned":[3,5,10,21,27,28,30,31,37,39,49],"killed_by":"downfall:CharBossMerchant","ascension_level":10}}