{"host":"mb22iysgi53dyee9","time":1612593596,"event":{"mods":["AchievementEnabler","BaseMod","Colored Map","DeckTracker","Minty Spire (QoL Compilation)","Permanent Neow","SuperFastMode"],"gold_per_floor":[115,115,140,160,110,121,152,152,180,180,180,180,180,180,200,200,302,302,320,320,348,358,358,358,371,371,398,417,427,444,470,470,470,566,616,636,636,647,659,659,659,659,659,727,737,55,87,87,39,39,39,39],"floor_reached":51,"language":"KOR","playtime":3134,"items_purged":["Strike_G"],"score":633,"play_id":"f23b18e8-ccc5-4381-894f-6115141db1d5","local_time":"20210206153956","is_ascension_mode":true,"campfire_choices":[{"floor":8,"key":"REST"},{"floor":11,"key":"REST"},{"data":"Neutralize","floor":14,"key":"SMITH"},{"data":"Outmaneuver","floor":16,"key":"SMITH"},{"data":"Wraith Form v2","floor":24,"key":"SMITH"},{"data":"Deflect","floor":26,"key":"SMITH"},{"data":"Deflect","floor":33,"key":"SMITH"},{"data":"Slice","floor":41,"key":"SMITH"},{"data":"Defend_G","floor":43,"key":"SMITH"},{"data":"Defend_G","floor":50,"key":"SMITH"}],"circlet_count":0,"master_deck":["Strike_G","Strike_G","Strike_G","Defend_G+1","Defend_G","Defend_G","Defend_G+1","Survivor+1","Neutralize+1","Choke+1","Slice+1","Sucker Punch+1","Outmaneuver+1","Dash+1","Deflect+1","Backstab+1","Wraith Form v2+1","Backstab+1","Slice+1","Deflect+1","Blade Dance+1","Finisher+1","Die Die Die+1","Blade Dance+1","Blade Dance+1"],"relics":["Ring of the Snake","Molten Egg 2","Centennial Puzzle","Kunai","Toy Ornithopter","Oddly Smooth Stone","Ornamental Fan","Gambling Chip","WristBlade","Red Mask","Dream Catcher","FossilizedHelix","Tiny House","Bottled Lightning","CaptainsWheel","Pen Nib","HandDrill","StoneCalendar"],"acts_visited":["Exordium","TheCity","TheBeyond"],"potions_floor_usage":[17,17,25,30,34,34,48,51,51],"damage_taken":[{"damage":2.0,"enemies":"Cultist","floor":1.0,"turns":4.0},{"damage":1.0,"enemies":"2 Louse","floor":4.0,"turns":2.0},{"damage":0,"enemies":"Jaw Worm","floor":6,"turns":5},{"damage":43,"enemies":"3 Sentries","floor":7,"turns":11},{"damage":0,"enemies":"Lagavulin","floor":9,"turns":8},{"damage":0,"enemies":"Blue Slaver","floor":15,"turns":4},{"damage":14,"enemies":"Slime Boss","floor":17,"turns":13},{"damage":3,"enemies":"Spheric Guardian","floor":19,"turns":5},{"damage":6,"enemies":"Masked Bandits","floor":21,"turns":4},{"damage":0,"enemies":"3 Byrds","floor":22,"turns":6},{"damage":6,"enemies":"Cultist and Chosen","floor":25,"turns":8},{"damage":0,"enemies":"Snecko","floor":28,"turns":4},{"damage":0,"enemies":"Centurion and Healer","floor":29,"turns":6},{"damage":3,"enemies":"Snake Plant","floor":30,"turns":3},{"damage":1,"enemies":"Book of Stabbing","floor":31,"turns":4},{"damage":25,"enemies":"Automaton","floor":34,"turns":15},{"damage":0,"enemies":"Orb Walker","floor":36,"turns":3},{"damage":0,"enemies":"3 Shapes","floor":38,"turns":2},{"damage":0,"enemies":"Transient","floor":39,"turns":5},{"damage":8,"enemies":"4 Shapes","floor":45,"turns":3},{"damage":0,"enemies":"Giant Head","floor":47,"turns":7},{"damage":0,"enemies":"3 Darklings","floor":48,"turns":2},{"damage":104,"enemies":"Time Eater","floor":51,"turns":13}],"seed_played":"1178481466571731792","potions_obtained":[{"floor":4,"key":"GamblersBrew"},{"floor":6,"key":"EssenceOfSteel"},{"floor":15,"key":"LiquidBronze"},{"floor":19,"key":"PowerPotion"},{"floor":21,"key":"Ancient Potion"},{"floor":28,"key":"EssenceOfSteel"},{"floor":29,"key":"Fruit Juice"},{"floor":35,"key":"SmokeBomb"},{"floor":45,"key":"CunningPotion"}],"is_trial":false,"path_per_floor":["M","T","?","M","?","M","E","R","E","T","R","?","T","R","M","R","B",null,"M","?","?","M","?","R","M","R","T","M","M","M","E","?","R","B",null,"M","?","M","M","?","R","?","R","T","M","$","E","M","$","R","B"],"character_chosen":"THE_SILENT","items_purchased":["CaptainsWheel","Pen Nib","HandDrill","SkillPotion"],"campfire_rested":2,"item_purchase_floors":[46,46,46,49],"current_hp_per_floor":[68,68,68,67,67,67,24,45,45,45,66,59,59,59,59,59,55,70,67,54,48,48,73,73,69,69,69,69,69,76,75,75,75,55,85,85,85,85,85,85,85,85,85,85,77,77,77,82,82,82,0,0],"gold":39,"neow_bonus":"TRANSFORM_CARD","is_daily":false,"chose_seed":false,"campfire_upgraded":8,"win_rate":0.0,"timestamp":1612593596,"path_taken":["M","?","?","M","?","M","E","R","E","T","R","?","?","R","?","R","BOSS","M","?","?","M","?","R","M","R","T","M","M","?","E","?","R","BOSS","M","?","?","M","?","R","?","R","T","M","$","E","M","$","R","BOSS"],"items_purchased_type":["Relic","Relic","Relic","Potion"],"build_version":"2020-12-22","purchased_purges":1,"victory":false,"max_hp_per_floor":[70,70,70,70,70,70,70,70,70,70,70,70,70,70,70,70,70,70,70,75,75,75,75,75,75,75,75,75,75,80,80,80,80,80,85,85,85,85,85,85,85,85,85,85,85,85,85,85,85,85,85,85],"card_choices":[{"not_picked":["Underhanded Strike","Prepared"],"picked":"Slice","floor":1.0},{"not_picked":["Acrobatics","Prepared"],"picked":"Sucker Punch+1","floor":4},{"not_picked":["Tactician","Acrobatics"],"picked":"Outmaneuver","floor":6},{"not_picked":["Night Terror","Dagger Throw+1"],"picked":"Dash+1","floor":7},{"not_picked":["Quick Slash+1","Deadly Poison"],"picked":"Deflect","floor":9},{"not_picked":["Predator+1","Blur"],"picked":"Backstab+1","floor":15},{"not_picked":["Venomology","Corpse Explosion"],"picked":"Wraith Form v2","floor":17},{"not_picked":["Outmaneuver","Underhanded Strike+1"],"picked":"Backstab+1","floor":19},{"not_picked":["Deadly Poison","Poisoned Stab+1","Acrobatics"],"picked":"SKIP","floor":22},{"not_picked":["Poisoned Stab+1","Sucker Punch+1","Escape Plan"],"picked":"SKIP","floor":25},{"not_picked":["Dagger Throw+1","Quick Slash+1"],"picked":"Slice+1","floor":28},{"not_picked":["Crippling Poison","Deadly Poison+1"],"picked":"Deflect","floor":29},{"not_picked":["Sucker Punch+1","Crippling Poison"],"picked":"Blade Dance+1","floor":30},{"not_picked":["Dodge and Roll+1","Die Die Die+1"],"picked":"Finisher+1","floor":31},{"not_picked":["Doppelganger","Corpse Explosion"],"picked":"Die Die Die+1","floor":34},{"not_picked":["Backflip+1","Noxious Fumes+1","Endless Agony+1"],"picked":"SKIP","floor":36},{"not_picked":["Dagger Spray+1","Calculated Gamble+1","Choke+1"],"picked":"SKIP","floor":38},{"not_picked":["Choke+1","Outmaneuver+1"],"picked":"Blade Dance+1","floor":39},{"not_picked":["Deflect+1","Outmaneuver","Distraction"],"picked":"SKIP","floor":45},{"not_picked":["Deadly Poison+1","Quick Slash+1","Eviscerate+1"],"picked":"SKIP","floor":47}],"player_experience":38052,"relics_obtained":[{"floor":2.0,"key":"Molten Egg 2"},{"floor":3.0,"key":"Centennial Puzzle"},{"floor":7,"key":"Kunai"},{"floor":9,"key":"Toy Ornithopter"},{"floor":10,"key":"Oddly Smooth Stone"},{"floor":13,"key":"Gambling Chip"},{"floor":21,"key":"Red Mask"},{"floor":27,"key":"Dream Catcher"},{"floor":31,"key":"FossilizedHelix"},{"floor":44,"key":"Bottled Lightning"},{"floor":47,"key":"StoneCalendar"}],"event_choices":[{"cards_removed":["Defend_G"],"damage_healed":0,"gold_gain":0,"player_choice":"Card Removal","damage_taken":0,"max_hp_gain":0,"max_hp_loss":0,"event_name":"The Cleric","floor":5,"gold_loss":50},{"damage_healed":0,"gold_gain":0,"player_choice":"Success","damage_taken":7,"relics_obtained":["Ornamental Fan"],"max_hp_gain":0,"max_hp_loss":0,"event_name":"Scrap Ooze","floor":12,"gold_loss":0},{"damage_healed":0,"gold_gain":0,"player_choice":"Shed Blood","damage_taken":18,"max_hp_gain":5,"max_hp_loss":0,"event_name":"Forgotten Altar","floor":20,"gold_loss":0},{"damage_healed":0,"gold_gain":0,"player_choice":"Fought Bandits","damage_taken":0,"max_hp_gain":0,"max_hp_loss":0,"event_name":"Masked Bandits","floor":21,"gold_loss":0},{"damage_healed":25,"gold_gain":0,"player_choice":"Heal","damage_taken":0,"max_hp_gain":0,"max_hp_loss":0,"event_name":"The Library","floor":23,"gold_loss":0},{"damage_healed":0,"gold_gain":0,"player_choice":"Ignored","damage_taken":0,"max_hp_gain":0,"max_hp_loss":0,"event_name":"The Mausoleum","floor":32,"gold_loss":0},{"damage_healed":0,"gold_gain":0,"player_choice":"Copied","damage_taken":0,"max_hp_gain":0,"max_hp_loss":0,"event_name":"Duplicator","floor":37,"gold_loss":0,"cards_obtained":["Blade Dance"]},{"damage_healed":0,"gold_gain":0,"player_choice":"Memory 1","damage_taken":0,"max_hp_gain":0,"max_hp_loss":0,"event_name":"SensoryStone","floor":40,"gold_loss":0},{"damage_healed":0,"gold_gain":0,"player_choice":"Forge","damage_taken":0,"max_hp_gain":0,"max_hp_loss":0,"event_name":"Accursed Blacksmith","floor":42,"gold_loss":0,"cards_upgraded":["Choke"]}],"is_beta":false,"boss_relics":[{"not_picked":["Busted Crown","Cursed Key"],"picked":"WristBlade"},{"not_picked":["Sozu","Fusion Hammer"],"picked":"Tiny House"}],"items_purged_floors":[46],"is_endless":false,"potions_floor_spawned":[4,6,15,19,21,28,29,45,48],"killed_by":"Time Eater","ascension_level":1}}