{"host":"04hh9gplt9wkfmr1","time":1612640832,"event":{"mods":["AchievementEnabler","BaseMod","Colored Map","KOR Keyword Fix","Minty Spire (QoL Compilation)","Rare Cards Sparkle","SuperFastMode"],"gold_per_floor":[213,229,240,59,77,77,27,62,111,123,123,123,137,165,165,265,265,275,275,288,238,238,238,188,188,188,219,319,319,319],"floor_reached":29,"language":"KOR","playtime":998,"items_purged":["Strike_B","Strike_B","Writhe"],"score":377,"play_id":"eaebb4ec-b9a7-4975-b0f3-0d3db6a39c9f","local_time":"20210207044712","is_ascension_mode":true,"campfire_choices":[{"data":"Dualcast","floor":6.0,"key":"SMITH"},{"data":"Defragment","floor":12.0,"key":"SMITH"},{"data":"Zap","floor":15.0,"key":"SMITH"},{"data":"Zap","floor":23.0,"key":"SMITH"},{"data":"Echo Form","floor":25.0,"key":"SMITH"}],"circlet_count":0,"master_deck":["AscendersBane","Strike_B","Defend_B","Defend_B","Defend_B","Defend_B","Zap+1","Dualcast+1","Defragment+1","Leap","Heatsinks","Self Repair","Glacier","Seek","Hologram","Ball Lightning","Core Surge","BootSequence","Echo Form+1","Zap+1","Bandage Up","Cold Snap","Chill","Coolheaded+1"],"relics":["Cracked Core","Darkstone Periapt","Bronze Scales","Smiling Mask","Gambling Chip","Sozu","Question Card","The Courier","Juzu Bracelet","TungstenRod","Bottled Lightning"],"acts_visited":["Exordium","TheCity"],"potions_floor_usage":[],"damage_taken":[{"damage":0.0,"enemies":"Cultist","floor":1.0,"turns":3.0},{"damage":0.0,"enemies":"2 Louse","floor":2.0,"turns":2.0},{"damage":7.0,"enemies":"Small Slimes","floor":3.0,"turns":3.0},{"damage":6.0,"enemies":"Blue Slaver","floor":5.0,"turns":7.0},{"damage":27.0,"enemies":"Gremlin Nob","floor":8.0,"turns":7.0},{"damage":5.0,"enemies":"Red Slaver","floor":10.0,"turns":4.0},{"damage":5.0,"enemies":"Exordium Wildlife","floor":13.0,"turns":6.0},{"damage":10.0,"enemies":"Lagavulin","floor":14.0,"turns":12.0},{"damage":25.0,"enemies":"Slime Boss","floor":16.0,"turns":12.0},{"damage":3.0,"enemies":"3 Byrds","floor":18.0,"turns":2.0},{"damage":10.0,"enemies":"Spheric Guardian","floor":20.0,"turns":4.0},{"damage":46.0,"enemies":"Slavers","floor":27.0,"turns":7.0},{"damage":21.0,"enemies":"Colosseum Slavers","floor":28.0,"turns":5.0},{"damage":18.0,"enemies":"Colosseum Nobs","floor":28.0,"turns":4.0},{"damage":0,"enemies":"Gremlin Leader","floor":29,"turns":1}],"seed_played":"6413545302157035284","potions_obtained":[{"floor":2.0,"key":"Weak Potion"},{"floor":5.0,"key":"GamblersBrew"},{"floor":13.0,"key":"Ancient Potion"},{"floor":14.0,"key":"Block Potion"},{"floor":16.0,"key":"SpeedPotion"}],"is_trial":false,"path_per_floor":["M","M","M","$","M","R","?","E","T","M","?","R","M","E","R","B",null,"M","?","M","$","?","R","$","R","T","E","?","E"],"character_chosen":"DEFECT","items_purchased":["Self Repair","Glacier"],"campfire_rested":0,"item_purchase_floors":[4,4],"current_hp_per_floor":[68,68,61,61,62,62,62,42,42,44,44,44,46,43,43,25,63,60,60,61,61,67,67,67,67,67,39,22,22,22],"gold":319,"neow_bonus":"HUNDRED_GOLD","is_daily":false,"chose_seed":false,"campfire_upgraded":5,"win_rate":0.0,"timestamp":1612640832,"path_taken":["M","M","M","$","M","R","?","E","T","M","?","R","M","E","R","BOSS","M","?","?","$","?","R","$","R","T","E","?","E"],"items_purchased_type":["Card","Card"],"build_version":"2020-12-22","purchased_purges":3,"victory":false,"max_hp_per_floor":[75,75,75,75,75,75,75,75,75,75,75,75,75,75,75,75,75,75,75,75,75,81,81,81,81,81,81,81,81,81],"card_choices":[{"not_picked":["Beam Cell","Skim"],"picked":"Defragment","floor":1.0},{"not_picked":["Go for the Eyes","Steam"],"picked":"Leap","floor":2.0},{"not_picked":["Leap","Conserve Battery"],"picked":"Heatsinks","floor":3.0},{"not_picked":["Barrage","Steam"],"picked":"Force Field","floor":5.0},{"not_picked":["Darkness","Skim"],"picked":"Seek","floor":8.0},{"not_picked":["Beam Cell","Streamline"],"picked":"Hologram","floor":10.0},{"not_picked":["Barrage","Reinforced Body","Sunder"],"picked":"SKIP","floor":13.0},{"not_picked":["Gash","Hyperbeam"],"picked":"Ball Lightning","floor":14.0},{"not_picked":["Buffer","Fission"],"picked":"Core Surge","floor":16.0},{"not_picked":["Streamline","Coolheaded","Sunder"],"picked":"SKIP","floor":18.0},{"not_picked":["Rip and Tear","Self Repair"],"picked":"Cold Snap","floor":20.0},{"not_picked":["Stack","Ball Lightning","Multi-Cast"],"picked":"Chill","floor":27.0},{"not_picked":["Fusion","Redo+1","Darkness+1"],"picked":"Coolheaded+1","floor":28.0}],"player_experience":134719,"relics_obtained":[{"floor":8.0,"key":"Darkstone Periapt"},{"floor":9.0,"key":"Bronze Scales"},{"floor":14.0,"key":"Gambling Chip"},{"floor":26.0,"key":"The Courier"},{"floor":27.0,"key":"Juzu Bracelet"},{"floor":28.0,"key":"TungstenRod"},{"floor":28.0,"key":"Bottled Lightning"}],"event_choices":[{"cards_removed":["Strike_B"],"damage_healed":0.0,"max_hp_gain":0.0,"max_hp_loss":0.0,"gold_gain":0.0,"event_name":"The Cleric","player_choice":"Card Removal","floor":7.0,"gold_loss":50.0,"damage_taken":0.0},{"cards_removed":["Force Field"],"damage_healed":0.0,"max_hp_gain":0.0,"max_hp_loss":0.0,"gold_gain":0.0,"event_name":"WeMeetAgain","player_choice":"Gave Card","floor":11.0,"gold_loss":0.0,"damage_taken":0.0,"relics_obtained":["Smiling Mask"]},{"damage_healed":0.0,"max_hp_gain":0.0,"max_hp_loss":0.0,"gold_gain":0.0,"event_name":"Match and Keep!","player_choice":"4 cards matched","floor":19.0,"gold_loss":0.0,"damage_taken":0.0,"cards_obtained":["BootSequence","Echo Form","Zap","Bandage Up"]},{"damage_healed":0.0,"max_hp_gain":0.0,"max_hp_loss":0.0,"gold_gain":0.0,"event_name":"The Mausoleum","player_choice":"Opened","floor":22.0,"gold_loss":0.0,"damage_taken":0.0,"relics_obtained":["Question Card"],"cards_obtained":["Writhe"]},{"damage_healed":0.0,"max_hp_gain":0.0,"max_hp_loss":0.0,"gold_gain":0.0,"event_name":"Colosseum","player_choice":"Fight","floor":28.0,"gold_loss":0.0,"damage_taken":0.0},{"damage_healed":0.0,"max_hp_gain":0.0,"max_hp_loss":0.0,"gold_gain":0.0,"event_name":"Colosseum","player_choice":"Fought Nobs","floor":28.0,"gold_loss":0.0,"damage_taken":0.0}],"is_beta":false,"boss_relics":[{"not_picked":["Black Star","Runic Pyramid"],"picked":"Sozu"}],"items_purged_floors":[4,21,24],"is_endless":false,"potions_floor_spawned":[2,5,13,14,16,20,28,28],"killed_by":"Gremlin Leader","ascension_level":10}}