{"host":"2pluridizrp50jef","time":1612593705,"event":{"mods":["ATMod(∞¢Ë™Mod)","AchievementEnabler","Act Like it!","BaseMod","Bestiary","Better Altar","Better Match","Better Note","Better Sensory Stone","Better Skull","Better Third Choice","BetterRewards","Colored Powertips","Conspire","Curses Come First","Custom Start","Downfall","Energized Spire","Gensokyo","Hallownest","Hubris","Infinite Spire","Lobotomy","LobotomyExtend","Minty Spire (QoL Compilation)","Rare Cards Sparkle","Reimu£®≤©¿ˆ¡È√Œ£©","Relic Stats","Replay The Spire","StSLib","noobMod","°æ“≈ŒÔø®≈∆°øREMEMod"],"gold_per_floor":[99,114,114,114,26,45,45,68,0,27,368,368,368,406,429,541,541,341,341,366,392,392,392,442,477,521,546,566,451,463,481,501,605,605,505,516,516,516,516,530,555,664,690,690,710,727,727,757,775,775,775,775,807,349,349,349,349],"floor_reached":58,"language":"ZHS","playtime":4332,"items_purged":["Amnesia","hexamod:Strike","hexamod:Strike","hexamod:Defend","hexamod:Rewind","hexamod:Defend"],"score":1517,"play_id":"d3b06018-9e2e-4411-a033-6bb9801d721c","local_time":"20210205224145","is_ascension_mode":false,"campfire_choices":[{"data":"AT_Dispersion","floor":1,"key":"SMITH"},{"floor":13,"key":"RECALL"},{"data":"hexamod:SoulSteal","floor":18,"key":"SMITH"},{"data":"hexamod:ExtraCrispy","floor":35,"key":"SMITH"},{"data":"hubris:InfiniteBlow","floor":47,"key":"SMITH"},{"data":"hubris:InfiniteBlow+1","floor":55,"key":"SMITH"}],"circlet_count":0,"master_deck":["hexamod:Strike+1","hexamod:Defend","hexamod:Defend","hexamod:Sear+1","hexamod:Float+1","AT_Dispersion+1","hexamod:BurningTouch+1","hexamod:Firestarter","hexamod:SoulSteal+1","hexamod:BurningTouch","hexamod:SearingWound","hexamod:RadiantFlame","hexamod:PhantomFireball","hexamod:BurningTouch","hexamod:WildfireWeapon+1","hexamod:ExtraCrispy+1","hexamod:SoulSteal+1","hexamod:EtherealExpedition+1","hexamod:TurnItUp+1","hubris:InfiniteBlow+2","hubris:Rewind+1","hexamod:EmpoweredFlame","hexamod:Haunt","hexamod:HeatMetal+1","hexamod:Incineration+1"],"relics":["hexamod:UnbrokenSoul","AT_ATBox","REME_ComplimentaryCards","ice","LetterFromLob","Gremlin Horn","ReplayTheSpireMod:CursedCoin","Old Coin","InkBottle","RedLine:ReiMu","downfall:HeartBlessingRed","downfall:HeartBlessingGreen","Mummified Hand","conspire:TopHat","hubris:DeckOfHolding","AT_ForceNature","hexamod:TheBrokenSeal","downfall:HeartBlessingBlue","Durian","Potion Belt","ReplayFunnel","White Beast Statue","Pen Nib","Guide Book","infinitespire:PuzzleCube"],"acts_visited":["Exordium","TheCity","TheBeyond","TheEnding"],"potions_floor_usage":[42,42,42,56,56,56],"damage_taken":[{"damage":11,"enemies":"2 Louse","floor":2,"turns":3},{"damage":5,"enemies":"downfall:FleeingMerchant","floor":5,"turns":4},{"damage":13,"enemies":"Jaw Worm","floor":6,"turns":4},{"damage":0,"enemies":"Cultist","floor":8,"turns":3},{"damage":5,"enemies":"downfall:FleeingMerchant","floor":9,"turns":4},{"damage":14,"enemies":"Blue Slaver","floor":10,"turns":3},{"damage":48,"enemies":"Gremlin Nob","floor":11,"turns":5},{"damage":21,"enemies":"3 Sentries","floor":14,"turns":4},{"damage":20,"enemies":"Exordium Wildlife","floor":15,"turns":3},{"damage":8,"enemies":"DF_ARCHETYPE_STREAMLINE","floor":16,"turns":8},{"damage":2,"enemies":"Chosen","floor":20,"turns":4},{"damage":0,"enemies":"3 Cultists","floor":21,"turns":4},{"damage":12,"enemies":"Slavers","floor":25,"turns":5},{"damage":20,"enemies":"conspire:MimicChest","floor":26,"turns":5},{"damage":1,"enemies":"Replay:Snechameleon","floor":27,"turns":3},{"damage":10,"enemies":"Centurion and Healer","floor":28,"turns":3},{"damage":0,"enemies":"downfall:FleeingMerchant","floor":29,"turns":4},{"damage":5,"enemies":"Snake Plant","floor":30,"turns":2},{"damage":0,"enemies":"3 Cultists","floor":31,"turns":3},{"damage":0,"enemies":"Centurion and Healer","floor":32,"turns":3},{"damage":23,"enemies":"IC_MUSHROOM_ARCHETYPE","floor":33,"turns":5},{"damage":0,"enemies":"3 Darklings","floor":36,"turns":4},{"damage":15,"enemies":"Orb Walker","floor":40,"turns":2},{"damage":0,"enemies":"downfall:FleeingMerchant","floor":42,"turns":1},{"damage":0,"enemies":"Reptomancer","floor":43,"turns":3},{"damage":5,"enemies":"Jaw Worm Horde","floor":45,"turns":3},{"damage":0,"enemies":"Sphere and 2 Shapes","floor":46,"turns":3},{"damage":0,"enemies":"Nemesis","floor":48,"turns":3},{"damage":0,"enemies":"Maw","floor":49,"turns":4},{"damage":0,"enemies":"SI_POISON_ARCHETYPE","floor":50,"turns":5},{"damage":22,"enemies":"downfall:CharBossMerchant","floor":53,"turns":6},{"damage":8,"enemies":"downfall:NeowBoss","floor":56,"turns":7},{"damage":0,"enemies":"downfall:NeowBossFinal","floor":57,"turns":6}],"seed_played":"-319037684088202426","potions_obtained":[{"floor":10,"key":"Slimebound:ThreeZeroPotion"},{"floor":11,"key":"EssenceOfSteel"},{"floor":15,"key":"Adrenaline Potion"},{"floor":25,"key":"Adrenaline Potion"},{"floor":48,"key":"Adrenaline Potion"},{"floor":49,"key":"SpeedPotion"},{"floor":53,"key":"Fire Potion"}],"is_trial":false,"path_per_floor":["R","M","?","?","$","M","T","M","$","M","E","?","R","E","M","B",null,"R","M","M","M","?","AVR","T","E","?","E","M","$","M","M","M","B",null,"R","M","?","AVR","?","M","T","$","E","?","M","M","R","E","M","B",null,null,"E","$","R","B","B",null],"character_chosen":"THE_SPIRIT","items_purchased":["hexamod:SecondSeal","ReplayTheSpireMod:CursedCoin","hexamod:SearingWound","hexamod:EmpoweredFlame","hexamod:Haunt","Guide Book","infinitespire:PuzzleCube"],"campfire_rested":0,"item_purchase_floors":[5,9,9,42,42,54,54],"current_hp_per_floor":[77,66,66,66,61,48,48,48,43,29,54,54,54,33,13,86,89,89,89,87,87,87,87,87,82,69,75,125,125,120,120,120,97,143,153,153,153,158,137,122,122,122,122,122,117,117,117,117,117,117,117,177,155,155,155,147,147],"gold":349,"neow_bonus":"TEN_PERCENT_HP_BONUS","is_daily":false,"chose_seed":false,"campfire_upgraded":5,"win_rate":0.0,"timestamp":1612593705,"path_taken":["R","M","?","?","?","M","T","?","$","M","E","?","R","E","M","BOSS","R","M","M","M","?","AVR","T","E","?","E","M","?","?","M","M","BOSS","R","M","?","AVR","?","M","T","$","E","?","M","M","R","E","M","BOSS","E","$","R","BOSS","BOSS"],"items_purchased_type":["Card","Relic","Card","Card","Card","Relic","Relic"],"build_version":"2020-12-22","purchased_purges":6,"victory":true,"max_hp_per_floor":[77,77,77,77,77,77,77,77,77,77,78,78,78,82,84,89,89,89,89,92,97,97,97,97,104,109,113,125,130,134,135,137,143,143,153,159,159,164,164,165,165,165,168,168,170,173,173,174,175,177,177,177,182,182,182,186,193],"relic_stats":{"Gremlin Horn":[19,19],"counters":[33,129],"Mummified Hand":[138],"Pen Nib":[3],"obtain_stats":[{"ReplayFunnel":43,"AT_ATBox":0,"Gremlin Horn":7,"downfall:HeartBlessingGreen":18,"ice":0,"conspire:TopHat":25,"Old Coin":11,"RedLine:ReiMu":17,"Mummified Hand":23,"downfall:HeartBlessingBlue":35,"hubris:DeckOfHolding":26,"hexamod:SpiritBrand":0,"InkBottle":14,"AT_ForceNature":27,"Potion Belt":41,"downfall:HeartBlessingRed":18,"ReplayTheSpireMod:CursedCoin":9,"Guide Book":54,"hexamod:TheBrokenSeal":28,"Pen Nib":53,"White Beast Statue":48,"hexamod:UnbrokenSoul":34,"LetterFromLob":2,"Durian":38,"infinitespire:PuzzleCube":54,"REME_ComplimentaryCards":0},{"ReplayFunnel":25,"AT_ATBox":0,"Gremlin Horn":3,"downfall:HeartBlessingGreen":10,"ice":0,"conspire:TopHat":13,"Old Coin":7,"RedLine:ReiMu":10,"Mummified Hand":12,"downfall:HeartBlessingBlue":21,"hubris:DeckOfHolding":14,"hexamod:SpiritBrand":0,"InkBottle":8,"AT_ForceNature":15,"Potion Belt":23,"downfall:HeartBlessingRed":10,"ReplayTheSpireMod:CursedCoin":5,"Guide Book":31,"hexamod:TheBrokenSeal":16,"Pen Nib":31,"White Beast Statue":28,"hexamod:UnbrokenSoul":21,"LetterFromLob":1,"Durian":22,"infinitespire:PuzzleCube":31,"REME_ComplimentaryCards":0},{"ReplayFunnel":92,"AT_ATBox":0,"Gremlin Horn":11,"downfall:HeartBlessingGreen":41,"ice":0,"conspire:TopHat":54,"Old Coin":26,"RedLine:ReiMu":41,"Mummified Hand":49,"downfall:HeartBlessingBlue":82,"hubris:DeckOfHolding":59,"hexamod:SpiritBrand":0,"InkBottle":30,"AT_ForceNature":62,"Potion Belt":88,"downfall:HeartBlessingRed":41,"ReplayTheSpireMod:CursedCoin":18,"Guide Book":116,"hexamod:TheBrokenSeal":65,"Pen Nib":116,"White Beast Statue":101,"hexamod:UnbrokenSoul":82,"LetterFromLob":3,"Durian":86,"infinitespire:PuzzleCube":116,"REME_ComplimentaryCards":0}],"InkBottle":[69]},"card_choices":[{"not_picked":["hexamod:RadiantFlame","hexamod:RetreatToShadows"],"picked":"hexamod:BurningTouch","floor":2},{"not_picked":["hexamod:ThermalTransfer","hexamod:SpectersWail"],"picked":"hexamod:Firestarter","floor":5},{"not_picked":["hexamod:RetreatToShadows","hexamod:DynamicBlow"],"picked":"hexamod:Rewind","floor":6},{"not_picked":["hexamod:RetreatToShadows","hexamod:SoulSteal"],"picked":"hexamod:ThirdSeal","floor":8},{"not_picked":["hexamod:BacktrackSmack","hexamod:SkipABeat"],"picked":"hexamod:SoulSteal","floor":9},{"not_picked":["hexamod:GhostShield","hexamod:ThermalTransfer"],"picked":"hexamod:BurningTouch","floor":9},{"not_picked":["hexamod:InspiringFlames","hexamod:UnleashSpirits","hexamod:FastForward"],"picked":"SKIP","floor":10},{"not_picked":["hexamod:SecondSeal","hexamod:BacktrackSmack","hexamod:Haunt"],"picked":"SKIP","floor":10},{"not_picked":["hexamod:HauntingEcho","hexamod:SecondSeal"],"picked":"hexamod:RadiantFlame","floor":11},{"not_picked":["hexamod:ThirdSeal","hexamod:GhostflameBarrier","hexamod:GhostShield"],"picked":"SKIP","floor":11},{"not_picked":["hexamod:NightmareGuise","hexamod:Rewind"],"picked":"hexamod:PhantomFireball","floor":14},{"not_picked":["hexamod:HeatShield","hexamod:HauntingEcho","hexamod:AdvancingGuard"],"picked":"SKIP","floor":14},{"not_picked":["hexamod:SkipABeat","hexamod:PhantomCloak"],"picked":"hexamod:BurningTouch","floor":15},{"not_picked":["hexamod:ThermalTransfer","hexamod:SwordOfDarkness","hexamod:FastForward"],"picked":"SKIP","floor":15},{"not_picked":["hexamod:UnleashSpirits","hexamod:SearingWound"],"picked":"hexamod:FifthSeal","floor":16},{"not_picked":["hexamod:TimeOfNeed","hexamod:FifthSeal"],"picked":"hexamod:WildfireWeapon","floor":16},{"not_picked":["hexamod:FourthSeal","hexamod:SecondSeal"],"picked":"hexamod:SixthSeal","floor":20},{"not_picked":["hexamod:StepThrough","hexamod:NightmareGuise","hexamod:SoulSteal"],"picked":"SKIP","floor":20},{"not_picked":["hexamod:Hexaguard","hexamod:GhostLash","hexamod:GhostOfSpirePast"],"picked":"SKIP","floor":20},{"not_picked":["hexamod:HauntingEcho+1","hexamod:Hexaguard"],"picked":"hexamod:ExtraCrispy","floor":21},{"not_picked":["hexamod:SixthSeal","hexamod:FourthSeal"],"picked":"hexamod:FirstSeal","floor":21},{"not_picked":["hexamod:HeatShield","hexamod:ThermalTransfer","hexamod:HeatCrush"],"picked":"SKIP","floor":21},{"not_picked":["hexamod:NecessarySacrifice","hexamod:SwordOfDarkness"],"picked":"hexamod:SoulSteal+1","floor":25},{"not_picked":["hexamod:NightmareGuise","hexamod:StepThrough","hexamod:AdvancingGuard"],"picked":"SKIP","floor":25},{"not_picked":["hexamod:SecondSeal","hexamod:SixthSeal"],"picked":"hexamod:FourthSeal","floor":26},{"not_picked":["hexamod:FifthSeal","hexamod:BacktrackSmack","hexamod:GhostShield+1"],"picked":"SKIP","floor":27},{"not_picked":["hexamod:ExtraCrispy","hexamod:ThermalTransfer"],"picked":"hexamod:EtherealExpedition+1","floor":28},{"not_picked":["hexamod:HauntingEcho","hexamod:GhostShield","hexamod:SpectralAdrenaline"],"picked":"SKIP","floor":29},{"not_picked":["hexamod:SwordOfDarkness","hexamod:ExtraCrispy","hexamod:GhostflameBarrier+1"],"picked":"SKIP","floor":30},{"not_picked":["hexamod:Firestarter+1","hexamod:HeatMetal","hexamod:HauntingEcho+1"],"picked":"SKIP","floor":31},{"not_picked":["hexamod:FourthSeal","hexamod:RecurringNightmare","hexamod:FastForward"],"picked":"SKIP","floor":32},{"not_picked":["hexamod:TimeWarp","hexamod:UnleashSpirits"],"picked":"hexamod:TurnItUp","floor":33},{"not_picked":["hexamod:RecurringNightmare","hexamod:InspiringFlames","hexamod:FastForward+1"],"picked":"SKIP","floor":36},{"not_picked":["infinitespire:Gouge","infinitespire:Fortify"],"picked":"hubris:Rewind","floor":39},{"not_picked":["hexamod:Hexaguard","hexamod:HauntingEcho","hexamod:Firestarter+1"],"picked":"SKIP","floor":40},{"not_picked":["hexamod:FourthSeal","hexamod:FirstSeal","hexamod:RetreatToShadows+1"],"picked":"SKIP","floor":42},{"not_picked":["hexamod:NecessarySacrifice+1","hexamod:ForkedFlame","hexamod:ShieldOfDarkness"],"picked":"SKIP","floor":43},{"not_picked":["hexamod:Rewind","hexamod:FastForward","hexamod:SwordOfDarkness+1"],"picked":"SKIP","floor":45},{"not_picked":["hexamod:Firestarter","hexamod:NightmareGuise","hexamod:InspiringFlames+1"],"picked":"SKIP","floor":46},{"not_picked":["hexamod:BurningTouch","hexamod:Hexaguard","hexamod:ThirdSeal"],"picked":"SKIP","floor":48},{"not_picked":["hexamod:TurnItUp","hexamod:RadiantFlame"],"picked":"hexamod:HeatMetal+1","floor":49},{"not_picked":["hexamod:SpectersWail","hexamod:BacktrackSmack"],"picked":"hexamod:Incineration+1","floor":53}],"player_experience":118338,"relics_obtained":[{"floor":2,"key":"LetterFromLob"},{"floor":7,"key":"Gremlin Horn"},{"floor":11,"key":"Old Coin"},{"floor":14,"key":"InkBottle"},{"floor":25,"key":"conspire:TopHat"},{"floor":26,"key":"hubris:DeckOfHolding"},{"floor":27,"key":"AT_ForceNature"},{"floor":41,"key":"Potion Belt"},{"floor":43,"key":"ReplayFunnel"},{"floor":48,"key":"White Beast Statue"},{"floor":53,"key":"Pen Nib"}],"event_choices":[{"cards_removed":["hexamod:Strike"],"damage_healed":0,"gold_gain":0,"player_choice":"Card Removal","damage_taken":0,"max_hp_gain":0,"max_hp_loss":0,"event_name":"The Cleric","floor":4,"gold_loss":0},{"cards_removed":["hexamod:SixthSeal"],"damage_healed":0,"gold_gain":0,"player_choice":"Give","damage_taken":0,"max_hp_gain":0,"max_hp_loss":0,"event_name":"betterNote:BetterNote","floor":22,"gold_loss":0,"cards_obtained":["Guardian:CurlUp"]}],"is_beta":false,"boss_relics":[{"not_picked":["hubris:ScarierMask","Replay:Bronze Core"],"picked":"RedLine:ReiMu"},{"not_picked":["infinitespire:Cupcake","Replay:Ancient Bell"],"picked":"hexamod:UnbrokenSoul"}],"items_purged_floors":[9,23,29,38,42,54],"is_endless":false,"potions_floor_spawned":[10,11,15,16,25,26,30,32,33,40,43,48,49,53],"ascension_level":0}}