{"host":"684z1xpuwaoqmmh1","time":1612620244,"event":{"mods":["A Magickal Journey","Astrologer","BaseMod","Downfall","Hermit","Jorbs\u0027s Wanderer Trilogy","Marisa????????","Minty Spire (QoL Compilation)","Robot Space Explorer","Shade Mod","StSLib","The Bug Knight","The Dragon Tamer","The Elementalist","The Hayseed","The Hierophant","The Marked","The Mystic","The Runesmith","The Saiyan","The Senshi","The Spell Scribe","The Vixen","TheBandit","TheFirefly"],"gold_per_floor":[111,138,138,155,171,171,197,197,197,231,251,269,269,269],"floor_reached":13,"language":"ENG","playtime":624,"items_purged":[],"score":175,"play_id":"8c93d34e-6bd5-4640-bd3e-9f6680ded8bd","local_time":"20210206160404","is_ascension_mode":true,"campfire_choices":[{"data":"stsjorbsmod:DeathThroes","floor":6,"key":"SMITH"},{"data":"stsjorbsmod:ScorchingRay","floor":8,"key":"SMITH"}],"circlet_count":0,"master_deck":["AscendersBane","stsjorbsmod:ForbiddenGrimoire+1","stsjorbsmod:Strike_Wanderer","stsjorbsmod:Strike_Wanderer","stsjorbsmod:Strike_Wanderer","stsjorbsmod:Defend_Wanderer","stsjorbsmod:Defend_Wanderer","stsjorbsmod:Defend_Wanderer","stsjorbsmod:Defend_Wanderer","stsjorbsmod:FreshAdventure","stsjorbsmod:EyeOfTheStorm+1","stsjorbsmod:HedgeWizard","stsjorbsmod:ArcaneWeapon","stsjorbsmod:DeathThroes+1","stsjorbsmod:ScorchingRay+1","stsjorbsmod:RefuseToForget+1","stsjorbsmod:BookOfTongues","stsjorbsmod:FindFamiliar"],"relics":["stsjorbsmod:GrimoireRelic","Runesmith:AutoHammer","StoneCalendar","Toxic Egg 2","Mercury Hourglass"],"acts_visited":["Exordium"],"potions_floor_usage":[7,13],"damage_taken":[{"damage":8,"enemies":"Jaw Worm","floor":1,"turns":5},{"damage":0,"enemies":"Cultist","floor":2,"turns":5},{"damage":0,"enemies":"Small Slimes","floor":4,"turns":5},{"damage":8,"enemies":"Exordium Wildlife","floor":5,"turns":4},{"damage":16,"enemies":"Gremlin Nob","floor":7,"turns":4},{"damage":33,"enemies":"Lagavulin","floor":10,"turns":4},{"damage":0,"enemies":"Exordium Thugs","floor":11,"turns":3},{"damage":1,"enemies":"3 Louse","floor":12,"turns":2},{"damage":20,"enemies":"3 Sentries","floor":13,"turns":2}],"seed_played":"-5659745661118283564","potions_obtained":[{"floor":1,"key":"Weak Potion"},{"floor":7,"key":"SpeedPotion"},{"floor":11,"key":"stsjorbsmod:LiquidClarity"}],"is_trial":false,"path_per_floor":["M","M","?","M","M","R","E","R","T","E","M","M","E"],"character_chosen":"WANDERER","items_purchased":[],"campfire_rested":0,"item_purchase_floors":[],"current_hp_per_floor":[52,54,54,57,50,50,38,38,38,6,11,12,0,0],"gold":269,"neow_bonus":"RANDOM_COMMON_RELIC","is_daily":false,"chose_seed":false,"campfire_upgraded":2,"win_rate":0.0,"timestamp":1612620244,"path_taken":["M","M","?","M","M","R","E","R","T","E","?","?","E"],"items_purchased_type":[],"build_version":"2020-12-22","purchased_purges":0,"victory":false,"max_hp_per_floor":[64,64,64,64,64,64,66,66,66,66,68,68,68,68],"card_choices":[{"not_picked":["stsjorbsmod:ParryingBlow","stsjorbsmod:Message"],"picked":"stsjorbsmod:HedgeWizard","floor":1},{"not_picked":["stsjorbsmod:ParryingBlow","stsjorbsmod:RayOfFrost"],"picked":"stsjorbsmod:ArcaneWeapon","floor":2},{"not_picked":["stsjorbsmod:ArcaneWeapon","stsjorbsmod:TrueStrike"],"picked":"stsjorbsmod:DeathThroes","floor":4},{"not_picked":["stsjorbsmod:Message","stsjorbsmod:ArcaneWeapon"],"picked":"stsjorbsmod:ScorchingRay","floor":5},{"not_picked":["stsjorbsmod:Index","stsjorbsmod:Prepare","stsjorbsmod:Materialize"],"picked":"SKIP","floor":7},{"not_picked":["stsjorbsmod:MagicMirror","stsjorbsmod:UnseenServant+1"],"picked":"stsjorbsmod:RefuseToForget+1","floor":10},{"not_picked":["stsjorbsmod:Index+1","stsjorbsmod:MistyStep+1"],"picked":"stsjorbsmod:BookOfTongues","floor":11},{"not_picked":["stsjorbsmod:LoseGrip+1","stsjorbsmod:FranticSearch+1"],"picked":"stsjorbsmod:FindFamiliar","floor":12}],"player_experience":3207006,"relics_obtained":[{"floor":7,"key":"StoneCalendar"},{"floor":9,"key":"Toxic Egg 2"},{"floor":10,"key":"Mercury Hourglass"}],"event_choices":[{"cards_removed":["stsjorbsmod:Strike_Wanderer"],"damage_healed":0,"gold_gain":0,"player_choice":"Purged","damage_taken":0,"max_hp_gain":0,"max_hp_loss":0,"event_name":"Purifier","floor":3,"gold_loss":0}],"is_beta":false,"boss_relics":[],"items_purged_floors":[],"is_endless":false,"potions_floor_spawned":[1,7,11],"killed_by":"3 Sentries","ascension_level":16}}