{"host":"bnpj5ln693dhfj4y","time":1612601752,"event":{"mods":["AchievementEnabler","BaseMod","Colored Map","Colored Powertips","DeckTracker","Minty Spire (QoL Compilation)","Weighted Paths"],"gold_per_floor":[112,128,142,317,336,369,369,382,408,408,422,448,30,64,64,159,159,177,189,189,202,202,202,202],"floor_reached":23,"language":"ENG","playtime":2259,"items_purged":["Doubt"],"score":329,"play_id":"5b73ff4f-be89-45d4-9f6a-e17fa7c65aaf","local_time":"20210206095552","is_ascension_mode":true,"campfire_choices":[{"data":"Evolve","floor":7,"key":"SMITH"},{"data":"True Grit","floor":10,"key":"SMITH"},{"data":"Heavy Blade","floor":15,"key":"SMITH"}],"circlet_count":0,"master_deck":["Strike_R","Strike_R","Strike_R","Strike_R","Strike_R","Defend_R","Defend_R","Defend_R","Defend_R","Bash","Evolve+1","Headbutt","Iron Wave","True Grit+1","Inflame","Heavy Blade+1","Flex","Pummel","Barricade","Iron Wave+1","Disarm+1","Shrug It Off"],"relics":["Burning Blood","Mummified Hand","Smiling Mask","Boot","MealTicket","Brimstone","Juzu Bracelet","Sozu"],"acts_visited":["Exordium","TheCity"],"potions_floor_usage":[12,12,14,14,16],"damage_taken":[{"damage":1,"enemies":"Cultist","floor":1,"turns":3},{"damage":7,"enemies":"Jaw Worm","floor":2,"turns":3},{"damage":7,"enemies":"Small Slimes","floor":3,"turns":3},{"damage":12,"enemies":"2 Fungi Beasts","floor":5,"turns":4},{"damage":40,"enemies":"3 Sentries","floor":6,"turns":12},{"damage":22,"enemies":"Large Slime","floor":8,"turns":11},{"damage":7,"enemies":"Exordium Wildlife","floor":11,"turns":6},{"damage":20,"enemies":"Lagavulin","floor":12,"turns":8},{"damage":20,"enemies":"3 Sentries","floor":14,"turns":5},{"damage":0,"enemies":"Slime Boss","floor":16,"turns":4},{"damage":25,"enemies":"Spheric Guardian","floor":18,"turns":4},{"damage":2,"enemies":"Chosen","floor":19,"turns":3},{"damage":35,"enemies":"Sentry and Sphere","floor":21,"turns":4},{"damage":36,"enemies":"Gremlin Leader","floor":23,"turns":4}],"seed_played":"-1669023510468056105","potions_obtained":[{"floor":3,"key":"Regen Potion"},{"floor":6,"key":"ColorlessPotion"},{"floor":8,"key":"DistilledChaos"},{"floor":12,"key":"Ancient Potion"},{"floor":14,"key":"SteroidPotion"}],"is_trial":false,"path_per_floor":["M","M","M","?","M","E","R","M","T","R","M","E","$","E","R","B",null,"M","M","?","M","?","E"],"character_chosen":"IRONCLAD","items_purchased":["MealTicket","Flex","Brimstone","BloodPotion"],"campfire_rested":0,"item_purchase_floors":[13,13,13,13],"current_hp_per_floor":[88,87,86,86,80,46,46,30,30,30,29,15,15,32,32,38,76,57,61,61,32,32,0,0],"gold":202,"neow_bonus":"TEN_PERCENT_HP_BONUS","is_daily":false,"chose_seed":false,"campfire_upgraded":3,"win_rate":0.0,"timestamp":1612601752,"path_taken":["M","M","M","?","M","E","R","M","T","R","M","E","$","E","R","BOSS","M","M","?","M","?","E"],"items_purchased_type":["Relic","Card","Relic","Potion"],"build_version":"2020-12-22","purchased_purges":1,"victory":false,"max_hp_per_floor":[88,88,88,88,88,88,88,88,88,88,88,88,88,88,88,88,88,88,88,88,88,88,88,88],"card_choices":[{"not_picked":["Clothesline","Fire Breathing"],"picked":"Evolve","floor":1},{"not_picked":["Perfected Strike","Clothesline"],"picked":"Headbutt","floor":2},{"not_picked":["Sever Soul","Flex"],"picked":"Iron Wave","floor":3},{"not_picked":["Combust","Headbutt","Hemokinesis"],"picked":"SKIP","floor":5},{"not_picked":["Clothesline","Exhume","Anger"],"picked":"SKIP","floor":6},{"not_picked":["Flex","Warcry"],"picked":"True Grit","floor":8},{"not_picked":["Iron Wave","Shockwave"],"picked":"Inflame","floor":11},{"not_picked":["Sword Boomerang","Hemokinesis"],"picked":"Heavy Blade","floor":12},{"not_picked":["Combust","Feel No Pain"],"picked":"Pummel","floor":14},{"not_picked":["Exhume","Double Tap"],"picked":"Barricade","floor":16},{"not_picked":["Evolve+1","Clash"],"picked":"Iron Wave+1","floor":18},{"not_picked":["Iron Wave+1","Flex+1"],"picked":"Disarm+1","floor":19},{"not_picked":["Body Slam+1","Heavy Blade"],"picked":"Shrug It Off","floor":21}],"player_experience":340538,"relics_obtained":[{"floor":6,"key":"Mummified Hand"},{"floor":9,"key":"Smiling Mask"},{"floor":12,"key":"Boot"},{"floor":14,"key":"Juzu Bracelet"}],"event_choices":[{"damage_healed":0,"gold_gain":175,"player_choice":"AGREE","damage_taken":0,"max_hp_gain":0,"max_hp_loss":0,"event_name":"Liars Game","floor":4,"gold_loss":0,"cards_obtained":["Doubt"]},{"damage_healed":0,"gold_gain":0,"player_choice":"0 cards matched","damage_taken":0,"max_hp_gain":0,"max_hp_loss":0,"event_name":"Match and Keep!","floor":20,"gold_loss":0,"cards_obtained":[]},{"damage_healed":0,"gold_gain":0,"player_choice":"Ignored","damage_taken":0,"max_hp_gain":0,"max_hp_loss":0,"event_name":"N\u0027loth","floor":22,"gold_loss":0}],"is_beta":false,"boss_relics":[{"not_picked":["Black Star","Mark of Pain"],"picked":"Sozu"}],"items_purged_floors":[13],"is_endless":false,"potions_floor_spawned":[3,6,8,12,14,21],"killed_by":"Gremlin Leader","ascension_level":5}}