{"host":"8srk5r1dwtmjotwd","time":1612591535,"event":{"mods":["AchievementEnabler","Act Like it!","BaseMod","Beaked The Cultist","Bestiary","Better Note","Better Third Choice","Colored Map","Colored Powertips","Custom Start","Friendly Minions","GifTheSpireLib","Halation","Hallownest","Hermit","Hubris","Infinite Spire","Mimic Mod","Minty Spire (QoL Compilation)","Morshu Shopkeeper - ENHANCED","Quick Restart","Rare Cards Sparkle","Reliquary","Replay The Spire","Shop Mod","StSLib","SuperFastMode","Synergy Search","The Bug Knight","The Construct","The Cursed","Thieving Mod","Yohane!","everything is the same but u backflip on backflip","slay the spire mod where everything is the same but ironclad has a cowboy hat"],"gold_per_floor":[113,113,113,130,142,142,152,152,179,179,43,59,73,73,73],"floor_reached":14,"language":"ENG","playtime":708,"items_purged":[],"score":167,"play_id":"0e524fdc-1ad8-473e-8a91-93e8fcf6491d","local_time":"20210206010535","is_ascension_mode":false,"campfire_choices":[{"data":"Scorching Beam","floor":6,"key":"SMITH"}],"circlet_count":0,"master_deck":["Limit Break+1","Flex+1","Flex+1","Flex+1","Massacre+1","Self Repair+1","Pommel Strike","Scorching Beam+1","Replay:Undeath\u0027s Touch","Flex","Jack Of All Trades","Infernal Blade"],"relics":["infinitespire:Burning Sword","infinitespire:CheckeredPen","Iron Core","GremlinMask","infinitespire:Satchel","reliquary:RosewoodLute"],"acts_visited":["Exordium"],"potions_floor_usage":[12,13,13],"damage_taken":[{"damage":0,"enemies":"Small Slimes","floor":1,"turns":1},{"damage":0,"enemies":"Cultist","floor":4,"turns":1},{"damage":0,"enemies":"Jaw Worm","floor":5,"turns":1},{"damage":0,"enemies":"Looter","floor":7,"turns":1},{"damage":0,"enemies":"Blue Slaver","floor":12,"turns":1},{"damage":0,"enemies":"2 Fungi Beasts","floor":13,"turns":1},{"damage":0,"enemies":"3 Sentries","floor":14,"turns":1}],"seed_played":"6597866848093824383","potions_obtained":[{"floor":4,"key":"FearPotion"},{"floor":5,"key":"AttackPotion"}],"is_trial":true,"path_per_floor":["M","?","?","M","M","R","M","?","T","?","$","M","M","E"],"character_chosen":"IRONCLAD","items_purchased":["Adrenaline Potion","Jack Of All Trades"],"campfire_rested":0,"item_purchase_floors":[11,11],"current_hp_per_floor":[80,80,80,80,80,80,80,80,80,47,47,57,67,67,67],"gold":73,"neow_bonus":"","is_daily":false,"chose_seed":false,"campfire_upgraded":1,"win_rate":0.0,"timestamp":1612591535,"path_taken":["M","?","?","M","M","R","?","?","T","?","?","M","?","E"],"items_purchased_type":["Potion","Card"],"build_version":"2020-12-22","purchased_purges":0,"victory":false,"max_hp_per_floor":[80,80,80,80,80,80,80,80,80,80,80,80,80,80,80],"card_choices":[{"not_picked":["Headbutt","Cleave","Run Through"],"picked":"SKIP","floor":1},{"not_picked":["Body Slam","Rebound"],"picked":"Pommel Strike","floor":4},{"not_picked":["Seeing Red","Perfected Strike"],"picked":"Scorching Beam","floor":5},{"not_picked":["Replay:Many Hands","Pummel"],"picked":"Replay:Undeath\u0027s Touch","floor":7},{"not_picked":["Cleave","Flex","ReplayTheSpireMod:Limb From Limb"],"picked":"SKIP","floor":12},{"not_picked":["hubris:CleavingFinish","Second Wind"],"picked":"Infernal Blade","floor":13}],"player_experience":118885,"relics_obtained":[{"floor":9,"key":"infinitespire:Satchel"}],"event_choices":[{"damage_healed":0,"gold_gain":0,"player_choice":"Trade","damage_taken":0,"relics_obtained":["GremlinMask"],"max_hp_gain":0,"max_hp_loss":0,"event_name":"FaceTrader","floor":3,"gold_loss":0},{"damage_healed":0,"gold_gain":0,"player_choice":"Relic ","damage_taken":33,"max_hp_gain":0,"max_hp_loss":0,"event_name":"betterThird:BetterScrap","floor":10,"gold_loss":0,"cards_obtained":["hubris:DoWhile"]}],"is_beta":false,"boss_relics":[],"items_purged_floors":[],"is_endless":false,"potions_floor_spawned":[4,5],"killed_by":"3 Sentries","ascension_level":0}}