{"host":"q2xir22r6x5m07m3","time":1612638984,"event":{"mods":["BaseMod","Minty Spire (QoL Compilation)","Quick Restart","StSLib"],"gold_per_floor":[114,114,129,144,159,189,219,249,274,299,314,314,329,329,329,429,429,444,624,38,53,68,98,113,143,143,30,30,55,79,103,103,212,212,236,11,61,101,135,159,9,48,48,57,81,99,138,177,177,177],"floor_reached":51,"language":"ENG","playtime":3418,"items_purged":["Decay","Parasite"],"score":1070,"play_id":"470d4e82-aded-4b3a-a9d4-481e4186a74f","local_time":"20210206141624","daily_mods":["Draft","Flight","Terminal"],"is_ascension_mode":false,"campfire_choices":[{"data":"Flame Barrier","floor":15.0,"key":"SMITH"},{"data":"Feed","floor":32.0,"key":"SMITH"},{"floor":49,"key":"DIG"}],"circlet_count":0,"master_deck":["Ghostly Armor","Second Wind","Iron Wave","Rupture","Inflame","Flame Barrier+1","Thunderclap","Anger","Dropkick","Anger","Iron Wave","Reckless Charge","Anger","Intimidate","Pommel Strike","Reckless Charge","True Grit+1","Metallicize","Combust","Dual Wield+1","Fire Breathing+1","Feed+1","Bloodletting+1","Finesse+1","Finesse+1","Thinking Ahead+1","Infernal Blade+1","Dark Embrace","Finesse+1","Impervious+1","Infernal Blade+1","Disarm+1","Spot Weakness+1","Double Tap+1","Intimidate+1","Flex+1","Armaments+1","Rupture","Fire Breathing+1","Havoc+1","Flame Barrier+1","Limit Break+1","Burning Pact+1","Feel No Pain","Inflame+1","Writhe","Power Through+1","Demon Form","Berserk","Burning Pact+1","Madness+1","Madness+1","Pommel Strike+1","Seeing Red+1"],"relics":["Burning Blood","CultistMask","Toxic Egg 2","Oddly Smooth Stone","Boot","Anchor","Nunchaku","Cursed Key","Membership Card","Tiny Chest","PreservedInsect","Blood Vial","Bronze Scales","Orichalcum","Orrery","CeramicFish","Fusion Hammer","Brimstone","Toy Ornithopter","Shovel","Pocketwatch","Strawberry","Medical Kit","Omamori","Unceasing Top","The Courier","InkBottle","Vajra","Blue Candle"],"acts_visited":[],"potions_floor_usage":[50],"damage_taken":[{"damage":0.0,"enemies":"Cultist","floor":1.0,"turns":3.0},{"damage":0.0,"enemies":"Small Slimes","floor":3.0,"turns":2.0},{"damage":0.0,"enemies":"2 Louse","floor":4.0,"turns":2.0},{"damage":0.0,"enemies":"Blue Slaver","floor":5.0,"turns":2.0},{"damage":8.0,"enemies":"Lagavulin","floor":6.0,"turns":5.0},{"damage":1.0,"enemies":"3 Sentries","floor":7.0,"turns":5.0},{"damage":0.0,"enemies":"Gremlin Nob","floor":8.0,"turns":5.0},{"damage":0.0,"enemies":"Red Slaver","floor":11.0,"turns":2.0},{"damage":0.0,"enemies":"Lots of Slimes","floor":13.0,"turns":3.0},{"damage":19.0,"enemies":"Hexaghost","floor":16.0,"turns":6.0},{"damage":0.0,"enemies":"2 Thieves","floor":18.0,"turns":4.0},{"damage":11.0,"enemies":"Spheric Guardian","floor":21.0,"turns":5.0},{"damage":2.0,"enemies":"Snake Plant","floor":22.0,"turns":4.0},{"damage":14.0,"enemies":"Gremlin Leader","floor":23.0,"turns":7.0},{"damage":8.0,"enemies":"Shelled Parasite and Fungi","floor":24.0,"turns":6.0},{"damage":1.0,"enemies":"Slavers","floor":25.0,"turns":5.0},{"damage":10.0,"enemies":"Snecko","floor":30.0,"turns":7.0},{"damage":21.0,"enemies":"3 Cultists","floor":31.0,"turns":7.0},{"damage":8.0,"enemies":"Champ","floor":33.0,"turns":11.0},{"damage":1.0,"enemies":"3 Shapes","floor":35.0,"turns":7.0},{"damage":4.0,"enemies":"Mind Bloom Boss Battle","floor":37.0,"turns":7.0},{"damage":6.0,"enemies":"2 Orb Walkers","floor":38.0,"turns":5.0},{"damage":0.0,"enemies":"Orb Walker","floor":40.0,"turns":3.0},{"damage":0.0,"enemies":"Giant Head","floor":42.0,"turns":6.0},{"damage":0.0,"enemies":"3 Darklings","floor":45.0,"turns":5.0},{"damage":3.0,"enemies":"Nemesis","floor":47.0,"turns":5.0},{"damage":20,"enemies":"Reptomancer","floor":48,"turns":5},{"damage":31,"enemies":"Awakened One","floor":50,"turns":6}],"seed_played":"-8965082293454493598","potions_obtained":[{"floor":1.0,"key":"SpeedPotion"},{"floor":3.0,"key":"Fire Potion"},{"floor":6.0,"key":"Explosive Potion"},{"floor":8.0,"key":"ElixirPotion"},{"floor":13.0,"key":"Strength Potion"},{"floor":16.0,"key":"Ancient Potion"},{"floor":23.0,"key":"BloodPotion"},{"floor":24.0,"key":"SkillPotion"},{"floor":25.0,"key":"Block Potion"},{"floor":31.0,"key":"EssenceOfSteel"},{"floor":33.0,"key":"Dexterity Potion"},{"floor":37.0,"key":"Block Potion"},{"floor":42.0,"key":"SmokeBomb"},{"floor":45.0,"key":"BlessingOfTheForge"},{"floor":48,"key":"Energy Potion"}],"is_trial":false,"path_per_floor":["M","?","M","M","M","E","E","E","T","T","M","?","M","?","R","B",null,"M","?","$","M","M","E","M","E","T","$","?","T","M","M","R","B",null,"M","$","?","?","T","M","$","E","T","?","M","?","E","E","R","B",null],"character_chosen":"IRONCLAD","items_purchased":["Membership Card","Thinking Ahead+1","Tiny Chest","PreservedInsect","Infernal Blade+1","Dark Embrace","Finesse+1","Impervious+1","Orrery","Brimstone","Toy Ornithopter","Feel No Pain","Medical Kit","Omamori"],"campfire_rested":0,"item_purchase_floors":[20,20,20,20,20,20,20,20,27,36,36,36,41,41],"current_hp_per_floor":[78,77,76,75,74,72,72,71,70,69,68,67,66,65,64,51,62,64,32,32,27,31,26,26,33,33,33,33,33,31,18,18,28,51,54,50,49,48,54,57,56,59,58,57,56,49,54,44,44,30],"gold":177,"neow_bonus":"","is_daily":true,"chose_seed":false,"campfire_upgraded":2,"win_rate":0.0,"timestamp":1612638984,"path_taken":["M","?","?","M","M","E","E","E","T","?","M","?","?","?","R","BOSS","M","?","$","?","?","E","M","E","T","$","?","?","?","M","R","BOSS","M","$","?","?","?","M","$","E","T","?","?","?","E","E","R","BOSS"],"items_purchased_type":["Relic","Card","Relic","Relic","Card","Card","Card","Card","Relic","Relic","Relic","Card","Relic","Relic"],"build_version":"2020-12-22","purchased_purges":2,"victory":true,"max_hp_per_floor":[78,77,76,75,74,73,72,71,70,69,68,67,66,65,64,63,62,64,63,62,61,60,62,61,60,59,58,57,56,55,54,53,52,51,54,50,49,48,54,57,56,59,58,57,56,55,54,57,56,59],"card_choices":[{"not_picked":["Shockwave","Sever Soul"],"picked":"Ghostly Armor","floor":0.0},{"not_picked":["Blood for Blood","Perfected Strike"],"picked":"Second Wind","floor":0.0},{"not_picked":["Iron Wave","Bloodletting"],"picked":"Intimidate","floor":0.0},{"not_picked":["Searing Blow","Cleave"],"picked":"Iron Wave","floor":0.0},{"not_picked":["Sword Boomerang","Warcry"],"picked":"Rupture","floor":0.0},{"not_picked":["Blood for Blood","Warcry"],"picked":"Inflame","floor":0.0},{"not_picked":["Wild Strike","Rupture"],"picked":"Flame Barrier","floor":0.0},{"not_picked":["Warcry","True Grit"],"picked":"Thunderclap","floor":0.0},{"not_picked":["Havoc","Flex"],"picked":"Anger","floor":0.0},{"not_picked":["Thunderclap","Dual Wield"],"picked":"Dropkick","floor":0.0},{"not_picked":["Pummel","Headbutt"],"picked":"Anger","floor":0.0},{"not_picked":["Twin Strike","Dual Wield"],"picked":"Iron Wave","floor":0.0},{"not_picked":["Perfected Strike","Headbutt"],"picked":"Reckless Charge","floor":0.0},{"not_picked":["Wild Strike","Cleave"],"picked":"Anger","floor":0.0},{"not_picked":["Pummel","Rampage"],"picked":"Intimidate","floor":0.0},{"not_picked":["Sword Boomerang","Clothesline"],"picked":"Pommel Strike","floor":1.0},{"not_picked":["True Grit","Clash"],"picked":"Reckless Charge","floor":3.0},{"not_picked":["Thunderclap","Carnage","Clothesline"],"picked":"SKIP","floor":4.0},{"not_picked":["Perfected Strike","Armaments"],"picked":"Iron Wave","floor":5.0},{"not_picked":["Uppercut","Wild Strike"],"picked":"True Grit+1","floor":6.0},{"not_picked":["Body Slam","Sword Boomerang"],"picked":"Metallicize","floor":7.0},{"not_picked":["Power Through+1","Dropkick"],"picked":"Combust","floor":8.0},{"not_picked":["Pommel Strike","Disarm+1"],"picked":"Dual Wield+1","floor":11.0},{"not_picked":["Perfected Strike","Sentinel+1"],"picked":"Fire Breathing","floor":13.0},{"not_picked":["Immolate","Bludgeon"],"picked":"Feed","floor":16.0},{"not_picked":["Havoc+1","Sword Boomerang+1"],"picked":"Bloodletting+1","floor":18.0},{"not_picked":["Headbutt","Iron Wave","Perfected Strike"],"picked":"SKIP","floor":21.0},{"not_picked":["Wild Strike","Cleave"],"picked":"Infernal Blade+1","floor":22.0},{"not_picked":["Heavy Blade","Pommel Strike"],"picked":"Disarm+1","floor":23.0},{"not_picked":["Hemokinesis+1","Flex+1"],"picked":"Spot Weakness+1","floor":24.0},{"not_picked":["Pommel Strike+1","Intimidate+1"],"picked":"Double Tap+1","floor":25.0},{"not_picked":["Flex+1","Rampage"],"picked":"Intimidate+1","floor":27.0},{"not_picked":["Pommel Strike","Shockwave+1"],"picked":"Flex+1","floor":27.0},{"not_picked":["Iron Wave+1","Feel No Pain"],"picked":"Armaments+1","floor":27.0},{"not_picked":["Cleave","Rampage"],"picked":"Rupture","floor":27.0},{"not_picked":["Sword Boomerang+1","Perfected Strike"],"picked":"Fire Breathing+1","floor":27.0},{"not_picked":["Cleave","Wild Strike"],"picked":"Havoc+1","floor":30.0},{"not_picked":["Evolve","Iron Wave"],"picked":"Flame Barrier+1","floor":31.0},{"not_picked":["Bludgeon","Barricade"],"picked":"Limit Break+1","floor":33.0},{"not_picked":["Iron Wave","Body Slam+1"],"picked":"Burning Pact+1","floor":35.0},{"not_picked":["Shrug It Off+1","Blood for Blood+1"],"picked":"Inflame+1","floor":38.0},{"not_picked":["Shrug It Off+1","Warcry+1"],"picked":"Power Through+1","floor":40.0},{"not_picked":["Clash","Perfected Strike+1"],"picked":"Demon Form","floor":42.0},{"not_picked":["Sever Soul","Perfected Strike"],"picked":"Burning Pact+1","floor":45.0},{"not_picked":["Wild Strike+1","Twin Strike"],"picked":"Pommel Strike+1","floor":47},{"not_picked":["Uppercut","Spot Weakness+1"],"picked":"Seeing Red+1","floor":48}],"player_experience":361785,"relics_obtained":[{"floor":6.0,"key":"Toxic Egg 2"},{"floor":7.0,"key":"Oddly Smooth Stone"},{"floor":8.0,"key":"Boot"},{"floor":9.0,"key":"Anchor"},{"floor":10.0,"key":"Nunchaku"},{"floor":23.0,"key":"Blood Vial"},{"floor":25.0,"key":"Bronze Scales"},{"floor":26.0,"key":"Orichalcum"},{"floor":29.0,"key":"CeramicFish"},{"floor":37.0,"key":"Shovel"},{"floor":38.0,"key":"Pocketwatch"},{"floor":39.0,"key":"Strawberry"},{"floor":42.0,"key":"Unceasing Top"},{"floor":43.0,"key":"The Courier"},{"floor":47,"key":"InkBottle"},{"floor":48,"key":"Vajra"},{"floor":49,"key":"Blue Candle"}],"event_choices":[{"damage_healed":0.0,"max_hp_gain":0.0,"max_hp_loss":0.0,"gold_gain":0.0,"event_name":"FaceTrader","player_choice":"Trade","floor":2.0,"gold_loss":0.0,"damage_taken":0.0,"relics_obtained":["CultistMask"]},{"cards_removed":["Intimidate"],"damage_healed":0.0,"max_hp_gain":0.0,"max_hp_loss":0.0,"gold_gain":0.0,"event_name":"Bonfire Elementals","player_choice":"Offered Uncommon","floor":12.0,"gold_loss":0.0,"damage_taken":0.0},{"damage_healed":0.0,"max_hp_gain":0.0,"max_hp_loss":0.0,"gold_gain":0.0,"event_name":"Living Wall","player_choice":"Grow","floor":14.0,"gold_loss":0.0,"damage_taken":0.0,"cards_upgraded":["Fire Breathing"]},{"damage_healed":0.0,"max_hp_gain":0.0,"max_hp_loss":0.0,"gold_gain":180.0,"event_name":"Knowing Skull","player_choice":"CARD GOLD GOLD CARD ","floor":19.0,"potions_obtained":[],"gold_loss":0.0,"damage_taken":32.0,"cards_obtained":["Finesse","Finesse"]},{"damage_healed":0.0,"max_hp_gain":0.0,"max_hp_loss":0.0,"gold_gain":0.0,"event_name":"Ghosts","player_choice":"Ignored","floor":28.0,"gold_loss":0.0,"damage_taken":0.0},{"damage_healed":0.0,"max_hp_gain":0.0,"max_hp_loss":0.0,"gold_gain":0.0,"event_name":"MindBloom","player_choice":"Fight","floor":37.0,"gold_loss":0.0,"damage_taken":0.0},{"damage_healed":0.0,"max_hp_gain":0.0,"max_hp_loss":0.0,"gold_gain":0.0,"event_name":"Mysterious Sphere","player_choice":"Fight","floor":38.0,"gold_loss":0.0,"damage_taken":0.0},{"damage_healed":0.0,"max_hp_gain":0.0,"max_hp_loss":0.0,"gold_gain":0.0,"cards_transformed":["Iron Wave"],"event_name":"Transmorgrifier","player_choice":"Transformed","floor":44.0,"gold_loss":0.0,"damage_taken":0.0,"cards_obtained":["Berserk"]},{"damage_healed":0.0,"max_hp_gain":0.0,"max_hp_loss":0.0,"gold_gain":0.0,"event_name":"Winding Halls","player_choice":"Embrace Madness","floor":46.0,"gold_loss":0.0,"damage_taken":7.0,"cards_obtained":["Madness","Madness"]}],"is_beta":false,"boss_relics":[{"not_picked":["Philosopher\u0027s Stone","Coffee Dripper"],"picked":"Cursed Key"},{"not_picked":["Busted Crown","Runic Dome"],"picked":"Fusion Hammer"}],"items_purged_floors":[27,36],"is_endless":false,"potions_floor_spawned":[1,3,6,8,13,16,23,24,25,31,33,37,42,45,48],"ascension_level":0}}