{"host":"u7y9frlpoazak2mn","time":1612634827,"event":{"mods":["Act Like it!","Aspiration","BaseMod","Beaked The Cultist","Better Altar","Better Match","Better Note","Better Sensory Stone","Better Skull","Better Third Choice","Colored Map","Colored Powertips","Conspire","Downfall","Energized Spire","GifTheSpireLib","Googly Eyes","Halation","Hermit","Hubris","Infinite Spire","Marked Mod","Mimic Mod","Minty Spire (QoL Compilation)","Permanent Neow","Prisma Mod","Rare Cards Sparkle","Replay The Spire","StSLib","Stuff the Spire","The Construct","Waifu the Spire"],"gold_per_floor":[116,116,116,116,133,160,160,160,197,44,58,58,75,95,95,190,190,159,359,559,572,590,590,618,633,633,644,644,656,480,480,480,577,577,591,597,597],"floor_reached":36,"language":"ENG","playtime":2469,"items_purged":["Strike_P","Strike_P"],"score":634,"play_id":"f31763e4-77d8-4a3a-abad-34b746b1bf1b","local_time":"20210206130707","is_ascension_mode":false,"campfire_choices":[{"floor":7,"key":"REST"},{"floor":12,"key":"REST"},{"floor":15,"key":"REST"},{"floor":23,"key":"REST"},{"floor":28,"key":"REST"},{"floor":32,"key":"REST"}],"circlet_count":0,"master_deck":["Strike_P","Strike_P","Defend_P","Defend_P","Defend_P","Defend_P","Eruption","Vigilance","DevaForm","PathToVictory","PathToVictory","MarkedMod:Acupuncture","LikeWater","ClearTheMind","MarkedMod:PinPointDefense","SpiritShield","MarkedMod:GentlePulse","MarkedMod:OneThousandNeedles","LikeWater","ReachHeaven","MarkedMod:SlowDance"],"relics":["PureWater","Blue Doll","beaked:MawFillet","Iron Hammer","Lizard Tail"],"acts_visited":["Exordium","TheCity","TheBeyond"],"potions_floor_usage":[5,6,14,16,24,27,27,35,36],"damage_taken":[{"damage":0,"enemies":"Small Slimes","floor":1,"turns":3},{"damage":0,"enemies":"Jaw Worm","floor":5,"turns":2},{"damage":57,"enemies":"Lagavulin","floor":6,"turns":5},{"damage":0,"enemies":"2 Louse","floor":9,"turns":4},{"damage":7,"enemies":"2 Louse","floor":11,"turns":3},{"damage":5,"enemies":"Looter","floor":13,"turns":3},{"damage":0,"enemies":"Large Slime","floor":14,"turns":5},{"damage":59,"enemies":"Fading Forest","floor":16,"turns":11},{"damage":20,"enemies":"2 Thieves","floor":18,"turns":5},{"damage":5,"enemies":"Shell Parasite","floor":21,"turns":5},{"damage":25,"enemies":"Snake Plant","floor":22,"turns":6},{"damage":25,"enemies":"Book of Stabbing","floor":24,"turns":6},{"damage":14,"enemies":"Centurion and Healer","floor":25,"turns":7},{"damage":3,"enemies":"Shelled Parasite and Fungi","floor":27,"turns":5},{"damage":16,"enemies":"Snake Plant","floor":29,"turns":5},{"damage":5,"enemies":"Pondfish","floor":33,"turns":10},{"damage":22,"enemies":"3 Shapes","floor":35,"turns":8},{"damage":100,"enemies":"conspire:MimicChest","floor":36,"turns":6}],"seed_played":"-7394695817152975990","potions_obtained":[{"floor":1,"key":"PowerPotion"},{"floor":5,"key":"BottledMiracle"},{"floor":11,"key":"Explosive Potion"},{"floor":14,"key":"hexamod:SoulburnPotion"},{"floor":22,"key":"Block Potion"},{"floor":24,"key":"Strength Potion"},{"floor":25,"key":"Toxic Potion"},{"floor":33,"key":"ColorlessPotion"},{"floor":35,"key":"Explosive Potion"}],"is_trial":false,"path_per_floor":["M","?","?","?","M","E","R","?","MIM","$","M","R","M","M","R","B",null,"M","?","?","M","M","R","E","M","T","M","R","M","$","?","R","B",null,"M","?"],"character_chosen":"WATCHER","items_purchased":["LikeWater","LikeWater"],"campfire_rested":6,"item_purchase_floors":[10,30],"current_hp_per_floor":[72,72,72,72,72,15,36,36,36,36,29,50,45,45,66,17,72,52,52,52,47,22,43,18,4,4,1,22,6,6,6,27,22,72,50,0,0],"gold":597,"neow_bonus":"THREE_RARE_CARDS","is_daily":false,"chose_seed":false,"campfire_upgraded":0,"win_rate":0.0,"timestamp":1612634827,"path_taken":["M","?","?","?","M","E","R","?","MIM","$","M","R","M","M","R","BOSS","M","?","?","M","M","R","E","M","T","M","R","M","?","?","R","BOSS","M","?"],"items_purchased_type":["Card","Card"],"build_version":"2020-12-22","purchased_purges":2,"victory":false,"max_hp_per_floor":[72,72,72,72,72,72,72,72,72,72,72,72,72,72,72,72,72,72,72,72,72,72,72,72,72,72,72,72,72,72,72,72,72,72,72,72,72],"card_choices":[{"not_picked":["MasterReality","Replay:LoomingThreat"],"picked":"DevaForm","floor":0},{"not_picked":["ClearTheMind","Adaptation"],"picked":"PathToVictory","floor":1},{"not_picked":["Replay:Anticipation","SashWhip","Replay:Battleflow"],"picked":"SKIP","floor":5},{"not_picked":["SignatureMove","Replay:AtTheReady"],"picked":"PathToVictory","floor":6},{"not_picked":["CutThroughFate","FollowUp"],"picked":"MarkedMod:Acupuncture","floor":9},{"not_picked":["Replay:AtTheReady","Replay:Battleflow"],"picked":"ClearTheMind","floor":11},{"not_picked":["Replay:AllIn","CutThroughFate"],"picked":"MarkedMod:PinPointDefense","floor":13},{"not_picked":["Replay:BluntJabs","SashWhip","FlurryOfBlows"],"picked":"SKIP","floor":14},{"not_picked":["Alpha","Replay:LoomingThreat"],"picked":"SpiritShield","floor":16},{"not_picked":["Wireheading","JustLucky","BattleHymn"],"picked":"SKIP","floor":18},{"not_picked":["WaveOfTheHand","Halt+1","CrushJoints"],"picked":"SKIP","floor":21},{"not_picked":["FearNoEvil","Prostrate","SignatureMove"],"picked":"SKIP","floor":22},{"not_picked":["WaveOfTheHand+1","Protect"],"picked":"MarkedMod:GentlePulse","floor":24},{"not_picked":["Evaluate","BattleHymn","Consecrate"],"picked":"SKIP","floor":25},{"not_picked":["Prostrate+1","MarkedMod:GentlePulse+1"],"picked":"MarkedMod:OneThousandNeedles","floor":27},{"not_picked":["CutThroughFate","Pray"],"picked":"Protect","floor":29},{"not_picked":["Wish","Replay:AllIn"],"picked":"MarkedMod:SlowDance","floor":33},{"not_picked":["ReachHeaven","Replay:Anticipation","EmptyFist+1"],"picked":"SKIP","floor":35}],"player_experience":412722,"relics_obtained":[{"floor":6,"key":"Blue Doll"},{"floor":24,"key":"Iron Hammer"},{"floor":26,"key":"Lizard Tail"}],"event_choices":[{"cards_removed":["Regret"],"damage_healed":0,"gold_gain":0,"player_choice":"Forget","damage_taken":0,"max_hp_gain":0,"max_hp_loss":0,"event_name":"Living Wall","floor":3,"gold_loss":0},{"damage_healed":0,"gold_gain":200,"player_choice":"Gold","damage_taken":0,"max_hp_gain":0,"max_hp_loss":0,"event_name":"Wheel of Change","floor":19,"gold_loss":0},{"damage_healed":0,"gold_gain":250,"player_choice":"Bet on Owner","damage_taken":0,"max_hp_gain":0,"max_hp_loss":0,"event_name":"The Joust","floor":20,"gold_loss":50},{"damage_healed":0,"gold_gain":0,"cards_transformed":["Protect"],"player_choice":"Transformed","damage_taken":0,"max_hp_gain":0,"max_hp_loss":0,"event_name":"Transmorgrifier","floor":31,"gold_loss":0,"cards_obtained":["ReachHeaven"]}],"is_beta":false,"boss_relics":[{"not_picked":["Ectoplasm","StuffTheSpire:RunicHypercube"],"picked":"beaked:MawFillet"},{"not_picked":["hubris:TerracottaHorce","energizedSpire:SpiderWeb","ReplayTheSpireMod:DimensionalGlitch"]}],"items_purged_floors":[10,30],"is_endless":false,"potions_floor_spawned":[1,5,11,14,22,24,25,33,35],"killed_by":"conspire:MimicChest","ascension_level":0}}