{"host":"eaiphzh066bwqdh7","time":1612573702,"event":{"mods":["BaseMod","Better Note","Halation","Hubris","Minty Spire (QoL Compilation)","Reliquary","Replay The Spire","StSLib"],"gold_per_floor":[117,135,149,149,249,276,276,301,301,77,77,111,111,123,123,123,123],"floor_reached":16,"language":"ENG","playtime":403,"items_purged":["Defend_P"],"score":142,"play_id":"f84d0ab8-da4d-4ae2-8189-2a604116ed97","local_time":"20210205200822","is_ascension_mode":true,"campfire_choices":[{"floor":7,"key":"REST"},{"floor":11,"key":"REST"},{"floor":13,"key":"REST"},{"floor":15,"key":"REST"}],"circlet_count":0,"master_deck":["Strike_P","Strike_P","Strike_P","Defend_P","Defend_P","Defend_P","Eruption","Vigilance","EmptyFist+1","Devotion"],"relics":["PureWater","NeowsBlessing","FossilizedHelix","Girya","Replay:Purple Gloves","Centennial Puzzle","Peace Pipe"],"acts_visited":["Exordium"],"potions_floor_usage":[6,8,12,16],"damage_taken":[{"damage":0,"enemies":"2 Louse","floor":1,"turns":1},{"damage":0,"enemies":"Cultist","floor":2,"turns":2},{"damage":0,"enemies":"Jaw Worm","floor":3,"turns":1},{"damage":61,"enemies":"Lagavulin","floor":6,"turns":6},{"damage":37,"enemies":"3 Sentries","floor":8,"turns":9},{"damage":20,"enemies":"Lagavulin","floor":12,"turns":4},{"damage":3,"enemies":"Blue Slaver","floor":14,"turns":3},{"damage":51,"enemies":"Hexaghost","floor":16,"turns":9}],"seed_played":"1150623986061015670","potions_obtained":[{"floor":1,"key":"Regen Potion"},{"floor":2,"key":"Languid Potion"},{"floor":8,"key":"Explosive Potion"},{"floor":12,"key":"Energy Potion"}],"is_trial":false,"path_per_floor":["M","M","M","?","?","E","R","E","T","$","R","E","R","M","R","B"],"character_chosen":"WATCHER","items_purchased":["Centennial Puzzle"],"campfire_rested":4,"item_purchase_floors":[10],"current_hp_per_floor":[72,72,72,72,72,11,32,10,10,10,31,11,32,29,50,0,0],"gold":123,"neow_bonus":"THREE_ENEMY_KILL","is_daily":false,"chose_seed":false,"campfire_upgraded":0,"win_rate":0.0,"timestamp":1612573702,"path_taken":["M","M","M","?","?","E","R","E","T","$","R","E","R","M","R","BOSS"],"items_purchased_type":["Relic"],"build_version":"2020-12-22","purchased_purges":1,"victory":false,"max_hp_per_floor":[72,72,72,72,72,72,72,72,72,72,72,72,72,72,72,72,72],"card_choices":[{"not_picked":["MentalFortress","ThirdEye","Conclude"],"picked":"SKIP","floor":1},{"not_picked":["EmptyMind","Collect","ThirdEye"],"picked":"SKIP","floor":2},{"not_picked":["Collect","EmptyFist","Protect"],"picked":"SKIP","floor":3},{"not_picked":["Wallop","Protect","Sanctity"],"picked":"SKIP","floor":6},{"not_picked":["CrushJoints","Adaptation"],"picked":"Devotion","floor":8},{"not_picked":["Replay:Anticipation","Evaluate","Consecrate"],"picked":"SKIP","floor":12},{"not_picked":["CrushJoints","FollowUp","Sanctity"],"picked":"SKIP","floor":14}],"player_experience":271778,"relics_obtained":[{"floor":6,"key":"FossilizedHelix"},{"floor":8,"key":"Girya"},{"floor":9,"key":"Replay:Purple Gloves"},{"floor":12,"key":"Peace Pipe"}],"event_choices":[{"damage_healed":0,"gold_gain":100,"player_choice":"Pray","damage_taken":0,"max_hp_gain":0,"max_hp_loss":0,"event_name":"Golden Shrine","floor":5,"gold_loss":0}],"is_beta":false,"boss_relics":[],"items_purged_floors":[10],"is_endless":false,"potions_floor_spawned":[1,2,8,12],"killed_by":"Hexaghost","ascension_level":4}}