{"host":"c0rqchpxu0yjpthq","time":1612591642,"event":{"mods":["Arknights","BaseMod","Challenge The Spire","HololiveMod","Minty Spire (QoL Compilation)","Relic Stats","Spicy Shops","StSLib"],"gold_per_floor":[624,78,411,747,1107,1107,682,187,535,880,1246,1246,134,30,387,750,1104,1473],"floor_reached":19,"language":"ZHS","playtime":1233,"items_purged":["Hololive_Strike","Hololive_Strike+1"],"score":6405,"play_id":"909e7730-db61-4c40-a56a-be1220ff3e60","local_time":"20210206140722","daily_mods":["Heirloom","Cursed Run","Midas","challengethespire:Modded Boss Rush","challengethespire:Platinum Difficulty","Uncertain Future"],"is_ascension_mode":true,"campfire_choices":[],"circlet_count":0,"master_deck":["AscendersBane","Hololive_Defend+1","Hololive_Defend+1","Hololive_StrengthChampion+1","Hololive_CallHoshimachiSuisei","Hololive_CallAkaiHaato","Hololive_CallAZKi","Hololive_CallYuzukiChoco","Hololive_CallCivia","Hololive_StrengthChampion+1","Hololive_CallDoris+1","Hololive_Psychosis+1","Hololive_Thief+1","Hololive_FlyingPonyTail+1","Hololive_AWSL","Parasite","Panache+1","Apotheosis+1","Impatience+1","Hololive_OpenUp+1","Hololive_CallAmaneKanata+1","Hololive_CallHoshimachiSuisei+1","Hololive_StrengthChampion+1","Hololive_Psychosis+1","Parasite","Panache+1","Hololive_CallAyundaRisu+1","Hololive_IdolExercise+1","Hololive_CallAiraniIofifteen+1","Hololive_MaximGun+1"],"relics":["Cursed Key","Darkstone Periapt","Du-Vu Doll","The Courier","Molten Egg 2","Toxic Egg 2","Frozen Egg 2","Shovel","Medical Kit","Membership Card","Toolbox","Gremlin Horn","Mango","Bronze Scales","Anchor","Whetstone","Mercury Hourglass","HornCleat","Coffee Dripper","StrikeDummy","Blue Candle","Pear","Lee\u0027s Waffle","HandDrill","CeramicFish","Bird Faced Urn","Centennial Puzzle","InkBottle","Bottled Tornado","SlaversCollar","Bag of Marbles","Kunai","Bag of Preparation","Ornamental Fan","Potion Belt","Vajra","Shuriken","Oddly Smooth Stone","White Beast Statue","Orichalcum","Boot","TungstenRod","Strawberry","Lantern","DollysMirror","War Paint","Akabeko","Gambling Chip","Turnip","Dead Branch"],"acts_visited":["Exordium"],"potions_floor_usage":[18,18,18,18],"damage_taken":[{"damage":0,"enemies":"Slime Boss","floor":3,"turns":4},{"damage":0,"enemies":"Hexaghost","floor":4,"turns":5},{"damage":0,"enemies":"The Guardian","floor":5,"turns":5},{"damage":0,"enemies":"Collector","floor":9,"turns":5},{"damage":0,"enemies":"Automaton","floor":10,"turns":5},{"damage":0,"enemies":"Champ","floor":11,"turns":4},{"damage":0,"enemies":"Donu and Deca","floor":15,"turns":4},{"damage":0,"enemies":"Time Eater","floor":16,"turns":7},{"damage":111,"enemies":"Awakened One","floor":17,"turns":6},{"damage":0,"enemies":"The Heart","floor":18,"turns":6}],"seed_played":"304765503881025118","potions_obtained":[{"floor":4,"key":"Dexterity Potion"},{"floor":5,"key":"Weak Potion"},{"floor":9,"key":"Block Potion"},{"floor":15,"key":"EssenceOfSteel"},{"floor":16,"key":"GamblersBrew"},{"floor":17,"key":"SkillPotion"},{"floor":18,"key":"SteroidPotion"}],"is_trial":true,"path_per_floor":["$","$","M","M","M","T","$","$","M","M","M","T","$","$","M","M","M","M",null],"character_chosen":"Hololive_HololiveCharacter","items_purchased":["Medical Kit","Membership Card","Toolbox","Gremlin Horn","Mango","Bronze Scales","Anchor","StrikeDummy","Blue Candle","Pear","Hololive_Thief+1","Hololive_FlyingPonyTail+1","Hololive_AWSL","Lee\u0027s Waffle","HandDrill","CeramicFish","Bird Faced Urn","Panache+1","Apotheosis+1","Impatience+1","FairyPotion","Bag of Marbles","Hololive_StrengthChampion+1","Hololive_Psychosis+1","Kunai","Bag of Preparation","Ornamental Fan","Potion Belt","Vajra","Shuriken","Oddly Smooth Stone","White Beast Statue","Orichalcum","Boot","TungstenRod","Strawberry","Lantern","DollysMirror","War Paint"],"campfire_rested":0,"item_purchase_floors":[1,2,2,2,2,2,2,7,7,7,7,7,7,8,8,8,8,8,8,8,13,13,13,13,13,13,13,13,13,13,13,13,13,13,13,13,14,14,14],"current_hp_per_floor":[27,41,41,41,41,41,51,67,68,69,70,70,77,83,84,85,25,50],"gold":1473,"neow_bonus":"","is_daily":false,"chose_seed":false,"campfire_upgraded":0,"win_rate":0.0,"timestamp":1612591642,"path_taken":["$","$","M","M","M","T","$","$","M","M","M","T","$","$","M","M","M","M"],"items_purchased_type":["Relic","Relic","Relic","Relic","Relic","Relic","Relic","Relic","Relic","Relic","Card","Card","Card","Relic","Relic","Relic","Relic","Card","Card","Card","Potion","Relic","Card","Card","Relic","Relic","Relic","Relic","Relic","Relic","Relic","Relic","Relic","Relic","Relic","Relic","Relic","Relic","Relic"],"build_version":"2020-12-22","purchased_purges":2,"victory":true,"max_hp_per_floor":[30,44,44,44,44,44,54,67,68,69,70,70,77,83,84,85,86,87],"relic_stats":{"Darkstone Periapt":12,"Gremlin Horn":[7,7],"CeramicFish":126,"Bag of Preparation":[8],"Whetstone":["Hololive_Strike","Hololive_StrengthChampion"],"Cursed Key":0,"Boot":[2],"Centennial Puzzle":[3],"Shovel":0,"Gambling Chip":[4],"HandDrill":[18],"Kunai":[3],"InkBottle":[17],"Lee\u0027s Waffle":10,"counters":[10,51],"Blue Candle":[12],"Dead Branch":[0],"Orichalcum":[48],"War Paint":["Hololive_Defend","Hololive_Defend"],"Medical Kit":[7],"Mercury Hourglass":[141],"Ornamental Fan":[12],"Shuriken":[3],"Bronze Scales":[231],"Bird Faced Urn":[34],"Turnip":[2],"obtain_stats":[{"Gremlin Horn":2,"CeramicFish":8,"Vajra":13,"Whetstone":3,"Bottled Tornado":11,"Boot":13,"Centennial Puzzle":9,"HornCleat":5,"DollysMirror":14,"Strawberry":13,"HandDrill":8,"Kunai":13,"Toxic Egg 2":0,"Pear":7,"Blue Candle":7,"Dead Branch":18,"Oddly Smooth Stone":13,"War Paint":14,"Akabeko":15,"Du-Vu Doll":0,"SlaversCollar":12,"Shuriken":13,"Bronze Scales":2,"Bird Faced Urn":8,"Molten Egg 2":0,"StrikeDummy":7,"Darkstone Periapt":0,"Lantern":14,"Mango":2,"Bag of Preparation":13,"Cursed Key":0,"Shovel":0,"Gambling Chip":16,"Toolbox":2,"InkBottle":10,"Potion Belt":13,"Lee\u0027s Waffle":8,"The Courier":0,"Frozen Egg 2":0,"Orichalcum":13,"Medical Kit":1,"White Beast Statue":13,"Mercury Hourglass":4,"Anchor":2,"Ornamental Fan":13,"Turnip":17,"Coffee Dripper":6,"Bag of Marbles":13,"Membership Card":2,"TungstenRod":13},{"Gremlin Horn":0,"CeramicFish":3,"Vajra":6,"Whetstone":1,"Bottled Tornado":6,"Boot":6,"Centennial Puzzle":4,"HornCleat":3,"DollysMirror":6,"Strawberry":6,"HandDrill":3,"Kunai":6,"Toxic Egg 2":0,"Pear":3,"Blue Candle":3,"Dead Branch":10,"Oddly Smooth Stone":6,"War Paint":6,"Akabeko":7,"Du-Vu Doll":0,"SlaversCollar":6,"Shuriken":6,"Bronze Scales":0,"Bird Faced Urn":3,"Molten Egg 2":0,"StrikeDummy":3,"Darkstone Periapt":0,"Lantern":6,"Mango":0,"Bag of Preparation":6,"Cursed Key":0,"Shovel":0,"Gambling Chip":8,"Toolbox":0,"InkBottle":5,"Potion Belt":6,"Lee\u0027s Waffle":3,"The Courier":0,"Frozen Egg 2":0,"Orichalcum":6,"Medical Kit":0,"White Beast Statue":6,"Mercury Hourglass":2,"Anchor":0,"Ornamental Fan":6,"Turnip":9,"Coffee Dripper":3,"Bag of Marbles":6,"Membership Card":0,"TungstenRod":6},{"Gremlin Horn":0,"CeramicFish":14,"Vajra":28,"Whetstone":4,"Bottled Tornado":28,"Boot":28,"Centennial Puzzle":19,"HornCleat":14,"DollysMirror":28,"Strawberry":28,"HandDrill":14,"Kunai":28,"Toxic Egg 2":0,"Pear":14,"Blue Candle":14,"Dead Branch":51,"Oddly Smooth Stone":28,"War Paint":28,"Akabeko":32,"Du-Vu Doll":0,"SlaversCollar":28,"Shuriken":28,"Bronze Scales":0,"Bird Faced Urn":14,"Molten Egg 2":0,"StrikeDummy":14,"Darkstone Periapt":0,"Lantern":28,"Mango":0,"Bag of Preparation":28,"Cursed Key":0,"Shovel":0,"Gambling Chip":39,"Toolbox":0,"InkBottle":24,"Potion Belt":28,"Lee\u0027s Waffle":14,"The Courier":0,"Frozen Egg 2":0,"Orichalcum":28,"Medical Kit":0,"White Beast Statue":28,"Mercury Hourglass":9,"Anchor":0,"Ornamental Fan":28,"Turnip":45,"Coffee Dripper":14,"Bag of Marbles":28,"Membership Card":0,"TungstenRod":28}],"TungstenRod":4},"card_choices":[],"player_experience":21546,"relics_obtained":[{"floor":3,"key":"Whetstone"},{"floor":4,"key":"Mercury Hourglass"},{"floor":5,"key":"HornCleat"},{"floor":9,"key":"Centennial Puzzle"},{"floor":10,"key":"InkBottle"},{"floor":11,"key":"Bottled Tornado"},{"floor":15,"key":"Akabeko"},{"floor":16,"key":"Gambling Chip"},{"floor":17,"key":"Turnip"},{"floor":18,"key":"Dead Branch"}],"event_choices":[],"is_beta":false,"boss_relics":[{"not_picked":["Astrolabe","Sozu"],"picked":"Coffee Dripper"},{"not_picked":["Velvet Choker","Hololive_TopUpMoneyS"],"picked":"SlaversCollar"}],"items_purged_floors":[2,8],"is_endless":false,"potions_floor_spawned":[4,5,9,15,16,17,18],"ascension_level":20}}