{"host":"91blwi3hgehj6ch9","time":1612619035,"event":{"mods":["2.2 Compatiblity","AchievementEnabler","BaseMod","Colored Map","DeckTracker","Keyboard Shortcuts","Minty Spire (QoL Compilation)","Permanent Neow","Quick Restart","StSLib","SuperFastMode","everything is the same but u backflip on backflip"],"gold_per_floor":[16,16,16,16,16,16,34,66,78,105,117,148,160,191,203,215,215],"floor_reached":16,"language":"KOR","playtime":613,"items_purged":[],"score":180,"play_id":"afceb7fc-21e7-4693-925a-9ff4e8601930","local_time":"20210206224355","is_ascension_mode":true,"campfire_choices":[{"data":"Neutralize","floor":6,"key":"SMITH"},{"data":"Footwork","floor":11,"key":"SMITH"},{"data":"Acrobatics","floor":13,"key":"SMITH"},{"floor":15,"key":"REST"}],"circlet_count":0,"master_deck":["AscendersBane","Strike_G","Strike_G","Strike_G","Strike_G","Strike_G","Defend_G","Defend_G","Survivor","Neutralize+1","Well Laid Plans+1","Blur","Footwork+1","Acrobatics+1","Dodge and Roll"],"relics":["Ring of the Snake","Kunai","Ornamental Fan","MawBank","Mummified Hand"],"acts_visited":["Exordium"],"potions_floor_usage":[8,12],"damage_taken":[{"damage":0,"enemies":"2 Louse","floor":1,"turns":3},{"damage":1,"enemies":"Jaw Worm","floor":7,"turns":4},{"damage":28,"enemies":"3 Sentries","floor":8,"turns":11},{"damage":0,"enemies":"Small Slimes","floor":10,"turns":3},{"damage":11,"enemies":"Exordium Thugs","floor":12,"turns":8},{"damage":9,"enemies":"2 Fungi Beasts","floor":14,"turns":4},{"damage":42,"enemies":"Slime Boss","floor":16,"turns":18}],"seed_played":"-8465351094722314339","potions_obtained":[{"floor":1,"key":"LiquidBronze"},{"floor":8,"key":"Regen Potion"}],"is_trial":false,"path_per_floor":["M","?","?","T","?","R","M","E","T","M","R","M","R","M","R","B"],"character_chosen":"THE_SILENT","items_purchased":[],"campfire_rested":1,"item_purchase_floors":[],"current_hp_per_floor":[59,59,54,54,54,54,53,25,25,25,25,29,29,20,39,0,0],"gold":215,"neow_bonus":"REMOVE_TWO","is_daily":false,"chose_seed":false,"campfire_upgraded":3,"win_rate":0.0,"timestamp":1612619035,"path_taken":["M","?","?","?","?","R","M","E","T","M","R","M","R","M","R","BOSS"],"items_purchased_type":[],"build_version":"2020-12-22","purchased_purges":0,"victory":false,"max_hp_per_floor":[66,66,66,66,66,66,66,66,66,66,66,66,66,66,66,66,66],"card_choices":[{"not_picked":["Underhanded Strike","Accuracy"],"picked":"Well Laid Plans","floor":1},{"not_picked":["Caltrops","Prepared"],"picked":"Blur","floor":7},{"not_picked":["Cloak And Dagger","Venomology","Dodge and Roll"],"picked":"SKIP","floor":8},{"not_picked":["Sucker Punch","Accuracy"],"picked":"Footwork","floor":10},{"not_picked":["Underhanded Strike","Accuracy"],"picked":"Acrobatics","floor":12},{"not_picked":["Flying Knee","Eviscerate"],"picked":"Dodge and Roll","floor":14}],"player_experience":195168,"relics_obtained":[{"floor":4,"key":"Ornamental Fan"},{"floor":8,"key":"MawBank"},{"floor":9,"key":"Mummified Hand"}],"event_choices":[{"cards_removed":["Defend_G"],"damage_healed":0,"gold_gain":0,"player_choice":"Forget","damage_taken":0,"max_hp_gain":0,"max_hp_loss":0,"event_name":"Living Wall","floor":2,"gold_loss":0},{"damage_healed":0,"gold_gain":0,"player_choice":"Success","damage_taken":5,"relics_obtained":["Kunai"],"max_hp_gain":0,"max_hp_loss":0,"event_name":"Scrap Ooze","floor":3,"gold_loss":0},{"damage_healed":0,"gold_gain":0,"player_choice":"Forge","damage_taken":0,"max_hp_gain":0,"max_hp_loss":0,"event_name":"Accursed Blacksmith","floor":5,"gold_loss":0,"cards_upgraded":["Well Laid Plans"]}],"is_beta":false,"boss_relics":[],"items_purged_floors":[],"is_endless":false,"potions_floor_spawned":[1,8],"killed_by":"Slime Boss","ascension_level":16}}