{"host":"8xp52u5o8fcssvzz","time":1612650963,"event":{"mods":["2.2 Compatiblity","AchievementEnabler","Act Like it!","Aspiration","BaseMod","Better Altar","Better Match","Better Note","Better Sensory Stone","Better Skull","Better Third Choice","BetterRewards","Colored Map","Conspire","Downfall","Gensokyo","GifTheSpireLib","Googly Eyes","Halation","Hallownest","Highlight Path","Hubris","Infinite Spire","Jorbs\u0027s Wanderer Trilogy","Koishi","Lobotomy","LobotomyExtend","Marisa????????","Menagerie","Mimic Mod","Minty Spire (QoL Compilation)","Reimu??????","Remilia??????","Replay The Spire","Shade Mod","Spicy Shops","StSLib","Stuff the Spire","The Administrix","The Blackbeard","The Bladedancer","The Construct","The Cursed","The Gatherer","The Necromancer","The Runesmith","The Servant 0.9.4","The Valiant","TheFirefly","TheSwordswoman","Unceasing Turn Reminder","everything is the same but u backflip on backflip"],"gold_per_floor":[99,114,114,129,129,129,163,163,189,202,202,220,220,220,220,220,220],"floor_reached":16,"language":"ENG","playtime":1105,"items_purged":[],"score":120,"play_id":"04bb262b-c48b-4fb6-b2a5-191be0a35a46","local_time":"20210206143603","is_ascension_mode":true,"campfire_choices":[{"floor":6,"key":"REST"},{"floor":8,"key":"REST"},{"data":"AdministrixMod:LifeforceNet","floor":11,"key":"SMITH"},{"floor":13,"key":"REST"},{"data":"Clothesline","floor":15,"key":"SMITH"}],"circlet_count":0,"master_deck":["AdministrixMod:LifeforceNet+1","Strike_R","Strike_R","Strike_R","Strike_R","Strike_R","Defend_R","Defend_R","Defend_R","Defend_R","Bash","Corruption","StuffTheSpire:RockThrow","Heavy Blade","Clothesline+1","Ghostly Armor","Headbutt+1","Iron Wave+1"],"relics":["Burning Blood","LetterFromLob","Molten Egg 2","StuffTheSpire:TintedRock","aspiration:HiddenCompartment"],"acts_visited":["Exordium"],"potions_floor_usage":[16],"damage_taken":[{"damage":16,"enemies":"Cultist","floor":1,"turns":5},{"damage":4,"enemies":"Small Slimes","floor":2,"turns":4},{"damage":19,"enemies":"Jaw Worm","floor":4,"turns":5},{"damage":81,"enemies":"Gremlin Nob","floor":7,"turns":7},{"damage":14,"enemies":"Red Slaver","floor":10,"turns":4},{"damage":11,"enemies":"Looter","floor":12,"turns":3},{"damage":89,"enemies":"The Guardian","floor":16,"turns":13}],"seed_played":"-7333158920765258564","potions_obtained":[{"floor":4,"key":"DuplicationPotion"},{"floor":7,"key":"SmokeBomb"}],"is_trial":false,"path_per_floor":["M","M","?","M","?","R","E","R","T","M","R","M","R","?","R","B"],"character_chosen":"IRONCLAD","items_purchased":[],"campfire_rested":3,"item_purchase_floors":[],"current_hp_per_floor":[70,72,72,59,59,80,30,54,54,46,46,41,65,65,65,0,0],"gold":220,"neow_bonus":"ONE_RANDOM_RARE_CARD","is_daily":false,"chose_seed":false,"campfire_upgraded":2,"win_rate":0.0,"timestamp":1612650963,"path_taken":["M","M","?","M","?","R","E","R","T","M","R","M","R","?","R","BOSS"],"items_purchased_type":[],"build_version":"2020-12-22","purchased_purges":0,"victory":false,"max_hp_per_floor":[80,80,80,80,80,80,80,80,80,80,80,80,80,80,80,80,80],"card_choices":[{"not_picked":["Battle Trance","ReplayTheSpireMod:LeadingStrike"],"picked":"StuffTheSpire:RockThrow","floor":1},{"not_picked":["ReplayTheSpireMod:Strike From Hell","Run Through"],"picked":"Heavy Blade","floor":2},{"not_picked":["Run Through","Anger"],"picked":"Clothesline","floor":4},{"not_picked":["Clash+1","Flex"],"picked":"Ghostly Armor","floor":7},{"not_picked":["Disarm","StuffTheSpire:RockThrow+1"],"picked":"Headbutt+1","floor":10},{"not_picked":["Shrug It Off","Armaments"],"picked":"Iron Wave+1","floor":12}],"player_experience":476884,"relics_obtained":[{"floor":4,"key":"LetterFromLob"},{"floor":7,"key":"StuffTheSpire:TintedRock"},{"floor":9,"key":"aspiration:HiddenCompartment"}],"event_choices":[{"cards_removed":["Injury"],"damage_healed":0,"gold_gain":0,"player_choice":"Removed Curses","damage_taken":0,"max_hp_gain":0,"max_hp_loss":0,"event_name":"Fountain of Cleansing","floor":14,"gold_loss":0}],"is_beta":false,"boss_relics":[],"items_purged_floors":[],"is_endless":false,"potions_floor_spawned":[4,7,12],"killed_by":"The Guardian","ascension_level":4}}