{"host":"5ufjw2f7bgq61zcq","time":1612626071,"event":{"mods":["BaseMod","Googly Eyes","Hermit","Minty Spire (QoL Compilation)","Permanent Neow","StSLib"],"gold_per_floor":[366,366,120,134,84,84,118,138,138,213,275,295,323,341,341,443,443,459,471,471,139,150,150,216,216,216,250,276,307,332,347,347,347,347],"floor_reached":33,"language":"ENG","playtime":6337,"items_purged":["hermit:Strike_Hermit","hermit:Defend_Hermit"],"score":322,"play_id":"0aa37f17-1fc3-4f60-9217-9a8c9ed300ce","local_time":"20210206094111","is_ascension_mode":false,"campfire_choices":[{"data":"hermit:Vantage","floor":6,"key":"SMITH"},{"data":"hermit:Dive","floor":15,"key":"SMITH"},{"data":"hermit:Dive","floor":23,"key":"SMITH"},{"data":"hermit:CalledShot","floor":32,"key":"SMITH"}],"circlet_count":0,"master_deck":["hermit:Strike_Hermit","hermit:Defend_Hermit","hermit:Snapshot","hermit:Covet","Shame","hermit:Spite","hermit:Vantage+1","hermit:FlashPowder","hermit:Ricochet","hermit:BigShot","hermit:Dive+1","hermit:FlashPowder","hermit:Grudge","hermit:LowProfile","hermit:Grudge","hermit:DeadOrAlive","hermit:FatalDesire+1","hermit:Feint+1","hermit:RoundhouseKick+1","hermit:Dive+1","Panache","hermit:CalledShot+1","hermit:Midnight","RitualDagger","hermit:CalledShot+1","hermit:BigShot+1"],"relics":["hermit:Momento","The Courier","Pen Nib","Eternal Feather","Gremlin Horn","Astrolabe","Bronze Scales","Pocketwatch","Question Card","Happy Flower"],"acts_visited":["Exordium","TheCity"],"potions_floor_usage":[11,13,16,19,22,27,31],"damage_taken":[{"damage":6.0,"enemies":"Jaw Worm","floor":1.0,"turns":3.0},{"damage":0,"enemies":"Cultist","floor":4,"turns":3},{"damage":0,"enemies":"Lagavulin","floor":7,"turns":8},{"damage":3,"enemies":"2 Louse","floor":8,"turns":3},{"damage":7,"enemies":"Lagavulin Event","floor":11,"turns":5},{"damage":3,"enemies":"Large Slime","floor":12,"turns":6},{"damage":5,"enemies":"3 Sentries","floor":13,"turns":6},{"damage":0,"enemies":"Red Slaver","floor":14,"turns":3},{"damage":4,"enemies":"The Guardian","floor":16,"turns":13},{"damage":0,"enemies":"Chosen","floor":18,"turns":5},{"damage":16,"enemies":"Spheric Guardian","floor":19,"turns":8},{"damage":0,"enemies":"Snake Plant","floor":22,"turns":5},{"damage":14,"enemies":"Book of Stabbing","floor":24,"turns":7},{"damage":7,"enemies":"Gremlin Leader","floor":27,"turns":5},{"damage":0,"enemies":"Centurion and Healer","floor":29,"turns":4},{"damage":0,"enemies":"Snecko","floor":30,"turns":4},{"damage":0,"enemies":"3 Cultists","floor":31,"turns":3},{"damage":60,"enemies":"Champ","floor":33,"turns":10}],"seed_played":"434428269252691647","potions_obtained":[{"floor":2.0,"key":"DuplicationPotion"},{"floor":2.0,"key":"hermit:Tonic"},{"floor":2.0,"key":"BlessingOfTheForge"},{"floor":4,"key":"Energy Potion"},{"floor":13,"key":"Block Potion"},{"floor":14,"key":"Strength Potion"},{"floor":18,"key":"Explosive Potion"},{"floor":19,"key":"SpeedPotion"},{"floor":24,"key":"LiquidMemories"},{"floor":30,"key":"SpeedPotion"}],"is_trial":false,"path_per_floor":["M","?","$","M","?","R","E","M","T","?","?","M","E","M","R","B",null,"M","M","?","$","M","R","E","?","T","E","T","M","M","M","R","B"],"character_chosen":"HERMIT","items_purchased":["hermit:Vantage","hermit:FlashPowder","hermit:Ricochet","Bronze Scales","Panache"],"campfire_rested":0,"item_purchase_floors":[3,3,3,21,21],"current_hp_per_floor":[69,69,69,69,69,69,69,66,66,55,48,45,40,40,49,45,75,75,59,59,59,59,71,57,51,51,44,44,44,44,44,59,0,0],"gold":347,"neow_bonus":"TWO_FIFTY_GOLD","is_daily":false,"chose_seed":false,"campfire_upgraded":4,"win_rate":0.0,"timestamp":1612626071,"path_taken":["M","?","$","?","?","R","E","M","T","?","?","M","E","M","R","BOSS","M","M","?","$","?","R","E","?","T","E","?","M","M","?","R","BOSS"],"items_purchased_type":["Card","Card","Card","Relic","Card"],"build_version":"2020-12-22","purchased_purges":2,"victory":false,"max_hp_per_floor":[75,75,75,75,75,75,75,75,75,75,75,75,75,75,75,75,75,75,75,75,75,75,75,75,75,75,75,75,75,75,75,75,75,75],"card_choices":[{"not_picked":["hermit:Virtue","hermit:WideOpen"],"picked":"hermit:Spite","floor":1.0},{"not_picked":["hermit:Glare","hermit:Gestalt"],"picked":"hermit:BigShot","floor":4},{"not_picked":["hermit:LowProfile","hermit:Coalescence"],"picked":"hermit:Dive","floor":7},{"not_picked":["hermit:DeadMansHand","hermit:LowProfile"],"picked":"hermit:FlashPowder","floor":8},{"not_picked":["hermit:RoundhouseKick","hermit:DeadMansHand"],"picked":"hermit:Grudge","floor":12},{"not_picked":["hermit:Glare","hermit:SprayPray"],"picked":"hermit:LowProfile","floor":13},{"not_picked":["hermit:Virtue","hermit:TakeAim"],"picked":"hermit:Grudge","floor":14},{"not_picked":["hermit:FromBeyond","hermit:Adapt"],"picked":"hermit:DeadOrAlive","floor":16},{"not_picked":["hermit:Roulette+1","hermit:Gestalt"],"picked":"hermit:Dive","floor":18},{"not_picked":["hermit:Feint","hermit:Glare","hermit:SprayPray"],"picked":"SKIP","floor":19},{"not_picked":["hermit:Vantage","hermit:Malice"],"picked":"hermit:CalledShot+1","floor":22},{"not_picked":["hermit:Misfire","hermit:Determination"],"picked":"hermit:Midnight","floor":24},{"not_picked":["hermit:Brawl","hermit:ItchyTrigger+1","hermit:Virtue"],"picked":"SKIP","floor":27},{"not_picked":["hermit:WideOpen","hermit:ItchyTrigger","hermit:Cheat"],"picked":"hermit:CalledShot","floor":29},{"not_picked":["hermit:Manifest","hermit:Midnight","hermit:Vantage+1"],"picked":"hermit:BigShot+1","floor":30},{"not_picked":["hermit:ItchyTrigger+1","hermit:Shortfuse","hermit:Quickdraw","hermit:Dive"],"picked":"SKIP","floor":31}],"player_experience":77225,"relics_obtained":[{"floor":7,"key":"The Courier"},{"floor":9,"key":"Pen Nib"},{"floor":13,"key":"Gremlin Horn"},{"floor":24,"key":"Pocketwatch"},{"floor":27,"key":"Question Card"},{"floor":28,"key":"Happy Flower"}],"event_choices":[{"damage_healed":0.0,"max_hp_gain":0.0,"max_hp_loss":0.0,"gold_gain":0.0,"event_name":"Lab","player_choice":"Got Potions","floor":2.0,"gold_loss":0.0,"damage_taken":0.0},{"cards_removed":["hermit:Strike_Hermit"],"damage_healed":0,"gold_gain":0,"player_choice":"Card Removal","damage_taken":0,"max_hp_gain":0,"max_hp_loss":0,"event_name":"The Cleric","floor":5,"gold_loss":50},{"damage_healed":0,"gold_gain":75,"player_choice":"Gather Gold","damage_taken":11,"max_hp_gain":0,"max_hp_loss":0,"event_name":"World of Goop","floor":10,"gold_loss":0},{"damage_healed":0,"gold_gain":0,"player_choice":"Searched \u00273\u0027 times","damage_taken":0,"relics_obtained":["Eternal Feather"],"max_hp_gain":0,"max_hp_loss":0,"event_name":"Dead Adventurer","floor":11,"gold_loss":0},{"damage_healed":0,"gold_gain":0,"player_choice":"Ignored","damage_taken":0,"max_hp_gain":0,"max_hp_loss":0,"event_name":"Fountain of Cleansing","floor":20,"gold_loss":0},{"damage_healed":0,"gold_gain":0,"player_choice":"Joined the Cult","damage_taken":6,"max_hp_gain":0,"max_hp_loss":0,"event_name":"Nest","floor":25,"gold_loss":0,"cards_obtained":["RitualDagger"]}],"is_beta":false,"boss_relics":[{"not_picked":["Tiny House","SlaversCollar"],"picked":"Astrolabe"}],"items_purged_floors":[3,21],"is_endless":false,"potions_floor_spawned":[4,7,13,14,18,19,24,30],"killed_by":"Champ","ascension_level":0}}