{"host":"31srvgftwd43oumg","time":1612593871,"event":{"mods":["BaseMod","Better Third Choice","BetterRewards","Card Forge","Downfall","Hubris","Infinite Spire","Jorbs\u0027s Wanderer Trilogy","Koishi","Luminous","Marisa????????","Minty Spire (QoL Compilation)","Remilia??????","Replay The Spire","Shop Mod","StSLib","The Bug Knight","The Cursed","The Death Knight","The Disciple","The Exalted","The Hierophant","The Mystic","The Necromancer","The Senshi"],"gold_per_floor":[117,117,117,129,143,169,169,194,217,217,243,243,278,294,294,395,395,414,429,429,429,37,37,70,70,70,101,101,101,101],"floor_reached":29,"language":"ENG","playtime":1255,"items_purged":[],"score":317,"play_id":"0cb0df10-76b1-4be9-bec8-f1bf01919bef","local_time":"20210206004431","daily_mods":["SealedDeck","Heirloom","Elite Swarm"],"is_ascension_mode":false,"campfire_choices":[{"data":"ReplayTheSpireMod:Calculation Training","floor":7,"key":"SMITH"},{"data":"Machine Learning","floor":10,"key":"SMITH"},{"data":"Rip and Tear","floor":15,"key":"SMITH"},{"data":"Glacier","floor":15,"key":"SMITH"},{"data":"Coolheaded","floor":23,"key":"SMITH"},{"data":"BootSequence","floor":23,"key":"SMITH"},{"data":"Amplify","floor":25,"key":"SMITH"},{"data":"Barrage","floor":25,"key":"SMITH"}],"circlet_count":0,"master_deck":["ReplayTheSpireMod:Calculation Training+1","Compile Driver","Compile Driver","Cold Snap","Doom and Gloom","Barrage+1","Barrage","Coolheaded+1","Ball Lightning","Glacier+1","BootSequence+1","Rip and Tear+1","Machine Learning+1","Amplify+1","Reboot+1","Creative AI+1","Seek+1","Thunder Strike+1"],"relics":["Cracked Core","Hammer of Thor","Seething Fire","Anvil of the Gods","Dead Branch","Prayer Wheel","Calipers","Art of War","hubris:BallOfYels","ReplayTheSpireMod:Lightbulb","Replay:Arrowhead","Golden Egg","Busted Crown","hubris:BottledHeart","Quantum Egg","infinitespire:PuzzleCube","StrikeDummy","Red Mask","Prayer Wheel"],"acts_visited":["Exordium","TheCity"],"potions_floor_usage":[11,29],"damage_taken":[{"damage":0,"enemies":"2 Louse","floor":1,"turns":2},{"damage":0,"enemies":"Cultist","floor":4,"turns":2},{"damage":15,"enemies":"Jaw Worm","floor":5,"turns":4},{"damage":7,"enemies":"Replay:BlueRogue","floor":6,"turns":4},{"damage":3,"enemies":"Gremlin Nob","floor":8,"turns":3},{"damage":14,"enemies":"HollowMod:MossKnight","floor":11,"turns":3},{"damage":0,"enemies":"Replay:BlueRogue","floor":13,"turns":4},{"damage":0,"enemies":"Blue Slaver","floor":14,"turns":2},{"damage":6,"enemies":"Hexaghost","floor":16,"turns":6},{"damage":0,"enemies":"Chosen","floor":18,"turns":4},{"damage":0,"enemies":"Shell Parasite","floor":19,"turns":5},{"damage":0,"enemies":"HollowMod:Nosk","floor":24,"turns":7},{"damage":0,"enemies":"Masked Bandits","floor":27,"turns":3},{"damage":6,"enemies":"Slavers","floor":29,"turns":3}],"seed_played":"-3671058051175360396","potions_obtained":[{"floor":8,"key":"SkillPotion"},{"floor":13,"key":"FearPotion"},{"floor":14,"key":"Doom Potion"},{"floor":18,"key":"SkillPotion"}],"is_trial":true,"path_per_floor":["M","?","$","M","M","E","R","E","T","R","E","T","E","M","R","B",null,"M","M","?","?","$","R","E","R","T","?","AVR","E"],"character_chosen":"DEFECT","items_purchased":["Quantum Egg","infinitespire:PuzzleCube"],"campfire_rested":0,"item_purchase_floors":[22,22],"current_hp_per_floor":[75,75,75,75,60,53,53,50,50,50,36,36,36,36,36,30,75,75,75,1,1,1,1,1,1,1,1,1,0,0],"gold":101,"neow_bonus":"","is_daily":false,"chose_seed":false,"campfire_upgraded":8,"win_rate":0.0,"timestamp":1612593871,"path_taken":["M","?","$","M","M","E","R","E","T","R","E","?","E","?","R","BOSS","M","M","?","?","$","R","E","R","T","?","AVR","E"],"items_purchased_type":["Relic","Relic"],"build_version":"2020-12-22","purchased_purges":0,"victory":false,"max_hp_per_floor":[75,75,75,75,75,75,75,75,75,75,75,75,75,75,75,75,75,75,75,1,1,1,1,1,1,1,1,1,1,1],"card_choices":[{"not_picked":["Leap","Beam Cell"],"picked":"BootSequence","floor":1},{"not_picked":["BasicCrystalCard","Turbo","Cold Snap"],"picked":"SKIP","floor":4},{"not_picked":["hubris:PowerSurge","ReplayTheSpireMod:Repulse"],"picked":"Rip and Tear","floor":5},{"not_picked":["Scrape","ReplaySort","Leap"],"picked":"SKIP","floor":5},{"not_picked":["hubris:SpecializedCircuitry","Reboot"],"picked":"Machine Learning","floor":6},{"not_picked":["Hyperbeam","Multi-Cast"],"picked":"Amplify","floor":8},{"not_picked":["Core Surge","Hyperbeam","ReplayRNGCard"],"picked":"SKIP","floor":11},{"not_picked":["Electrodynamics","hubris:SpecializedCircuitry"],"picked":"Reboot","floor":13},{"not_picked":["Stack","ReplaySort","ReplayTheSpireMod:Repulse"],"picked":"SKIP","floor":14},{"not_picked":["Turbo","Stack","Streamline"],"picked":"SKIP","floor":14},{"not_picked":["Electrodynamics","All For One"],"picked":"Creative AI","floor":16},{"not_picked":["Compile Driver"],"picked":"SKIP","floor":18},{"not_picked":["Undo"],"picked":"SKIP","floor":18},{"not_picked":["Barrage"],"picked":"SKIP","floor":19},{"not_picked":["Turbo"],"picked":"SKIP","floor":19},{"not_picked":[],"picked":"Seek","floor":24}],"player_experience":1014088,"relics_obtained":[{"floor":6,"key":"Calipers"},{"floor":8,"key":"Art of War"},{"floor":9,"key":"hubris:BallOfYels"},{"floor":11,"key":"ReplayTheSpireMod:Lightbulb"},{"floor":12,"key":"Replay:Arrowhead"},{"floor":13,"key":"Golden Egg"},{"floor":26,"key":"StrikeDummy"},{"floor":27,"key":"Red Mask"}],"event_choices":[{"damage_healed":0,"gold_gain":0,"player_choice":"Adaptability","damage_taken":0,"max_hp_gain":0,"max_hp_loss":0,"event_name":"betterThird:BetterWriting","floor":21,"gold_loss":0},{"damage_healed":0,"gold_gain":0,"player_choice":"Fought Bandits","damage_taken":0,"max_hp_gain":0,"max_hp_loss":0,"event_name":"Masked Bandits","floor":27,"gold_loss":0}],"is_beta":false,"boss_relics":[{"not_picked":["SlaversCollar","Philosopher\u0027s Stone"],"picked":"Busted Crown"}],"items_purged_floors":[],"is_endless":false,"potions_floor_spawned":[6,8,13,14,18],"killed_by":"Slavers","ascension_level":0}}