{"host":"bvp2uifzy1c463d9","time":1612655853,"event":{"mods":["AchievementEnabler","BaseMod","Block Reminder","ChefMod","Colored Map","Colored Powertips","Hermit","Highlight Path","Infinite Spire","Minty Spire (QoL Compilation)","Random Character Button","Relic Sorter","Relic Stats","Reliquary","Replay The Spire","StSLib","The Jungle","The Servant 0.9.4"],"gold_per_floor":[115,126,201,201,221,221,221],"floor_reached":6,"language":"ENG","playtime":368,"items_purged":[],"score":36,"play_id":"69f958bc-c1d7-435a-9be1-e1256779a2c5","local_time":"20210206175733","is_ascension_mode":false,"campfire_choices":[],"circlet_count":0,"master_deck":["chefmod:Strike","chefmod:Strike","chefmod:Strike","chefmod:Strike","chefmod:QuickThaw","chefmod:Defend","chefmod:Defend","chefmod:Defend","chefmod:Defend","chefmod:TodaysSpecial","chefmod:Gelato","chefmod:Granita","Pain","chefmod:SaveForLater"],"relics":["chefmod:TrustyPot","Dead Branch","WarpedTongs"],"acts_visited":["Exordium"],"potions_floor_usage":[6],"damage_taken":[{"damage":1,"enemies":"Jaw Worm","floor":1,"turns":4},{"damage":0,"enemies":"Small Slimes","floor":2,"turns":3},{"damage":5,"enemies":"Cultist","floor":5,"turns":4},{"damage":84,"enemies":"Gremlin Nob","floor":6,"turns":5}],"seed_played":"-6510334968449526462","potions_obtained":[{"floor":1,"key":"Regen Potion"},{"floor":5,"key":"FearPotion"}],"is_trial":false,"path_per_floor":["M","M","?","?","M","E"],"character_chosen":"THE_CHEF","items_purchased":[],"campfire_rested":0,"item_purchase_floors":[],"current_hp_per_floor":[68,68,57,57,52,0,0],"gold":221,"neow_bonus":"ONE_RARE_RELIC","is_daily":false,"chose_seed":false,"campfire_upgraded":0,"win_rate":0.0,"timestamp":1612655853,"path_taken":["M","M","?","?","?","E"],"items_purchased_type":[],"build_version":"2020-12-22","purchased_purges":0,"victory":false,"max_hp_per_floor":[69,69,69,69,69,69,69],"relic_stats":{"counters":[4,16],"Dead Branch":[5],"obtain_stats":[{"chefmod:TrustyPot":0,"Dead Branch":0,"WarpedTongs":4},{"chefmod:TrustyPot":0,"Dead Branch":0,"WarpedTongs":2},{"chefmod:TrustyPot":0,"Dead Branch":0,"WarpedTongs":7}],"WarpedTongs":[9]},"card_choices":[{"not_picked":["chefmod:Omelette","chefmod:FireUp"],"picked":"chefmod:Gelato","floor":1},{"not_picked":["chefmod:ZaruSoba","chefmod:Bruschetta"],"picked":"chefmod:Granita","floor":2},{"not_picked":["chefmod:Sorbet","chefmod:Defrost"],"picked":"chefmod:SaveForLater","floor":5}],"player_experience":276632,"relics_obtained":[],"event_choices":[{"damage_healed":0,"gold_gain":75,"player_choice":"Gather Gold","damage_taken":11,"max_hp_gain":0,"max_hp_loss":0,"event_name":"World of Goop","floor":3,"gold_loss":0},{"damage_healed":0,"gold_gain":0,"player_choice":"Rummage","damage_taken":0,"relics_obtained":["WarpedTongs"],"max_hp_gain":0,"max_hp_loss":0,"event_name":"Accursed Blacksmith","floor":4,"gold_loss":0,"cards_obtained":["Pain"]}],"is_beta":false,"boss_relics":[],"items_purged_floors":[],"is_endless":false,"potions_floor_spawned":[1,5],"killed_by":"Gremlin Nob","ascension_level":0}}