{"host":"6p0attdrtjqaih7v","time":1612631528,"event":{"mods":["2.2 Compatiblity","AchievementEnabler","Bard","BaseMod","Better Skull","Better Third Choice","Colored Powertips","Hermit","Highlight Path","Key Reminder","Minty Spire (QoL Compilation)","Permanent Neow","Quick Restart","Random Character Button","Relic Stats","Reliquary","Replay The Spire","Robot Space Explorer","StSLib","The Hayseed","The Witch"],"gold_per_floor":[114,114,133,151,151,177,177,212,212,239,314,314,330,342,342,342,342],"floor_reached":16,"language":"ENG","playtime":433,"items_purged":[],"score":240,"play_id":"b0c339bd-891d-4b32-ab3f-f048d452f61a","local_time":"20210206121208","is_ascension_mode":true,"campfire_choices":[{"data":"RobotSpaceExplorer:StunGrenade","floor":7,"key":"SMITH"},{"data":"RobotSpaceExplorer:IronShell","floor":12,"key":"SMITH"},{"data":"RobotSpaceExplorer:MiniLasers","floor":15,"key":"SMITH"}],"circlet_count":0,"master_deck":["AscendersBane","RobotSpaceExplorer:Strike","RobotSpaceExplorer:Strike","RobotSpaceExplorer:Strike","RobotSpaceExplorer:Strike+1","RobotSpaceExplorer:Defend","RobotSpaceExplorer:Defend","RobotSpaceExplorer:Defend","RobotSpaceExplorer:Defend","RobotSpaceExplorer:Scan","RobotSpaceExplorer:MiniLasers+1","RobotSpaceExplorer:StunGrenade+1","RobotSpaceExplorer:FrostMissile","RobotSpaceExplorer:PlasmaMissile+1","RobotSpaceExplorer:Arsenal","RobotSpaceExplorer:StunGrenade","RobotSpaceExplorer:IronShell+1","RobotSpaceExplorer:Discharger","RobotSpaceExplorer:JunkDive","RobotSpaceExplorer:GearShield"],"relics":["SacredBark","TungstenRod","Ice Cream","RobotSpaceExplorer:ToughPlating","Nunchaku"],"acts_visited":["Exordium"],"potions_floor_usage":[8,14],"damage_taken":[{"damage":7,"enemies":"Small Slimes","floor":1,"turns":3},{"damage":7,"enemies":"Jaw Worm","floor":3,"turns":6},{"damage":0,"enemies":"Cultist","floor":4,"turns":4},{"damage":42,"enemies":"Gremlin Nob","floor":6,"turns":5},{"damage":12,"enemies":"Lagavulin","floor":8,"turns":5},{"damage":26,"enemies":"3 Sentries","floor":10,"turns":6},{"damage":11,"enemies":"Blue Slaver","floor":13,"turns":4},{"damage":0,"enemies":"Lots of Slimes","floor":14,"turns":3},{"damage":35,"enemies":"The Guardian","floor":16,"turns":5}],"seed_played":"-1803539819399825798","potions_obtained":[{"floor":1,"key":"FairyPotion"},{"floor":4,"key":"FairyPotion"},{"floor":6,"key":"ColorlessPotion"},{"floor":10,"key":"Strength Potion"}],"is_trial":false,"path_per_floor":["M","?","M","M","?","E","R","E","T","E","?","R","M","M","R","B"],"character_chosen":"RobotSpaceExplorer","items_purchased":[],"campfire_rested":0,"item_purchase_floors":[],"current_hp_per_floor":[57,57,50,50,29,42,42,30,30,4,42,42,31,31,31,0,0],"gold":342,"neow_bonus":"BOSS_RELIC","is_daily":false,"chose_seed":false,"campfire_upgraded":3,"win_rate":0.0,"timestamp":1612631528,"path_taken":["M","?","M","M","?","E","R","E","T","E","?","R","M","M","R","BOSS"],"items_purchased_type":[],"build_version":"2020-12-22","purchased_purges":0,"victory":false,"max_hp_per_floor":[71,71,71,71,71,71,71,71,71,71,71,71,71,71,71,71,71],"relic_stats":{"Nunchaku":[2],"counters":[9,41],"obtain_stats":[{"Ice Cream":8,"Nunchaku":10,"SacredBark":0,"RobotSpaceExplorer:ToughPlating":9,"RobotSpaceExplorer:RoboCore":0,"TungstenRod":6},{"Ice Cream":5,"Nunchaku":6,"SacredBark":0,"RobotSpaceExplorer:ToughPlating":5,"RobotSpaceExplorer:RoboCore":0,"TungstenRod":4},{"Ice Cream":23,"Nunchaku":29,"SacredBark":0,"RobotSpaceExplorer:ToughPlating":23,"RobotSpaceExplorer:RoboCore":0,"TungstenRod":18}],"TungstenRod":12},"card_choices":[{"not_picked":["RobotSpaceExplorer:MiniDrones","RobotSpaceExplorer:ImprovisedAttack"],"picked":"RobotSpaceExplorer:StunGrenade","floor":1},{"not_picked":["RobotSpaceExplorer:MiniDrones","RobotSpaceExplorer:StarDust"],"picked":"RobotSpaceExplorer:FrostMissile","floor":3},{"not_picked":["RobotSpaceExplorer:FranticSearch","RobotSpaceExplorer:GlueSpray"],"picked":"RobotSpaceExplorer:PlasmaMissile","floor":4},{"not_picked":["RobotSpaceExplorer:StarDust","RobotSpaceExplorer:ScrapMissile"],"picked":"RobotSpaceExplorer:Arsenal","floor":6},{"not_picked":["RobotSpaceExplorer:Counterblock","RobotSpaceExplorer:GlueShot"],"picked":"RobotSpaceExplorer:StunGrenade","floor":8},{"not_picked":["RobotSpaceExplorer:Scanner","RobotSpaceExplorer:ImprovisedAttack"],"picked":"RobotSpaceExplorer:IronShell","floor":10},{"not_picked":["RobotSpaceExplorer:StunGrenade","RobotSpaceExplorer:Electroshield"],"picked":"RobotSpaceExplorer:Discharger","floor":11},{"not_picked":["RobotSpaceExplorer:ScrapMissile","RobotSpaceExplorer:LaserBurst"],"picked":"RobotSpaceExplorer:JunkDive","floor":13},{"not_picked":["RobotSpaceExplorer:SurgingShield","RobotSpaceExplorer:SlimeMissile"],"picked":"RobotSpaceExplorer:GearShield","floor":14}],"player_experience":1042190,"relics_obtained":[{"floor":6,"key":"TungstenRod"},{"floor":8,"key":"Ice Cream"},{"floor":9,"key":"RobotSpaceExplorer:ToughPlating"},{"floor":10,"key":"Nunchaku"}],"event_choices":[{"damage_healed":0,"gold_gain":0,"player_choice":"Entered Light","damage_taken":21,"max_hp_gain":0,"max_hp_loss":0,"event_name":"Shining Light","floor":5,"gold_loss":0,"cards_upgraded":["RobotSpaceExplorer:Strike","RobotSpaceExplorer:PlasmaMissile"]}],"is_beta":false,"boss_relics":[],"items_purged_floors":[],"is_endless":false,"potions_floor_spawned":[1,4,6,10],"killed_by":"The Guardian","ascension_level":20}}