{"host":"gaqyve1328ta0etl","time":1612607388,"event":{"mods":["BaseMod","Colored Map","Colored Powertips","Duelist Mod","Googly Eyes","Hero for Fun","Minty Spire (QoL Compilation)","Shop Mod","StSLib","SuperFastMode","The Hierophant","The Runesmith"],"gold_per_floor":[236,17,31,31,31,59,59,59,59,59,59,59,75,103,103,198,198,213,113,125,143,154,154,185,185,210,229,262,114,114,114,114,212,212,232,305,305,322,77,112,112,129,182,182,182,7,35,35,35,35],"floor_reached":51,"language":"ENG","playtime":2311,"items_purged":["theDuelist:Sparks","theDuelist:BeaverWarrior","theDuelist:CastleWalls","theDuelist:CastleWalls","theDuelist:CurseAnubis"],"score":966,"play_id":"51b817a2-cc13-4185-9940-52deade9dfc7","local_time":"20210206022948","is_ascension_mode":true,"campfire_choices":[{"data":"theDuelist:Blockman","floor":8,"key":"SMITH"},{"data":"theDuelist:BeaverWarrior","floor":10,"key":"SMITH"},{"floor":12,"key":"REST"},{"data":"theDuelist:HappyLover","floor":15,"key":"SMITH"},{"data":"theDuelist:ForbiddenLance","floor":23,"key":"SMITH"},{"data":"theDuelist:MiraculousDescent","floor":25,"key":"SMITH"},{"floor":32,"key":"REST"},{"data":"theDuelist:ForbiddenLance+3","floor":41,"key":"SMITH"},{"data":"theDuelist:AmuletAmbition+2","floor":44,"key":"SMITH"},{"data":"theDuelist:AmuletAmbition+3","floor":49,"key":"SMITH"}],"circlet_count":0,"master_deck":["theDuelist:FinalFlame+1","theDuelist:RainbowNeos+1","theDuelist:BeaverWarrior+1","theDuelist:GiantSoldier","theDuelist:ScrapFactory","theDuelist:Blockman+1","theDuelist:RainbowNeos","theDuelist:HappyLover+1","theDuelist:ForbiddenLance+4","theDuelist:ImperialOrder","theDuelist:MiraculousDescent+1","theDuelist:SilverApples","theDuelist:DoubleTool","theDuelist:RainbowKuriboh","theDuelist:HappyLover","theDuelist:AmuletAmbition+4","theDuelist:BattleFootballer+1"],"relics":["theDuelist:MillenniumPuzzle","theDuelist:CardPoolRelic","theDuelist:CardPoolBasicRelic","theDuelist:BoosterPackPoolRelic","theDuelist:CardPoolAddRelic","theDuelist:CardPoolMinusRelic","theDuelist:CardPoolSaveRelic","theDuelist:CardPoolOptionsRelic","theDuelist:MillenniumStone","Runesmith:AutoHammer","theDuelist:TributeEggRelic","Bronze Scales","Busted Crown","MealTicket","Boot","theDuelist:BoosterBetterBoostersRelic","Blood Vial","Empty Cage","Self Forming Clay","theDuelist:MerchantPendant","Bag of Preparation","Dream Catcher","Bag of Marbles"],"acts_visited":["Exordium","TheCity","TheBeyond"],"potions_floor_usage":[6,16,16,21,22,33,40,50],"damage_taken":[{"damage":0,"enemies":"Small Slimes","floor":1,"turns":3},{"damage":0,"enemies":"Jaw Worm","floor":3,"turns":3},{"damage":14,"enemies":"Gremlin Nob","floor":6,"turns":4},{"damage":0,"enemies":"2 Louse","floor":13,"turns":3},{"damage":0,"enemies":"Lagavulin","floor":14,"turns":6},{"damage":4,"enemies":"Hexaghost","floor":16,"turns":9},{"damage":5,"enemies":"Chosen","floor":18,"turns":3},{"damage":0,"enemies":"3 Byrds","floor":20,"turns":4},{"damage":0,"enemies":"Centurion and Healer","floor":21,"turns":5},{"damage":0,"enemies":"Snecko","floor":22,"turns":4},{"damage":18,"enemies":"Book of Stabbing","floor":24,"turns":6},{"damage":5,"enemies":"Chosen and Byrds","floor":27,"turns":4},{"damage":27,"enemies":"Gremlin Leader","floor":28,"turns":11},{"damage":0,"enemies":"Champ","floor":33,"turns":15},{"damage":1,"enemies":"3 Darklings","floor":35,"turns":9},{"damage":0,"enemies":"Orb Walker","floor":38,"turns":5},{"damage":0,"enemies":"Nemesis","floor":40,"turns":5},{"damage":0,"enemies":"Maw","floor":42,"turns":8},{"damage":0,"enemies":"Giant Head","floor":47,"turns":8},{"damage":0,"enemies":"Donu and Deca","floor":50,"turns":11}],"seed_played":"2237992968015552078","potions_obtained":[{"floor":3,"key":"AttackPotion"},{"floor":13,"key":"EntropicBrew"},{"floor":20,"key":"AttackPotion"},{"floor":21,"key":"theDuelist:SealedPackD"},{"floor":24,"key":"FearPotion"},{"floor":35,"key":"theDuelist:FreezingPotion"},{"floor":47,"key":"theDuelist:SealedPackC"}],"is_trial":false,"path_per_floor":["M","$","M","?","?","E","?","R","T","R","?","R","M","E","R","B",null,"M","$","M","M","M","R","E","R","T","M","E","$","?","?","R","B",null,"M","T","?","M","$","E","R","M","T","R","?","$","E","$","R","B",null],"character_chosen":"THE_DUELIST","items_purchased":["theDuelist:MillenniumStone","Blood Vial","theDuelist:MerchantPendant"],"campfire_rested":2,"item_purchase_floors":[2,29,39],"current_hp_per_floor":[80,74,74,74,74,60,54,54,54,54,54,74,74,74,74,70,74,69,69,69,69,69,69,51,51,51,46,19,34,34,34,56,58,74,73,73,73,74,74,74,74,74,74,74,86,86,86,86,86,86],"gold":35,"neow_bonus":"HUNDRED_GOLD","is_daily":false,"chose_seed":false,"campfire_upgraded":8,"win_rate":0.0,"timestamp":1612607388,"path_taken":["M","$","M","?","?","E","?","R","T","R","?","R","M","E","R","BOSS","M","$","M","M","?","R","E","R","T","M","E","$","?","?","R","BOSS","M","?","?","M","$","E","R","?","T","R","?","$","E","$","R","BOSS"],"items_purchased_type":["Relic","Relic","Relic"],"build_version":"2020-12-22","purchased_purges":5,"victory":true,"max_hp_per_floor":[80,74,74,74,74,74,74,74,74,74,74,74,74,74,74,74,74,74,74,74,74,74,74,74,74,74,74,74,74,74,74,74,74,74,74,74,74,74,74,74,74,74,74,74,86,86,86,86,86,86],"card_choices":[{"not_picked":["theDuelist:SilverApples","theDuelist:WhiteMagicalHat","theDuelist:DarkBurningAttack","theDuelist:SpiritHarp"],"picked":"theDuelist:RainbowNeos","floor":1},{"not_picked":["theDuelist:FuryFire","theDuelist:BlueBloodedOni","theDuelist:PotForbidden","theDuelist:UltraPolymerization"],"picked":"theDuelist:Blockman","floor":3},{"not_picked":["theDuelist:DoubleTool","theDuelist:FluteKuriboh","theDuelist:WormApocalypse","theDuelist:CombinationAttack","theDuelist:GravityBlaster"],"picked":"SKIP","floor":6},{"not_picked":["theDuelist:DoubleTool","theDuelist:SwordDeepSeated","theDuelist:WormApocalypse","theDuelist:SparkBlaster"],"picked":"theDuelist:RainbowNeos","floor":13},{"not_picked":["theDuelist:DoubleTool","theDuelist:SilverApples","theDuelist:RainbowNeos","theDuelist:SpellShatteringArrow"],"picked":"theDuelist:HappyLover","floor":14},{"not_picked":["theDuelist:Wildfire","theDuelist:LightningBlade","theDuelist:LightLaser","theDuelist:FeatherShot"],"picked":"theDuelist:ForbiddenLance","floor":16},{"not_picked":["theDuelist:WhiteHowling","theDuelist:GravityAxe","theDuelist:Electrowhip"],"picked":"theDuelist:ImperialOrder","floor":18},{"not_picked":["theDuelist:DoubleTool","theDuelist:RainbowNeos","theDuelist:DeltaAttacker+1"],"picked":"SKIP","floor":20},{"not_picked":["theDuelist:SpiritHarp","theDuelist:MythicalBeast","theDuelist:Mathematician"],"picked":"SKIP","floor":21},{"not_picked":["theDuelist:ForbiddenLance","theDuelist:ImperialOrder","theDuelist:UnderworldCannon+1"],"picked":"SKIP","floor":22},{"not_picked":["theDuelist:WhiteHowling","theDuelist:GravityAxe+1","theDuelist:ElectromagneticShield"],"picked":"theDuelist:MiraculousDescent","floor":24},{"not_picked":["theDuelist:FairyBox","theDuelist:PowerWall"],"picked":"theDuelist:SilverApples","floor":27},{"not_picked":["theDuelist:Hinotama","theDuelist:CombinationAttack"],"picked":"theDuelist:DoubleTool","floor":28},{"not_picked":["theDuelist:RainbowNeos","theDuelist:Eva"],"picked":"theDuelist:RainbowKuriboh","floor":33},{"not_picked":["theDuelist:KamionTimelord","theDuelist:Eva+1"],"picked":"theDuelist:HappyLover","floor":35},{"not_picked":["theDuelist:SangaEarth","theDuelist:MythicalBeast+1","theDuelist:BigKoala+1"],"picked":"SKIP","floor":38},{"not_picked":["theDuelist:Raigeki+1","theDuelist:Mathematician+1"],"picked":"theDuelist:AmuletAmbition+2","floor":40},{"not_picked":["theDuelist:AncientGearFist","theDuelist:GravityBlaster"],"picked":"theDuelist:BattleFootballer+1","floor":42},{"not_picked":["theDuelist:RainbowNeos","theDuelist:SwordDeepSeated","theDuelist:SilentDoom+1"],"picked":"SKIP","floor":47}],"player_experience":2090591,"relics_obtained":[{"floor":6,"key":"Runesmith:AutoHammer"},{"floor":9,"key":"Runesmith:Nanobots"},{"floor":14,"key":"Bronze Scales"},{"floor":24,"key":"MealTicket"},{"floor":26,"key":"Boot"},{"floor":28,"key":"theDuelist:BoosterBetterBoostersRelic"},{"floor":36,"key":"Self Forming Clay"},{"floor":40,"key":"Bag of Preparation"},{"floor":43,"key":"Dream Catcher"},{"floor":47,"key":"Bag of Marbles"}],"event_choices":[{"damage_healed":0,"gold_gain":0,"player_choice":"Leave","duelist":true,"damage_taken":0,"max_hp_gain":0,"max_hp_loss":0,"event_name":"Millennium Items","floor":4,"gold_loss":0},{"total_magic_score":41,"gold_gain":0,"duelist":true,"damage_taken":0,"relics_obtained":[],"points":18,"max_hp_gain":0,"max_hp_loss":0,"spent_points":{"magic":0,"greed":0,"war":0,"power":0,"hunger":0},"event_name":"Nameless Tomb","floor":5,"gold_loss":0,"cards_obtained":[]},{"damage_healed":0,"gold_gain":0,"player_choice":"Dig - random Duelist relic","duelist":true,"damage_taken":0,"max_hp_gain":0,"max_hp_loss":0,"event_name":"Aknamkanon\u0027s Tomb","floor":7,"gold_loss":0},{"damage_healed":0,"gold_gain":0,"player_choice":"Scored: 675","duelist":true,"damage_taken":0,"max_hp_gain":0,"max_hp_loss":0,"event_name":"Visit from Anubis","floor":11,"gold_loss":0},{"damage_healed":0,"gold_gain":0,"player_choice":"Leave","duelist":true,"damage_taken":0,"max_hp_gain":0,"max_hp_loss":0,"event_name":"Battle City","floor":30,"gold_loss":0},{"damage_healed":0,"gold_gain":0,"player_choice":"Upgraded","damage_taken":0,"max_hp_gain":0,"max_hp_loss":0,"event_name":"Upgrade Shrine","floor":31,"gold_loss":0,"cards_upgraded":["theDuelist:ForbiddenLance"]},{"damage_healed":0,"gold_gain":0,"player_choice":"Upgraded","damage_taken":0,"max_hp_gain":0,"max_hp_loss":0,"event_name":"Upgrade Shrine","floor":37,"gold_loss":0,"cards_upgraded":["theDuelist:ForbiddenLance"]},{"damage_healed":0,"gold_gain":0,"player_choice":"Worship - 20% roll at +12 Max HP","duelist":true,"damage_taken":0,"max_hp_gain":0,"max_hp_loss":0,"event_name":"Tomb of the Nameless","floor":45,"gold_loss":0}],"is_beta":false,"boss_relics":[{"not_picked":["Sozu","theDuelist:MillenniumKey"],"picked":"Busted Crown"},{"not_picked":["theDuelist:GamblerChip","Inserter"],"picked":"Empty Cage"}],"items_purged_floors":[2,19,39,39,46],"is_endless":false,"potions_floor_spawned":[3,13,20,21,24,27,35,47],"ascension_level":1}}