{"host":"3j2m8n0ywf988fwb","time":1612608511,"event":{"mods":["2.2 Compatiblity","AchievementEnabler","Act Like it!","Aspiration","Astrologer","BaseMod","Better Altar","Better Match","Better Note","Better Sensory Stone","Better Skull","Better Third Choice","CCEM2","ChefMod","Colored Map","Colored Powertips","Conspire","Dark Map","Energized Spire","GifTheSpireLib","Halation","Hallownest","Highlight Path","Hubris","Infinite Spire","Jedi Mod","Marisa????????","Marked Mod","Mimic Mod","Minty Spire (QoL Compilation)","Monster B Gone","Random Character Button","Relic Filter Mod","Relic Stats","Reliquary","Replay The Spire","Robot Space Explorer","Shade Mod","Shop Mod","Somnambulant","StS++","StSLib","Stuff the Spire","The Bug Knight","The Elementalist","The Hierophant","The Runesmith","TheBandit","TheFirefly","Unceasing Turn Reminder","Weighted Paths","everything is the same but u backflip on backflip"],"gold_per_floor":[113,113,130,143,173,201,201,101,101,101,101,134,34,34,34,131,131,143,171,171,171,238,304,304,304,304,304,24,43,43,77,77,200,200,227,258,258,258,258,340,340,36,36,36,123,191,191,91,91,91,91],"floor_reached":50,"language":"ENG","playtime":2519,"items_purged":["Strike_MRS","hubris:Despair"],"score":655,"play_id":"57c351d6-179f-49bd-98c4-9e1ba75c7dbe","local_time":"20210206044831","is_ascension_mode":true,"campfire_choices":[{"data":"ManaRampage","floor":7,"key":"SMITH"},{"data":"MysteriousBeam","floor":10,"key":"SMITH"},{"floor":24,"key":"REST"},{"floor":25,"key":"REST"},{"data":"SatelliteIllusion","floor":30,"key":"SMITH"},{"data":"FinalSpark","floor":32,"key":"SMITH"},{"data":"Apotheosis","floor":41,"key":"SMITH"},{"data":"StarDustReverie","floor":47,"key":"SMITH"},{"floor":49,"key":"REST"}],"circlet_count":0,"master_deck":["MasterSpark","UpSweep","OortCloud+1","MysteriousBeam+1","ManaRampage+1","ChargeUpSpray+1","GasGiant","conspire:SpireCoStock","conspire:SpireCoStock","StarDustReverie+1","IllusionStar","JA","DarkMatter","ChargingUp","WitchOfGreed","GalacticHalo","LuminesStrike","ChargeUpSpray","BinaryStars","DoubleSpark","Singularity+1","Parasite","Parasite","SatelliteIllusion+1","IllusionStar","FinalSpark+1","Apotheosis+1","Flash of Steel","NonDirectionalLaser","OortCloud","NonDirectionalLaser","infinitespire:Starlight"],"relics":["MiniHakkero","conspire:TopHat","infinitespire:Beetle Shell","aspiration:FetidBarrel","Counterbalance","halation:LettersToHer","Pandora\u0027s Box","Vajra","hubris:Towel","ShroomBag","infinitespire:EvilPickle","energizedSpire:EnergizedDie","Ring of Chaos","ReplayTheSpireMod:Ring of Challenge","Mango","infinitespire:CursedDice","reliquary:Stiletto","StuffTheSpire:MayFlowers"],"acts_visited":["Exordium","TheCity","TheBeyond"],"potions_floor_usage":[16,19,23,33,44,45],"damage_taken":[{"damage":6,"enemies":"Jaw Worm","floor":1,"turns":3},{"damage":0,"enemies":"Small Slimes","floor":3,"turns":3},{"damage":6,"enemies":"2 Louse","floor":4,"turns":2},{"damage":23,"enemies":"conspire:MimicChest","floor":5,"turns":5},{"damage":10,"enemies":"Lagavulin","floor":6,"turns":7},{"damage":0,"enemies":"Gremlin Nob","floor":12,"turns":2},{"damage":17,"enemies":"Fading Forest","floor":16,"turns":11},{"damage":0,"enemies":"Spheric Guardian","floor":18,"turns":3},{"damage":0,"enemies":"2 Thieves","floor":19,"turns":3},{"damage":20,"enemies":"3 Cultists","floor":22,"turns":5},{"damage":39,"enemies":"Book of Stabbing","floor":23,"turns":6},{"damage":34,"enemies":"Centurion and Healer","floor":29,"turns":5},{"damage":1,"enemies":"Snecko","floor":31,"turns":3},{"damage":0,"enemies":"Pondfish","floor":33,"turns":7},{"damage":0,"enemies":"Orb Walker","floor":35,"turns":2},{"damage":14,"enemies":"3 Darklings","floor":36,"turns":5},{"damage":38,"enemies":"Nemesis","floor":40,"turns":5},{"damage":25,"enemies":"Sphere and 2 Shapes","floor":44,"turns":3},{"damage":25,"enemies":"Nightmare","floor":45,"turns":6},{"damage":40,"enemies":"Jaw Worm Horde","floor":46,"turns":3},{"damage":92,"enemies":"Time Eater","floor":50,"turns":10}],"seed_played":"5335238295467326002","potions_obtained":[{"floor":4,"key":"Ancient Potion"},{"floor":6,"key":"Adrenaline Potion"},{"floor":16,"key":"LifebloodPotion"},{"floor":18,"key":"Death Potion"},{"floor":19,"key":"Dexterity Potion"},{"floor":20,"key":"jedi:wingpotion"},{"floor":22,"key":"EntropicBrew"},{"floor":23,"key":"Weak Potion"},{"floor":31,"key":"infinitespire:BlackPotion"},{"floor":33,"key":"jedi:wingpotion"},{"floor":44,"key":"StSpp:InhibitionPotion"},{"floor":46,"key":"StarNLove"}],"is_trial":false,"path_per_floor":["M","?","M","M","?","E","R","?","T","R","?","E","$","$","R_BF","B",null,"M","M","?","?","M","E","R","R","T","?","$","M","R","M","R","B",null,"M","M","?","?","$","E","R","$","T","M","NM","M","R","$","R","B"],"character_chosen":"MARISA","items_purchased":["IllusionStar","ShroomBag","SatelliteIllusion","infinitespire:CursedDice"],"campfire_rested":3,"item_purchase_floors":[13,28,28,42],"current_hp_per_floor":[69,69,69,63,40,30,30,30,30,30,30,30,30,30,52,45,75,75,75,75,75,55,16,38,60,60,60,60,28,28,31,31,35,75,75,65,65,65,65,43,43,43,43,20,58,20,20,20,46,0,0],"gold":91,"neow_bonus":"RANDOM_COMMON_RELIC","is_daily":false,"chose_seed":false,"campfire_upgraded":6,"win_rate":0.0,"timestamp":1612608511,"path_taken":["M","?","M","M","?","E","R","?","T","R","?","E","?","$","R_BF","BOSS","M","M","?","?","?","E","R","R","T","?","$","M","R","?","R","BOSS","M","M","?","?","?","E","R","$","T","M","NM","M","R","$","R","BOSS"],"items_purchased_type":["Card","Relic","Card","Relic"],"build_version":"2020-12-22","purchased_purges":2,"victory":false,"max_hp_per_floor":[75,75,75,75,75,75,75,75,75,75,75,75,75,75,75,75,75,75,75,75,75,75,75,75,75,75,75,75,75,75,75,75,75,75,75,75,75,75,75,89,89,89,89,89,89,89,89,89,89,89,89],"relic_stats":{"counters":[21,99],"Pandora\u0027s Box":["DarkMatter","ChargingUp","WitchOfGreed","GalacticHalo","LuminesStrike","ChargeUpSpray","BinaryStars"],"obtain_stats":[{"AmplifyWand":33,"aspiration:FetidBarrel":6,"infinitespire:CursedDice":42,"Counterbalance":9,"Vajra":23,"energizedSpire:EnergizedDie":34,"Mango":40,"infinitespire:Beetle Shell":5,"Ring of Chaos":38,"hubris:Towel":27,"conspire:TopHat":0,"Mercury Hourglass":22,"infinitespire:EvilPickle":33,"ShroomBag":28,"StuffTheSpire:MayFlowers":45,"Pandora\u0027s Box":17,"reliquary:Stiletto":43,"MiniHakkero":0,"ReplayTheSpireMod:Ring of Challenge":38,"halation:LettersToHer":12},{"AmplifyWand":14,"aspiration:FetidBarrel":5,"infinitespire:CursedDice":17,"Counterbalance":5,"Vajra":11,"energizedSpire:EnergizedDie":14,"Mango":17,"infinitespire:Beetle Shell":4,"Ring of Chaos":16,"hubris:Towel":11,"conspire:TopHat":0,"Mercury Hourglass":10,"infinitespire:EvilPickle":14,"ShroomBag":11,"StuffTheSpire:MayFlowers":19,"Pandora\u0027s Box":7,"reliquary:Stiletto":17,"MiniHakkero":0,"ReplayTheSpireMod:Ring of Challenge":16,"halation:LettersToHer":6},{"AmplifyWand":59,"aspiration:FetidBarrel":20,"infinitespire:CursedDice":77,"Counterbalance":20,"Vajra":50,"energizedSpire:EnergizedDie":65,"Mango":77,"infinitespire:Beetle Shell":13,"Ring of Chaos":72,"hubris:Towel":50,"conspire:TopHat":0,"Mercury Hourglass":41,"infinitespire:EvilPickle":65,"ShroomBag":50,"StuffTheSpire:MayFlowers":86,"Pandora\u0027s Box":33,"reliquary:Stiletto":77,"MiniHakkero":0,"ReplayTheSpireMod:Ring of Challenge":72,"halation:LettersToHer":22}]},"card_choices":[{"not_picked":["PowerUp","IllusionStar"],"picked":"OortCloud","floor":1},{"not_picked":["GalacticHalo","DoubleSpark"],"picked":"MysteriousBeam","floor":3},{"not_picked":["6A","OpenUniverse"],"picked":"ManaRampage","floor":4},{"not_picked":["WitchLeyline","PowerUp"],"picked":"ChargeUpSpray","floor":5},{"not_picked":["UnstableBomb","AsteroidBelt"],"picked":"GasGiant","floor":6},{"not_picked":["MilkyWay","GrandCross"],"picked":"StarDustReverie","floor":12},{"not_picked":["AbsoluteMagnitude","BigCrunch"],"picked":"JA","floor":16},{"not_picked":["AsteroidBelt","6A+1","SporeBomb"],"picked":"SKIP","floor":18},{"not_picked":["Acceleration","MagicChant"],"picked":"DoubleSpark","floor":19},{"not_picked":["WitchLeyline","SprinkleStarSeal","DragonMeteor+1"],"picked":"SKIP","floor":22},{"not_picked":["GrandCross","Acceleration"],"picked":"Singularity+1","floor":23},{"not_picked":["GasGiant+1","ChargingUp"],"picked":"IllusionStar","floor":29},{"not_picked":["DC+1","DragonMeteor"],"picked":"FinalSpark","floor":31},{"not_picked":["WitchOfGreed","AlicesGift+1","Acceleration+1"],"picked":"SKIP","floor":35},{"not_picked":["PulseMagic","MilkyWay+1","LuminesStrike"],"picked":"SKIP","floor":36},{"not_picked":["jedi:forcepull","Impatience"],"picked":"Apotheosis","floor":37},{"not_picked":["Replay:BasicMightCard","Replay:Parry"],"picked":"Flash of Steel","floor":37},{"not_picked":["StarlightTyphoon+1","MillisecondPulsars"],"picked":"NonDirectionalLaser","floor":40},{"not_picked":["WitchLeyline","Acceleration+1"],"picked":"OortCloud","floor":44},{"not_picked":["GalacticHalo","IllusionStar"],"picked":"NonDirectionalLaser","floor":45},{"not_picked":["infinitespire:FutureSight","infinitespire:Fortify"],"picked":"infinitespire:Starlight","floor":45},{"not_picked":["Acceleration","UltimateShortwave","DC"],"picked":"SKIP","floor":46}],"player_experience":1072428,"relics_obtained":[{"floor":5,"key":"infinitespire:Beetle Shell"},{"floor":6,"key":"aspiration:FetidBarrel"},{"floor":9,"key":"Counterbalance"},{"floor":12,"key":"halation:LettersToHer"},{"floor":23,"key":"Vajra"},{"floor":26,"key":"halation:LettersToHer"},{"floor":38,"key":"Ring of Chaos"},{"floor":38,"key":"ReplayTheSpireMod:Ring of Challenge"},{"floor":40,"key":"Mango"},{"floor":43,"key":"halation:LettersToHer"},{"floor":43,"key":"reliquary:Stiletto"},{"floor":45,"key":"StuffTheSpire:MayFlowers"}],"event_choices":[{"damage_healed":0,"gold_gain":0,"player_choice":"Grow","damage_taken":0,"max_hp_gain":0,"max_hp_loss":0,"event_name":"Living Wall","floor":2,"gold_loss":0,"cards_upgraded":["OortCloud"]},{"damage_healed":0,"gold_gain":0,"player_choice":"Invest 2","damage_taken":0,"max_hp_gain":0,"max_hp_loss":0,"event_name":"conspire:Investor","floor":8,"gold_loss":0},{"damage_healed":0,"gold_gain":0,"player_choice":"Got Potions","damage_taken":0,"max_hp_gain":0,"max_hp_loss":0,"event_name":"Lab","floor":20,"gold_loss":0},{"cards_removed":["conspire:SpireCoStock"],"damage_healed":0,"gold_gain":0,"player_choice":"Give","damage_taken":0,"max_hp_gain":0,"max_hp_loss":0,"event_name":"betterNote:BetterNote","floor":21,"gold_loss":0,"cards_obtained":["None"]},{"damage_healed":0,"gold_gain":3,"player_choice":"1","damage_taken":0,"max_hp_gain":0,"max_hp_loss":0,"event_name":"betterStone:BetterStone","floor":37,"gold_loss":0}],"is_beta":false,"boss_relics":[{"not_picked":["Replay:Drink Me","conspire:SlowCooker"],"picked":"Pandora\u0027s Box"},{"not_picked":["Abe\u0027s Treasure","ReplayTheSpireMod:SealedPack"],"picked":"energizedSpire:EnergizedDie"}],"items_purged_floors":[13,48],"is_endless":true,"potions_floor_spawned":[4,6,16,18,23,31,36,44],"killed_by":"Time Eater","ascension_level":1}}