{"host":"oeddu058k4r8wzo0","time":1612593535,"event":{"mods":["BaseMod","Colored Map","Colored Powertips","Highlight Path","Minty Spire (QoL Compilation)","Quick Restart","StSLib","The Alterego","Wandering Minibosses"],"gold_per_floor":[113,94,78,96,113,113,138,170,170,190,224,224,25,37,37,135,135,151,111,182,194,43,70,70,20,93,104,122,122,122,122,122],"floor_reached":31,"language":"ENG","playtime":2837,"items_purged":[],"score":294,"play_id":"8099e76e-cd93-457e-bf56-96bd5a6defbe","local_time":"20210205223855","daily_mods":["Draft","Heirloom","Time Dilation"],"is_ascension_mode":false,"campfire_choices":[{"data":"alterego_mod:Nekomimi","floor":6,"key":"SMITH"},{"floor":12,"key":"REST"},{"data":"alterego_mod:Nekomimi","floor":15,"key":"SMITH"},{"floor":30,"key":"DIG"}],"circlet_count":0,"master_deck":["alterego_mod:Pet","alterego_mod:RocketPunch","alterego_mod:Pet","alterego_mod:Rip","alterego_mod:ChallengeComplete","alterego_mod:Rip","alterego_mod:Pet","alterego_mod:ChallengeComplete","alterego_mod:SuperDuperMasochism","alterego_mod:PerceptionDisorder","alterego_mod:1TonWallop","alterego_mod:GoddessCore","alterego_mod:Jiggle","alterego_mod:Rip","alterego_mod:Nekomimi+1","alterego_mod:ChallengeComplete+1","alterego_mod:BiFurious","alterego_mod:Clap","alterego_mod:BiFurious","alterego_mod:Nekomimi+1","Bandage Up","alterego_mod:BeGentle","alterego_mod:SakuraPetals+1","alterego_mod:Venus","alterego_mod:Birthday"],"relics":["Odd Mushroom","Bag of Marbles","Ancient Tea Set","Blood Vial","Coffee Dripper","Shovel","alterego_mod:MasochisticConstitution","wanderingMiniBosses:ThiefScarf","Orichalcum","Molten Egg 2","Frozen Egg 2","Du-Vu Doll"],"acts_visited":["Exordium","TheCity"],"potions_floor_usage":[4,8,16],"damage_taken":[{"damage":7,"enemies":"Jaw Worm","floor":1,"turns":4},{"damage":8,"enemies":"2 Louse","floor":2,"turns":5},{"damage":14,"enemies":"Cultist","floor":3,"turns":7},{"damage":12,"enemies":"Exordium Thugs","floor":4,"turns":6},{"damage":5,"enemies":"Looter","floor":5,"turns":3},{"damage":12,"enemies":"The Mushroom Lair","floor":7,"turns":6},{"damage":3,"enemies":"Gremlin Nob","floor":8,"turns":6},{"damage":12,"enemies":"3 Louse","floor":10,"turns":2},{"damage":2,"enemies":"Lagavulin","floor":11,"turns":6},{"damage":0,"enemies":"2 Fungi Beasts","floor":14,"turns":2},{"damage":47,"enemies":"Slime Boss","floor":16,"turns":20},{"damage":11,"enemies":"3 Byrds","floor":18,"turns":4},{"damage":16,"enemies":"Spheric Guardian","floor":20,"turns":6},{"damage":17,"enemies":"Centurion and Healer","floor":21,"turns":3},{"damage":41,"enemies":"Slavers","floor":23,"turns":4},{"damage":11,"enemies":"Sentry and Sphere","floor":27,"turns":6},{"damage":1,"enemies":"Cultist and Chosen","floor":28,"turns":4}],"seed_played":"1073758062261384813","potions_obtained":[{"floor":2,"key":"Regen Potion"},{"floor":5,"key":"SkillPotion"},{"floor":7,"key":"Ancient Potion"},{"floor":11,"key":"AttackPotion"},{"floor":18,"key":"FearPotion"},{"floor":28,"key":"CultistPotion"}],"is_trial":true,"path_per_floor":["M","M","M","M","M","R","?","E","T","M","E","R","$","M","R","B",null,"M","?","M","M","$","E","?","$","T","M","M","?","R","?"],"character_chosen":"The_Alterego","items_purchased":["alterego_mod:Nekomimi","Bandage Up","alterego_mod:BeGentle","Orichalcum","Block Potion"],"campfire_rested":1,"item_purchase_floors":[13,13,13,22,25],"current_hp_per_floor":[64,57,43,46,41,41,29,26,26,14,12,33,33,39,39,56,81,74,74,64,54,54,22,6,6,6,4,12,12,12,0,0],"gold":122,"neow_bonus":"","is_daily":false,"chose_seed":false,"campfire_upgraded":2,"win_rate":0.0,"timestamp":1612593535,"path_taken":["M","M","M","M","M","R","?","E","T","M","E","R","$","M","R","BOSS","M","?","M","?","?","E","?","$","T","M","M","?","R","?"],"items_purchased_type":["Card","Card","Card","Relic","Potion"],"build_version":"2020-12-22","purchased_purges":0,"victory":false,"max_hp_per_floor":[71,72,72,72,72,72,72,72,72,72,72,72,72,72,72,81,81,81,81,81,82,82,83,88,88,88,89,90,90,90,90,90],"card_choices":[{"not_picked":["alterego_mod:Skirt","alterego_mod:Undulate"],"picked":"alterego_mod:Pet","floor":0},{"not_picked":["alterego_mod:Complex","alterego_mod:Mirror"],"picked":"alterego_mod:RocketPunch","floor":0},{"not_picked":["alterego_mod:Jiggle","alterego_mod:DiscoLights"],"picked":"alterego_mod:Pet","floor":0},{"not_picked":["alterego_mod:MagicResistance","alterego_mod:BiFurious"],"picked":"alterego_mod:Rip","floor":0},{"not_picked":["alterego_mod:Collar","alterego_mod:Smother"],"picked":"alterego_mod:ChallengeComplete","floor":0},{"not_picked":["alterego_mod:RidiculouslyBig","alterego_mod:Cycle"],"picked":"alterego_mod:Rip","floor":0},{"not_picked":["alterego_mod:PerceptionDisorder","alterego_mod:Mirror"],"picked":"alterego_mod:Pet","floor":0},{"not_picked":["alterego_mod:DiscoLights","alterego_mod:Rip"],"picked":"alterego_mod:ChallengeComplete","floor":0},{"not_picked":["alterego_mod:MaintainEyeContact","alterego_mod:1TonWallop"],"picked":"alterego_mod:SuperDuperMasochism","floor":0},{"not_picked":["alterego_mod:Bounce","alterego_mod:Undulate"],"picked":"alterego_mod:PerceptionDisorder","floor":0},{"not_picked":["alterego_mod:Jiggle","alterego_mod:TrashNCrash"],"picked":"alterego_mod:1TonWallop","floor":0},{"not_picked":["alterego_mod:DeftHands","alterego_mod:Skirt"],"picked":"alterego_mod:GoddessCore","floor":0},{"not_picked":["alterego_mod:Swimsuit","alterego_mod:Punishment"],"picked":"alterego_mod:Jiggle","floor":0},{"not_picked":["alterego_mod:BoobPocket","alterego_mod:Cycle"],"picked":"alterego_mod:Rip","floor":0},{"not_picked":["alterego_mod:Cooking","alterego_mod:Bounce"],"picked":"alterego_mod:Nekomimi","floor":0},{"not_picked":["alterego_mod:Complex","alterego_mod:Belle","alterego_mod:Maid"],"picked":"SKIP","floor":1},{"not_picked":["alterego_mod:Pet","alterego_mod:Cushion"],"picked":"alterego_mod:ChallengeComplete","floor":2},{"not_picked":["alterego_mod:Collar","alterego_mod:PresenceConcealment"],"picked":"alterego_mod:BiFurious","floor":3},{"not_picked":["alterego_mod:Maid","alterego_mod:MagicResistance"],"picked":"alterego_mod:Clap","floor":4},{"not_picked":["alterego_mod:Jiggle","alterego_mod:Cycle","alterego_mod:Rip"],"picked":"SKIP","floor":5},{"not_picked":["alterego_mod:Pet","alterego_mod:Complex"],"picked":"alterego_mod:BiFurious","floor":8},{"not_picked":["alterego_mod:Skirt","alterego_mod:MagicResistance","alterego_mod:GoddessCore"],"picked":"SKIP","floor":10},{"not_picked":["alterego_mod:Punishment","alterego_mod:Maid","alterego_mod:IdEs"],"picked":"SKIP","floor":11},{"not_picked":["alterego_mod:Rip","alterego_mod:Mirror"],"picked":"alterego_mod:SakuraPetals","floor":14},{"not_picked":["alterego_mod:TrickOrTreatment","alterego_mod:VirginLaserPalladion"],"picked":"alterego_mod:Venus","floor":16},{"not_picked":["alterego_mod:Mirror","alterego_mod:HighServant+1","alterego_mod:BiFurious"],"picked":"SKIP","floor":18},{"not_picked":["alterego_mod:Collar","alterego_mod:MagicResistance+1"],"picked":"alterego_mod:Birthday","floor":20},{"not_picked":["alterego_mod:GoddessCore","alterego_mod:DiscoLights+1","alterego_mod:Complex+1"],"picked":"SKIP","floor":21},{"not_picked":["alterego_mod:Birthday","alterego_mod:VirginLaserPalladion+1","alterego_mod:DiscoLights"],"picked":"SKIP","floor":23},{"not_picked":["alterego_mod:BiFurious+1","alterego_mod:TrashNCrash","alterego_mod:PerceptionDisorder+1"],"picked":"SKIP","floor":27},{"not_picked":["alterego_mod:BiFurious+1","alterego_mod:TrashNCrash","alterego_mod:PerceptionDisorder+1"],"picked":"SKIP","floor":27},{"not_picked":["alterego_mod:Rip","alterego_mod:Maid+1","alterego_mod:BoobPocket"],"picked":"SKIP","floor":28}],"player_experience":1367758,"relics_obtained":[{"floor":7,"key":"Odd Mushroom"},{"floor":8,"key":"Bag of Marbles"},{"floor":9,"key":"Ancient Tea Set"},{"floor":11,"key":"Blood Vial"},{"floor":20,"key":"Shovel"},{"floor":20,"key":"alterego_mod:MasochisticConstitution"},{"floor":20,"key":"wanderingMiniBosses:ThiefScarf"},{"floor":23,"key":"Molten Egg 2"},{"floor":26,"key":"Frozen Egg 2"},{"floor":30,"key":"Du-Vu Doll"}],"event_choices":[{"damage_healed":0,"gold_gain":0,"player_choice":"Fought Mushrooms","damage_taken":0,"max_hp_gain":0,"max_hp_loss":0,"event_name":"Mushrooms","floor":7,"gold_loss":0},{"damage_healed":0,"gold_gain":0,"player_choice":"Upgraded Two","damage_taken":0,"max_hp_gain":0,"max_hp_loss":0,"event_name":"Designer","floor":19,"gold_loss":40,"cards_upgraded":["alterego_mod:ChallengeComplete","alterego_mod:SakuraPetals"]},{"damage_healed":0,"gold_gain":0,"player_choice":"Shed Blood","damage_taken":21,"max_hp_gain":5,"max_hp_loss":0,"event_name":"Forgotten Altar","floor":24,"gold_loss":0},{"damage_healed":0,"gold_gain":0,"player_choice":"Ignored","damage_taken":0,"max_hp_gain":0,"max_hp_loss":0,"event_name":"Ghosts","floor":29,"gold_loss":0},{"damage_healed":0,"gold_gain":0,"player_choice":"Obtained Book","damage_taken":16,"max_hp_gain":0,"max_hp_loss":0,"event_name":"Cursed Tome","floor":31,"gold_loss":0}],"is_beta":false,"boss_relics":[{"not_picked":["Empty Cage","Busted Crown"],"picked":"Coffee Dripper"}],"items_purged_floors":[],"is_endless":false,"potions_floor_spawned":[2,5,7,11,18,28],"ascension_level":0}}