{"host":"dcj2yvrgcvh5dl2s","time":1612602987,"event":{"mods":["BaseMod","Bestiary","Better Note","Block Reminder","Colored Powertips","Curses Come First","DeckTracker","Minty Spire (QoL Compilation)","Quick Restart","Rare Cards Sparkle","Relic Stats","StSLib"],"gold_per_floor":[114,55,70,44,9,38,50,50,50],"floor_reached":8,"language":"ENG","playtime":180,"items_purged":[],"score":162,"play_id":"49151421-292f-4097-a8be-9efa72efa306","local_time":"20210206191627","is_ascension_mode":true,"campfire_choices":[],"circlet_count":0,"master_deck":["AscendersBane","Strike_R","Strike_R","Strike_R","Strike_R","Strike_R","Defend_R","Defend_R","Defend_R","Defend_R","Bash","Shrug It Off","Shrug It Off","Intimidate","Sword Boomerang","Whirlwind","Disarm"],"relics":["Burning Blood","NeowsBlessing","Lantern"],"acts_visited":["Exordium"],"potions_floor_usage":[],"damage_taken":[{"damage":0,"enemies":"Cultist","floor":1,"turns":1},{"damage":0,"enemies":"Jaw Worm","floor":3,"turns":1},{"damage":0,"enemies":"3 Sentries","floor":6,"turns":1},{"damage":12,"enemies":"Small Slimes","floor":7,"turns":4},{"damage":69,"enemies":"Lagavulin","floor":8,"turns":11}],"seed_played":"-8984093720921629122","potions_obtained":[],"is_trial":false,"path_per_floor":["M","$","M","$","?","E","M","E"],"character_chosen":"IRONCLAD","items_purchased":["Shrug It Off","Sword Boomerang"],"campfire_rested":0,"item_purchase_floors":[2,4],"current_hp_per_floor":[74,74,75,75,75,75,69,0,0],"gold":50,"neow_bonus":"THREE_ENEMY_KILL","is_daily":false,"chose_seed":false,"campfire_upgraded":0,"win_rate":0.0,"timestamp":1612602987,"path_taken":["M","$","?","$","?","E","M","E"],"items_purchased_type":["Card","Card"],"build_version":"2020-12-22","purchased_purges":0,"victory":false,"max_hp_per_floor":[75,75,75,75,75,75,75,75,75],"relic_stats":{"counters":[5,18],"obtain_stats":[{"Lantern":6,"NeowsBlessing":0,"Burning Blood":0},{"Lantern":3,"NeowsBlessing":0,"Burning Blood":0},{"Lantern":3,"NeowsBlessing":0,"Burning Blood":0}],"Burning Blood":13},"card_choices":[{"not_picked":["Sword Boomerang","Thunderclap"],"picked":"Shrug It Off","floor":1},{"not_picked":["Wild Strike","Entrench"],"picked":"Intimidate","floor":3},{"not_picked":["Rampage","Evolve"],"picked":"Whirlwind","floor":6},{"not_picked":["Combust","Thunderclap"],"picked":"Disarm","floor":7}],"player_experience":2325568,"relics_obtained":[{"floor":6,"key":"Lantern"}],"event_choices":[{"damage_healed":18,"gold_gain":0,"player_choice":"Healed","damage_taken":0,"max_hp_gain":0,"max_hp_loss":0,"event_name":"The Cleric","floor":5,"gold_loss":35}],"is_beta":false,"boss_relics":[],"items_purged_floors":[],"is_endless":false,"potions_floor_spawned":[],"killed_by":"Lagavulin","ascension_level":20}}