{"host":"81h68oe4mr04pk3r","time":1612584771,"event":{"mods":["Act Like it!","Aspiration","BaseMod","BetterRewards","Colored Map","Colored Powertips","Conspire","Downfall","Gensokyo","Hallownest","Hermit","Hubris","Infinite Spire","Jorbs\u0027s Wanderer Trilogy","Koishi","Lobotomy","LobotomyExtend","Marisa????????","Minty Spire (QoL Compilation)","Quick Restart","Reimu??????","Remilia??????","StSLib","The Bug Knight","The Construct","The Cursed","The Disciple","The Servant 0.9.4"],"gold_per_floor":[114,128,53,53,53,53,53,53],"floor_reached":7,"language":"ENG","playtime":411,"items_purged":["Koishi:HauntingSlash"],"score":39,"play_id":"fb21b30e-cec2-41bf-8653-8c52409e0238","local_time":"20210205201251","is_ascension_mode":false,"campfire_choices":[{"data":"Koishi:UnansweredLove","floor":6,"key":"SMITH"}],"circlet_count":0,"master_deck":["Koishi:BasicStrike","Koishi:BasicStrike","Koishi:BasicStrike","Koishi:BasicDefend","Koishi:BasicDefend","Koishi:BasicDefend","Koishi:BasicDefend","Koishi:Provoke","Koishi:PredatoryInstincts","Koishi:SubconsciousSweep","Koishi:UnansweredLove+1"],"relics":["Koishi:ImaginaryFriend","LetterFromLob"],"acts_visited":["Hallownest:Greenpath"],"potions_floor_usage":[],"damage_taken":[{"damage":13,"enemies":"Hallownest:2_MossCreeps","floor":1,"turns":7},{"damage":4,"enemies":"Hallownest:2_Tiktiks_and_1_Crawlid","floor":2,"turns":3},{"damage":27,"enemies":"Hallownest:eliteMossKnight","floor":7,"turns":15}],"seed_played":"3669248934177913204","potions_obtained":[{"floor":1,"key":"SteroidPotion"}],"is_trial":false,"path_per_floor":["M","M","$","M","$","R","E"],"character_chosen":"KOISHI","items_purchased":[],"campfire_rested":0,"item_purchase_floors":[],"current_hp_per_floor":[58,60,60,60,60,60,33,33],"gold":53,"neow_bonus":"TRANSFORM_CARD","is_daily":false,"chose_seed":false,"campfire_upgraded":1,"win_rate":0.0,"timestamp":1612584771,"path_taken":["M","M","$","M","$","R","E"],"items_purchased_type":[],"build_version":"2020-12-22","purchased_purges":1,"victory":false,"max_hp_per_floor":[60,60,60,60,60,60,60,60],"card_choices":[{"not_picked":["Koishi:StingingMind","Koishi:EmbersOfLove"],"picked":"Koishi:SubconsciousSweep","floor":1},{"not_picked":["Koishi:PhantomBarrier","Koishi:DreadfulBlow"],"picked":"Koishi:UnansweredLove","floor":2}],"player_experience":216968,"relics_obtained":[{"floor":1,"key":"LetterFromLob"}],"event_choices":[],"is_beta":false,"boss_relics":[],"items_purged_floors":[3],"is_endless":false,"potions_floor_spawned":[1],"killed_by":"Hallownest:eliteMossKnight","ascension_level":0}}