{"host":"1fgbilnqahig8ycc","time":1612590876,"event":{"mods":["AchievementEnabler","BaseMod","Bestiary","Better Altar","Better Match","Better Note","Better Vampires","BetterRewards","Colored Map","Colored Powertips","Dark Map","Downfall","Energized Spire","Friendly Minions","Hermit","Hubris","Jorbs\u0027s Wanderer Trilogy","Minty Spire (QoL Compilation)","Quick Restart","Rare Cards Sparkle","Relic Stats","Replay The Spire","Spicy Shops","StSLib","The Administrix","The Bug Knight","The Cursed","The Gatherer","The Hierophant","The Marked","The Servant 0.9.4","TheBandit"],"gold_per_floor":[116,116,131,131,144,144,171,181,181,206,206,206,206,220,220,317,317,317,317,317],"floor_reached":18,"language":"ENG","playtime":1149,"items_purged":[],"score":195,"play_id":"d13b161c-f432-4622-92ae-dc7f4559307a","local_time":"20210205215436","is_ascension_mode":false,"campfire_choices":[{"data":"wariomod:Leap","floor":6.0,"key":"SMITH"},{"floor":11.0,"key":"REST"},{"data":"wariomod:Game","floor":15.0,"key":"SMITH"}],"circlet_count":0,"master_deck":["wariomod:Strike","wariomod:Strike","wariomod:Strike","wariomod:Defend","wariomod:Defend","wariomod:Defend","wariomod:Step","wariomod:Leap+1","wariomod:RacingSpeed","wariomod:Bombshield","wariomod:EndlessBlast","wariomod:BigUpgrade+1","wariomod:WhirlwindBurst","wariomod:Immortalize","wariomod:Game+1","wariomod:WipeClean"],"relics":["wariomod:TheHat","hubris:FunFungus","Pen Nib","hubris:Metronome","Replay:Bronze Core"],"acts_visited":["Exordium","TheCity"],"potions_floor_usage":[],"damage_taken":[{"damage":1.0,"enemies":"Jaw Worm","floor":1.0,"turns":3.0},{"damage":8.0,"enemies":"2 Louse","floor":3.0,"turns":3.0},{"damage":1.0,"enemies":"Cultist","floor":5.0,"turns":3.0},{"damage":28.0,"enemies":"Gremlin Nob","floor":7.0,"turns":4.0},{"damage":0.0,"enemies":"Large Slime","floor":8.0,"turns":4.0},{"damage":0.0,"enemies":"HollowMod:MossKnight","floor":10.0,"turns":5.0},{"damage":0.0,"enemies":"Gremlin Gang","floor":14.0,"turns":2.0},{"damage":12.0,"enemies":"Fading Forest","floor":16.0,"turns":11.0},{"damage":0,"enemies":"Shell Parasite","floor":18,"turns":2}],"seed_played":"-232377523553306197","potions_obtained":[{"floor":1.0,"key":"Reflective Coating"},{"floor":8.0,"key":"Block Potion"},{"floor":14.0,"key":"SkillPotion"},{"floor":16.0,"key":"hexamod:SoulburnPotion"}],"is_trial":false,"path_per_floor":["M","?","M","?","M","R","E","M","T","E","R","?","?","M","R","B",null,"M"],"character_chosen":"THE_BANDIT","items_purchased":[],"campfire_rested":1,"item_purchase_floors":[],"current_hp_per_floor":[87,62,54,54,53,53,25,25,25,25,51,51,51,51,51,40,88,88,88,88],"gold":317,"neow_bonus":"TEN_PERCENT_HP_BONUS","is_daily":false,"chose_seed":false,"campfire_upgraded":2,"win_rate":0.0,"timestamp":1612590876,"path_taken":["M","?","M","?","M","R","E","M","T","E","R","?","?","?","R","BOSS","M"],"items_purchased_type":[],"build_version":"2020-12-22","purchased_purges":0,"victory":false,"max_hp_per_floor":[88,88,88,88,88,88,88,88,88,88,88,88,88,88,88,88,88,88,88,88],"relic_stats":{"counters":[9,37],"Pen Nib":[4],"obtain_stats":[{"hubris:Metronome":10,"wariomod:TheHat":0,"Replay:Bronze Core":17,"hubris:FunFungus":2,"Pen Nib":7},{"hubris:Metronome":6,"wariomod:TheHat":0,"Replay:Bronze Core":8,"hubris:FunFungus":1,"Pen Nib":4},{"hubris:Metronome":22,"wariomod:TheHat":0,"Replay:Bronze Core":35,"hubris:FunFungus":3,"Pen Nib":13}]},"card_choices":[{"not_picked":["wariomod:Game","wariomod:SpaceSwap"],"picked":"wariomod:RacingSpeed","floor":1.0},{"not_picked":["wariomod:DisarmingMoves","wariomod:Goblast"],"picked":"wariomod:Bombshield","floor":3.0},{"not_picked":["wariomod:DisarmingMoves","wariomod:Leapslam"],"picked":"wariomod:EndlessBlast","floor":5.0},{"not_picked":["wariomod:BoomForm","wariomod:ThatsNotAll"],"picked":"wariomod:BigUpgrade","floor":7.0},{"not_picked":["wariomod:Hopshield","wariomod:SpikeSlash"],"picked":"wariomod:WhirlwindBurst","floor":8.0},{"not_picked":["wariomod:ThatsNotAll","wariomod:EmptyMind"],"picked":"wariomod:Immortalize","floor":10.0},{"not_picked":["wariomod:f","wariomod:ThatsNotAll"],"picked":"wariomod:Game","floor":14.0},{"not_picked":["wariomod:SpacialMastery","wariomod:DeadlyDash"],"picked":"wariomod:WipeClean","floor":16.0}],"player_experience":412092,"relics_obtained":[{"floor":7.0,"key":"Pen Nib"},{"floor":10.0,"key":"hubris:Metronome"}],"event_choices":[{"damage_healed":0.0,"max_hp_gain":0.0,"max_hp_loss":0.0,"gold_gain":0.0,"event_name":"Scrap Ooze","player_choice":"Success","floor":2.0,"gold_loss":0.0,"damage_taken":25.0,"relics_obtained":["hubris:FunFungus"]},{"damage_healed":0.0,"max_hp_gain":0.0,"max_hp_loss":0.0,"gold_gain":0.0,"event_name":"Living Wall","player_choice":"Grow","floor":12.0,"gold_loss":0.0,"damage_taken":0.0,"cards_upgraded":["wariomod:BigUpgrade"]},{"cards_removed":["wariomod:Strike"],"damage_healed":0.0,"max_hp_gain":0.0,"max_hp_loss":0.0,"gold_gain":0.0,"event_name":"Purifier","player_choice":"Purged","floor":13.0,"gold_loss":0.0,"damage_taken":0.0}],"is_beta":false,"boss_relics":[{"not_picked":["SacredBark","hubris:GrandSneckoEye"],"picked":"Replay:Bronze Core"}],"items_purged_floors":[],"is_endless":false,"potions_floor_spawned":[1,8,14,16],"killed_by":"Shell Parasite","ascension_level":0}}