{"host":"52m1o8iwwagurbjs","time":1612640471,"event":{"mods":["AchievementEnabler","BaseMod","Bestiary","Challenge The Spire","Colored Powertips","GifTheSpireLib","Minty Spire (QoL Compilation)","Quick Restart","Relic Stats","StSLib"],"gold_per_floor":[109,38,56,231,2,2,12,12,12,74,107,57,83,100,100,204,204,224,224,236,253,153,153,186,186,186,232,257,257,286,302,302,399,399,418,438,453,453,463,463,463,463],"floor_reached":41,"language":"ENG","playtime":2273,"items_purged":["Doubt","Strike_B"],"score":586,"play_id":"96ff0e8f-5aec-42a4-b436-3dff5b5b4537","local_time":"20210206144111","is_ascension_mode":true,"campfire_choices":[{"floor":6,"key":"REST"},{"floor":8,"key":"RECALL"},{"floor":15,"key":"REST"},{"floor":23,"key":"REST"},{"floor":25,"key":"REST"},{"floor":32,"key":"REST"},{"floor":40,"key":"REST"}],"circlet_count":0,"master_deck":["Strike_B","Strike_B","Strike_B","Defend_B","Defend_B+1","Defend_B","Defend_B","Zap","Dualcast","Rip and Tear","Defragment","Seek","Chill+1","Defragment","Turbo+1","Loop","Electrodynamics","Coolheaded+1","Ghostly+1","Ghostly+1","Ghostly+1","Ghostly+1","Ghostly+1","Capacitor","Leap+1","Parasite"],"relics":["Fusion Hammer","White Beast Statue","Tiny Chest","Calipers","Toxic Egg 2","SacredBark","Nunchaku","Letter Opener","StrikeDummy","WingedGreaves","War Paint","Inserter"],"acts_visited":["Exordium","TheCity","TheBeyond"],"potions_floor_usage":[14,16,16,36,39,41,41],"damage_taken":[{"damage":0,"enemies":"2 Louse","floor":1,"turns":2},{"damage":9,"enemies":"Jaw Worm","floor":3,"turns":4},{"damage":2,"enemies":"Small Slimes","floor":7,"turns":3},{"damage":31,"enemies":"Lagavulin Event","floor":10,"turns":6},{"damage":18,"enemies":"Gremlin Nob","floor":11,"turns":4},{"damage":5,"enemies":"3 Sentries","floor":13,"turns":8},{"damage":1,"enemies":"Gremlin Gang","floor":14,"turns":5},{"damage":40,"enemies":"Hexaghost","floor":16,"turns":10},{"damage":11,"enemies":"Chosen","floor":18,"turns":5},{"damage":0,"enemies":"Shell Parasite","floor":20,"turns":7},{"damage":0,"enemies":"Snecko","floor":21,"turns":7},{"damage":14,"enemies":"Book of Stabbing","floor":24,"turns":8},{"damage":0,"enemies":"Gremlin Leader","floor":28,"turns":8},{"damage":9,"enemies":"Book of Stabbing","floor":30,"turns":6},{"damage":0,"enemies":"Centurion and Healer","floor":31,"turns":9},{"damage":0,"enemies":"Automaton","floor":33,"turns":12},{"damage":0,"enemies":"Orb Walker","floor":35,"turns":5},{"damage":2,"enemies":"3 Darklings","floor":36,"turns":5},{"damage":0,"enemies":"Writhing Mass","floor":37,"turns":8},{"damage":0,"enemies":"Spire Growth","floor":39,"turns":6},{"damage":37,"enemies":"Giant Head","floor":41,"turns":11}],"seed_played":"3085168457462466588","potions_obtained":[{"floor":1,"key":"FairyPotion"},{"floor":7,"key":"FearPotion"},{"floor":10,"key":"SteroidPotion"},{"floor":11,"key":"LiquidMemories"},{"floor":13,"key":"Block Potion"},{"floor":14,"key":"Energy Potion"},{"floor":16,"key":"SmokeBomb"},{"floor":18,"key":"Block Potion"},{"floor":20,"key":"Strength Potion"},{"floor":21,"key":"FocusPotion"},{"floor":24,"key":"LiquidMemories"},{"floor":35,"key":"Fire Potion"},{"floor":36,"key":"DistilledChaos"},{"floor":39,"key":"SpeedPotion"}],"is_trial":false,"path_per_floor":["M","$","M","?","$","R","M","R","T","?","E","?","E","M","R","B",null,"M","?","M","M","$","R","E","R","T","T","E","T","E","M","R","B",null,"M","M","M","?","M","R","E"],"character_chosen":"DEFECT","items_purchased":["Defragment","Seek"],"campfire_rested":6,"item_purchase_floors":[2,5],"current_hp_per_floor":[75,75,66,66,66,75,73,73,73,42,24,24,19,18,40,22,75,64,37,37,37,37,37,23,34,34,34,34,34,25,25,36,36,37,37,35,35,35,35,37,0,0],"gold":463,"neow_bonus":"BOSS_RELIC","is_daily":false,"chose_seed":false,"campfire_upgraded":0,"win_rate":0.0,"timestamp":1612640471,"path_taken":["M","$","M","?","$","R","M","R","T","?","E","?","E","M","R","BOSS","M","?","M","M","$","R","E","R","T","?","E","?","E","M","R","BOSS","M","?","M","?","M","R","E"],"items_purchased_type":["Card","Card"],"build_version":"2020-12-22","purchased_purges":2,"victory":false,"max_hp_per_floor":[75,75,75,75,75,75,75,75,75,75,75,75,75,75,75,75,75,75,37,37,37,37,37,37,37,37,37,37,37,37,37,37,37,37,37,37,37,37,37,37,37,37],"relic_stats":{"Nunchaku":[7],"Inserter":[17],"counters":[21,139],"Tiny Chest":1,"Letter Opener":[232],"War Paint":["Chill","Defend_B"],"obtain_stats":[{"Calipers":11,"Inserter":34,"SacredBark":17,"Letter Opener":26,"War Paint":30,"White Beast Statue":9,"Nunchaku":24,"Tiny Chest":10,"Fusion Hammer":0,"WingedGreaves":29,"Toxic Egg 2":13,"Cracked Core":0,"StrikeDummy":28},{"Calipers":5,"Inserter":16,"SacredBark":8,"Letter Opener":12,"War Paint":14,"White Beast Statue":3,"Nunchaku":12,"Tiny Chest":3,"Fusion Hammer":0,"WingedGreaves":13,"Toxic Egg 2":6,"Cracked Core":0,"StrikeDummy":13},{"Calipers":19,"Inserter":104,"SacredBark":42,"Letter Opener":69,"War Paint":83,"White Beast Statue":9,"Nunchaku":69,"Tiny Chest":9,"Fusion Hammer":0,"WingedGreaves":77,"Toxic Egg 2":27,"Cracked Core":0,"StrikeDummy":77}]},"card_choices":[{"not_picked":["Genetic Algorithm","Beam Cell"],"picked":"Rip and Tear","floor":1},{"not_picked":["Beam Cell","Hologram"],"picked":"FTL","floor":3},{"not_picked":["Rebound","Steam","Auto Shields"],"picked":"SKIP","floor":7},{"not_picked":["Streamline","Steam"],"picked":"Chill","floor":10},{"not_picked":["Auto Shields","Self Repair"],"picked":"Defragment","floor":11},{"not_picked":["Hyperbeam","Steam+1"],"picked":"Turbo+1","floor":13},{"not_picked":["Chill+1","Conserve Battery+1"],"picked":"Loop","floor":14},{"not_picked":["Core Surge","Biased Cognition"],"picked":"Electrodynamics","floor":16},{"not_picked":["Cold Snap","Go for the Eyes+1"],"picked":"Coolheaded+1","floor":18},{"not_picked":["Storm","Conserve Battery+1","Cold Snap"],"picked":"SKIP","floor":20},{"not_picked":["Steam+1","Reinforced Body+1"],"picked":"Capacitor","floor":21},{"not_picked":["Ball Lightning","Cold Snap","Conserve Battery+1"],"picked":"SKIP","floor":24},{"not_picked":["Auto Shields+1","Turbo+1","Barrage"],"picked":"SKIP","floor":28},{"not_picked":["All For One","Ball Lightning"],"picked":"Leap+1","floor":30},{"not_picked":["Turbo+1","Rebound","Cold Snap"],"picked":"SKIP","floor":31},{"not_picked":["Stack+1","Hologram+1","Sweeping Beam"],"picked":"SKIP","floor":35},{"not_picked":["Darkness+1","Streamline","Conserve Battery+1"],"picked":"SKIP","floor":36},{"not_picked":["Rebound","Steam+1","Stack+1"],"picked":"SKIP","floor":37},{"not_picked":["Reprogram+1","Conserve Battery+1","Go for the Eyes+1"],"picked":"SKIP","floor":39}],"player_experience":1320176,"relics_obtained":[{"floor":9,"key":"White Beast Statue"},{"floor":11,"key":"Calipers"},{"floor":13,"key":"Toxic Egg 2"},{"floor":24,"key":"Nunchaku"},{"floor":26,"key":"Letter Opener"},{"floor":28,"key":"StrikeDummy"},{"floor":29,"key":"WingedGreaves"},{"floor":30,"key":"War Paint"}],"event_choices":[{"damage_healed":0,"gold_gain":175,"player_choice":"AGREE","damage_taken":0,"max_hp_gain":0,"max_hp_loss":0,"event_name":"Liars Game","floor":4,"gold_loss":0,"cards_obtained":["Doubt"]},{"damage_healed":0,"gold_gain":30,"player_choice":"Searched \u00273\u0027 times","damage_taken":0,"relics_obtained":["Tiny Chest"],"max_hp_gain":0,"max_hp_loss":0,"event_name":"Dead Adventurer","floor":10,"gold_loss":0},{"damage_healed":0,"gold_gain":0,"player_choice":"Left Gold","damage_taken":0,"max_hp_gain":0,"max_hp_loss":0,"event_name":"World of Goop","floor":12,"gold_loss":50},{"damage_healed":0,"gold_gain":0,"player_choice":"Became a Ghost","damage_taken":0,"max_hp_gain":0,"max_hp_loss":38,"event_name":"Ghosts","floor":19,"gold_loss":0,"cards_obtained":["Ghostly","Ghostly","Ghostly","Ghostly","Ghostly"]},{"cards_removed":["FTL"],"damage_healed":0,"gold_gain":0,"player_choice":"Removed Attack","damage_taken":0,"max_hp_gain":0,"max_hp_loss":0,"event_name":"Falling","floor":38,"gold_loss":0}],"is_beta":false,"boss_relics":[{"not_picked":["Busted Crown","Sozu"],"picked":"SacredBark"},{"not_picked":["Runic Pyramid","Coffee Dripper"],"picked":"Inserter"}],"items_purged_floors":[5,22],"is_endless":false,"potions_floor_spawned":[1,7,10,11,13,14,16,18,20,21,24,28,30,31,33,35,36,37,39],"killed_by":"Giant Head","ascension_level":1}}