{"host":"yq7vhdvcv08g2502","time":1612588538,"event":{"mods":["100% Spire Juice","BaseMod","Colored Powertips","Custom Start","Minty Spire (QoL Compilation)","Quick Restart","StSLib"],"gold_per_floor":[116,36,36,36,36,36,100,100,100,125,0,35,55,80,80,80,80],"floor_reached":16,"language":"ENG","playtime":640,"items_purged":[],"score":96,"play_id":"711590cc-8249-485c-9ddf-82646936c6fe","local_time":"20210206051538","is_ascension_mode":false,"campfire_choices":[{"data":"Moonworks:Blazing","floor":6,"key":"SMITH"},{"data":"Moonworks:NicePresent","floor":8,"key":"SMITH"},{"floor":15,"key":"REST"}],"circlet_count":0,"master_deck":["Moonworks:Strike","Moonworks:Strike+1","Moonworks:Strike","Moonworks:Strike","Moonworks:Defend","Moonworks:Defend","Moonworks:Defend","Moonworks:Defend","Moonworks:Ambush","Moonworks:LongDistanceShot","Moonworks:Assault+1","Moonworks:Blazing+1","Moonworks:NicePresent+1","Moonworks:CloudOfSeagulls","Moonworks:SinkOrSwim","Moonworks:EvilSpyWorkPreparation","Moonworks:SakisCookie"],"relics":["Moonworks:BrokenBomb","Moonworks:Homemark","NeowsBlessing","Golden Idol","MealTicket","Pear","Odd Mushroom","TungstenRod"],"acts_visited":["Exordium"],"potions_floor_usage":[13,13,13],"damage_taken":[{"damage":0,"enemies":"Cultist","floor":1,"turns":1},{"damage":0,"enemies":"Gremlin Nob","floor":7,"turns":1},{"damage":0,"enemies":"The Mushroom Lair","floor":10,"turns":1},{"damage":41,"enemies":"Gremlin Nob","floor":12,"turns":5},{"damage":4,"enemies":"Jaw Worm","floor":13,"turns":2},{"damage":2,"enemies":"Small Slimes","floor":14,"turns":3},{"damage":23,"enemies":"Hexaghost","floor":16,"turns":7}],"seed_played":"6725995911322888759","potions_obtained":[{"floor":1,"key":"DistilledChaos"},{"floor":10,"key":"LiquidMemories"},{"floor":12,"key":"Regen Potion"}],"is_trial":false,"path_per_floor":["M","$","?","$","?","R","?","R","T","?","?","E","M","M","R","B"],"character_chosen":"THE_STARBREAKER","items_purchased":["Moonworks:Blazing"],"campfire_rested":1,"item_purchase_floors":[2],"current_hp_per_floor":[60,60,45,45,33,33,33,33,43,43,43,2,3,1,22,0,0],"gold":80,"neow_bonus":"THREE_ENEMY_KILL","is_daily":false,"chose_seed":false,"campfire_upgraded":2,"win_rate":0.0,"timestamp":1612588538,"path_taken":["M","$","?","$","?","R","?","R","T","?","?","E","M","M","R","BOSS"],"items_purchased_type":["Card"],"build_version":"2020-12-22","purchased_purges":0,"victory":false,"max_hp_per_floor":[60,60,60,60,60,60,60,60,70,70,70,70,70,70,70,70,70],"card_choices":[{"not_picked":["Moonworks:TacticalRetreat","Moonworks:CloudOfSeagulls"],"picked":"Moonworks:Assault","floor":1},{"not_picked":["Moonworks:AngelHand","Moonworks:Flamethrower"],"picked":"Moonworks:NicePresent","floor":7},{"not_picked":["Moonworks:LulusLuckyEgg","Moonworks:IndiscriminateFireSupport"],"picked":"Moonworks:CloudOfSeagulls","floor":10},{"not_picked":["Moonworks:DeployBits","Moonworks:EvilSpyWorkPreparation"],"picked":"Moonworks:SinkOrSwim","floor":12},{"not_picked":["Moonworks:Assault","Moonworks:LulusLuckyEgg"],"picked":"Moonworks:EvilSpyWorkPreparation","floor":13},{"not_picked":["Moonworks:SelfDestruct","Moonworks:SealedMemories"],"picked":"Moonworks:SakisCookie","floor":14}],"player_experience":129987,"relics_obtained":[{"floor":7,"key":"MealTicket"},{"floor":9,"key":"Pear"},{"floor":10,"key":"Odd Mushroom"},{"floor":12,"key":"TungstenRod"}],"event_choices":[{"damage_healed":0,"gold_gain":0,"player_choice":"Take Damage","damage_taken":15,"relics_obtained":["Golden Idol"],"max_hp_gain":0,"max_hp_loss":0,"event_name":"Golden Idol","floor":3,"gold_loss":0},{"damage_healed":0,"gold_gain":0,"player_choice":"Entered Light","damage_taken":12,"max_hp_gain":0,"max_hp_loss":0,"event_name":"Shining Light","floor":5,"gold_loss":0,"cards_upgraded":["Moonworks:Assault","Moonworks:Strike"]},{"damage_healed":0,"gold_gain":30,"player_choice":"Searched \u00272\u0027 times","damage_taken":0,"max_hp_gain":0,"max_hp_loss":0,"event_name":"Dead Adventurer","floor":7,"gold_loss":0},{"damage_healed":0,"gold_gain":0,"player_choice":"Fought Mushrooms","damage_taken":0,"max_hp_gain":0,"max_hp_loss":0,"event_name":"Mushrooms","floor":10,"gold_loss":0},{"damage_healed":0,"gold_gain":0,"player_choice":"Left Gold","damage_taken":0,"max_hp_gain":0,"max_hp_loss":0,"event_name":"World of Goop","floor":11,"gold_loss":46}],"is_beta":false,"boss_relics":[],"items_purged_floors":[],"is_endless":false,"potions_floor_spawned":[1,10,12],"killed_by":"Hexaghost","ascension_level":0}}