{"host":"m4wbcutj3xdd6hl7","time":1612619689,"event":{"mods":["Act Like it!","BaseMod","Colored Map","Downfall","Gensokyo","Lobotomy","Marisa£®ÏF”Í°°ƒß¿Ì…≥£©","Minty Spire (QoL Compilation)","Quick Restart","Shop Mod","StSLib","The Hierophant","WarShipGirlsR/’ΩΩ¢…Ÿ≈ÆR mod","[IsaacMod]“‘»ˆº‚À˛","noobMod","°æ“≈ŒÔø®≈∆°øREMEMod"],"gold_per_floor":[110,125,125,125,145,178,189,189,189,204,204,236,251,168,168,301,301,312,272,287,92,92,126,142,142,142,170,50,250,250,285,285,587,587,904,919,919,919,938,963,963,982,1051,905,919,938,938,957,957,957,957,957,957,991,991,991],"floor_reached":55,"language":"ZHS","playtime":5346,"items_purged":["rmod:strick","Apo_Beam"],"score":967,"play_id":"84ccccdd-9fdd-4a16-b505-9c45560c6990","local_time":"20210206215449","is_ascension_mode":false,"campfire_choices":[{"data":"hierophant:Determination","floor":8,"key":"SMITH"},{"data":"rmod:expedition","floor":15,"key":"SMITH"},{"data":"rmod:strick","floor":30,"key":"PURGE"},{"data":"rmod:strick","floor":32,"key":"PURGE"},{"floor":41,"key":"RECALL"},{"data":"Apo_Beam","floor":49,"key":"PURGE"},{"data":"Apo_Charge","floor":52,"key":"PURGE"}],"circlet_count":0,"master_deck":["Apo_Pray","Apo_SoulSlash","Apo_Charge","Apo_Charge","Apo_Beam","Apo_Execute","Apo_Slash","Apo_Slash","Apo_SoulSlash","BigBird","rmod:goodfighter","BodiesMountain","rmod:mineteam+1","BlackSwan","NothingThere","SingingMachine","Alriune","HeroicMonk"],"relics":["rmod:firstchargereward","ice","REME_ComplimentaryCards","HushsDoor","CogitoBucket","D6","Pantograph","DeadEye","Gensokyo:YoukaiFlower","Smiling Mask","bronze:MakeshiftBattery","BehaviorAdjustment","SteamSale","GuppysTail","Calipers","Gensokyo:LionMask","Peace Pipe","Peace Pipe","StoneCalendar","REME_ChargedStone","AtMidnight","HellTrain","Pen Nib","ApostleMask","BelialBook","SteamSale","PunchingBag","Toolbox","StrikeDummy","Dream Catcher","Orrery","Boot","Bag of Marbles","Happy Flower","Eternal Feather"],"acts_visited":["Gensokyo:Gensokyo","Gensokyo:Gensokyoer","Gensokyo:Gensokyoest","TheEnding"],"potions_floor_usage":[6,16,16,55,55],"damage_taken":[{"damage":5,"enemies":"Gensokyo:Python","floor":1,"turns":3},{"damage":4,"enemies":"Gensokyo:3_Fairies","floor":2,"turns":6},{"damage":9,"enemies":"Gensokyo:Gryphon","floor":5,"turns":5},{"damage":41,"enemies":"Gensokyo:Aya","floor":6,"turns":7},{"damage":0,"enemies":"Gensokyo:LivingMonolith","floor":7,"turns":3},{"damage":73,"enemies":"Gensokyo:Python_and_Kodama","floor":10,"turns":5},{"damage":11,"enemies":"Gensokyo:Mamizou","floor":12,"turns":5},{"damage":0,"enemies":"Gensokyo:3_Kodama","floor":13,"turns":2},{"damage":55,"enemies":"Gensokyo:Reimu","floor":16,"turns":9},{"damage":41,"enemies":"Gensokyo:3_Dogs","floor":18,"turns":3},{"damage":60,"enemies":"Gensokyo:CosmicMonolith","floor":20,"turns":6},{"damage":53,"enemies":"Gensokyo:Tenshi","floor":23,"turns":3},{"damage":100,"enemies":"Gensokyo:Wraith","floor":24,"turns":2},{"damage":0,"enemies":"Gensokyo:Reisen","floor":27,"turns":2},{"damage":29,"enemies":"Gensokyo:Reisen","floor":29,"turns":6},{"damage":0,"enemies":"Gensokyo:Tenshi","floor":31,"turns":2},{"damage":40,"enemies":"Gensokyo:Eternal_Rivals","floor":33,"turns":5},{"damage":52,"enemies":"Gensokyo:AncientGuardian","floor":35,"turns":4},{"damage":3,"enemies":"Gensokyo:3_Bats","floor":36,"turns":2},{"damage":0,"enemies":"Gensokyo:3_Boulders","floor":39,"turns":1},{"damage":0,"enemies":"Gensokyo:Doremy","floor":40,"turns":1},{"damage":0,"enemies":"Gensokyo:Rafflesia","floor":42,"turns":2},{"damage":0,"enemies":"Gensokyo:Dusk_and_Dawn","floor":45,"turns":1},{"damage":0,"enemies":"Gensokyo:4_Bats","floor":46,"turns":1},{"damage":0,"enemies":"Gensokyo:SeedOfUnknown","floor":48,"turns":1},{"damage":30,"enemies":"Gensokyo:Yuyuko","floor":50,"turns":2},{"damage":0,"enemies":"Shield and Spear","floor":54,"turns":2},{"damage":178,"enemies":"Delirium","floor":55,"turns":3}],"seed_played":"-2175384538850311199","potions_obtained":[{"floor":1,"key":"Slimebound:ThreeZeroPotion"},{"floor":5,"key":"LiquidMemories"},{"floor":7,"key":"REME_GoldPotion"},{"floor":16,"key":"Fire Potion"},{"floor":23,"key":"Slimebound:ThreeZeroPotion"},{"floor":33,"key":"DuplicationPotion"}],"is_trial":false,"path_per_floor":["M","M","?","?","M","E","M","R","T","M","?","E","M","$","R","B",null,"M","?","M","COS","?","E","M","?","T","E","?","?","R","E","R","B",null,"M","M","?","M","M","E","R","M","T","$","M","M","$","M","R","B",null,"R","$","E","B"],"character_chosen":"PRAEFECT","items_purchased":["rmod:expedition","Diplopia","PunchingBag","Toolbox","StrikeDummy","Dream Catcher","Orrery","Bag of Marbles","Happy Flower"],"campfire_rested":0,"item_purchase_floors":[14,44,44,44,47,47,47,53,53],"current_hp_per_floor":[70,66,66,66,57,16,16,16,16,14,14,9,10,10,10,16,88,49,49,69,69,69,20,81,130,130,155,155,161,161,175,175,112,179,147,163,163,178,178,178,178,178,178,178,178,178,178,178,178,178,178,178,178,178,0,0],"gold":991,"neow_bonus":"","is_daily":false,"chose_seed":false,"campfire_upgraded":2,"win_rate":0.0,"timestamp":1612619689,"path_taken":["M","M","?","?","M","E","M","R","T","?","?","E","M","$","R","BOSS","M","?","M","COS","?","E","?","?","T","E","?","?","R","E","R","BOSS","M","M","?","M","M","E","R","?","T","$","M","M","$","M","R","BOSS","R","$","E","BOSS"],"items_purchased_type":["Card","Relic","Relic","Relic","Relic","Relic","Relic","Relic","Relic"],"build_version":"2020-12-22","purchased_purges":2,"victory":false,"max_hp_per_floor":[75,75,75,75,75,75,75,75,75,81,81,82,84,84,84,88,88,91,91,165,165,165,168,168,168,168,168,168,172,172,175,175,179,179,182,182,182,182,182,182,182,182,182,182,182,182,182,182,182,182,182,182,182,182,280,280],"card_choices":[{"not_picked":[],"picked":"EpicFetus","floor":0},{"not_picked":["BlackSwan","Bloodbath"],"picked":"CrumblingArmor","floor":1},{"not_picked":["rmod:rockthrower","rmod:fletcherpendant"],"picked":"rmod:aviationdawn","floor":1},{"not_picked":["NakedNest","OSAHOGD"],"picked":"BeautyBeast","floor":2},{"not_picked":["rmod:steelsupply","rmod:aggressivemary"],"picked":"rmod:guardianhero","floor":2},{"not_picked":["OSAHOGD","Murderer"],"picked":"ShyLook","floor":5},{"not_picked":["rmod:unsinkable","rmod:fuelsupply"],"picked":"rmod:aviationdawn","floor":5},{"not_picked":["OldLady","MeatLantern"],"picked":"FieryBird","floor":6},{"not_picked":["rmod:sl","rmod:slowdown"],"picked":"rmod:salvage","floor":6},{"not_picked":["rmod:tearstotiara","rmod:abidefaith"],"picked":"rmod:chargemoney","floor":7},{"not_picked":["MHz","RedShoes"],"picked":"Scorched","floor":7},{"not_picked":["PunishingBird","SpiderBud"],"picked":"Bloodbath","floor":10},{"not_picked":["rmod:overbreakdown","rmod:selfconfidence","rmod:firesupport"],"picked":"SKIP","floor":10},{"not_picked":["rmod:lonelyqueen","rmod:fuelsupply"],"picked":"rmod:firesupport","floor":12},{"not_picked":["Scarecrow","PunishingBird"],"picked":"MeatLantern","floor":12},{"not_picked":["OldLady","PunishingBird"],"picked":"HappyTeddy","floor":13},{"not_picked":["rmod:goodsister","rmod:generalist"],"picked":"rmod:ring","floor":13},{"not_picked":["CherryBlossoms","MHz"],"picked":"PunishingBird","floor":16},{"not_picked":["rmod:ridicule","rmod:fletcher"],"picked":"rmod:supriseattacks","floor":16},{"not_picked":["GalaxyChild","UniverseFragment"],"picked":"OldLady","floor":18},{"not_picked":["rmod:intelligenceanalysis+1","rmod:overbreakdown"],"picked":"rmod:luckystar+1","floor":18},{"not_picked":["WhitesApple","MeltingLove"],"picked":"Mercenary","floor":20},{"not_picked":["rmod:firesupport","rmod:ammunitionsupply","rmod:abidefaith"],"picked":"SKIP","floor":20},{"not_picked":["rmod:garrisonisland","rmod:capitalist"],"picked":"rmod:chargemoney+1","floor":23},{"not_picked":["DreamingCurrent","Murderer"],"picked":"SilentOrchestra","floor":23},{"not_picked":["Yin","SpiderBud"],"picked":"LongBird","floor":24},{"not_picked":["rmod:firesupport","rmod:supportescort","rmod:robin"],"picked":"SKIP","floor":24},{"not_picked":["rmod:firesupport","rmod:supportescort","rmod:robin"],"picked":"SKIP","floor":24},{"not_picked":["Freischutz","FairyFestival"],"picked":"Yin","floor":27},{"not_picked":["rmod:aluminumsupply","rmod:aviationdawn","rmod:launchingtorpedo"],"picked":"SKIP","floor":27},{"not_picked":["rmod:combined","rmod:diamondstrike+1"],"picked":"rmod:unsinkable","floor":29},{"not_picked":["WallGazer","CherryBlossoms"],"picked":"Rudolta","floor":29},{"not_picked":["MeltingLove","WhitesApple"],"picked":"BigBadWolf","floor":31},{"not_picked":["rmod:supportescort","rmod:slowdown+1","rmod:aluminumsupply+1"],"picked":"SKIP","floor":31},{"not_picked":["QueenBee","Wellcheers"],"picked":"Freischutz","floor":33},{"not_picked":["rmod:saltedfish","rmod:secretscript"],"picked":"rmod:acesubmarine","floor":33},{"not_picked":["Variant","Scarecrow"],"picked":"PlagueDoctor","floor":35},{"not_picked":["rmod:mineteam","rmod:advancebysurprise+1","rmod:victimresponsibility+1"],"picked":"SKIP","floor":35},{"not_picked":["Wellcheers","GalaxyChild"],"picked":"BlueStar","floor":36},{"not_picked":["rmod:steelsupply+1","rmod:aviationdawn","rmod:aluminumsupply+1"],"picked":"SKIP","floor":36},{"not_picked":["VoidDream","HeroicMonk"],"picked":"BigBird","floor":39},{"not_picked":["rmod:garrisonisland+1","rmod:highspeedshooting"],"picked":"rmod:goodfighter","floor":39},{"not_picked":["Laetitia","MeltingLove"],"picked":"BodiesMountain","floor":40},{"not_picked":["rmod:aviationdawn","rmod:tearstotiara+1"],"picked":"rmod:mineteam+1","floor":40},{"not_picked":["SingingMachine","BlackArmy"],"picked":"BlackSwan","floor":42},{"not_picked":["rmod:unsinkable","rmod:firesupport","rmod:slowdown"],"picked":"SKIP","floor":42},{"not_picked":["MeltingLove","WhiteNight"],"picked":"NothingThere","floor":45},{"not_picked":["rmod:shuttlebombing+1","rmod:heivgo","rmod:supportaircraftcarrier+1"],"picked":"SKIP","floor":45},{"not_picked":["FieryBird","BigBadWolf"],"picked":"SingingMachine","floor":46},{"not_picked":["rmod:highspeedshooting","rmod:secretscript","rmod:luckystar"],"picked":"SKIP","floor":46},{"not_picked":["VoidDream","Laetitia"],"picked":"Alriune","floor":48},{"not_picked":["rmod:circuitoustactics","rmod:launchingtorpedo","rmod:intelligenceanalysis+1"],"picked":"SKIP","floor":48},{"not_picked":["SilentOrchestra","LittleHelper"],"picked":"HeroicMonk","floor":54},{"not_picked":["rmod:goodsister","rmod:aluminumsupply+1","rmod:steelsupply+1"],"picked":"SKIP","floor":54}],"player_experience":859611,"relics_obtained":[{"floor":6,"key":"Pantograph"},{"floor":9,"key":"DeadEye"},{"floor":12,"key":"Smiling Mask"},{"floor":23,"key":"Vajra"},{"floor":26,"key":"GuppysTail"},{"floor":27,"key":"Calipers"},{"floor":29,"key":"Peace Pipe"},{"floor":29,"key":"Peace Pipe"},{"floor":29,"key":"StoneCalendar"},{"floor":35,"key":"AtMidnight"},{"floor":40,"key":"BelialBook"},{"floor":54,"key":"Eternal Feather"}],"event_choices":[],"is_beta":false,"boss_relics":[{"not_picked":["Runic Dome","Velvet Choker"],"picked":"bronze:MakeshiftBattery"},{"not_picked":[]},{"not_picked":["Tiny House","Pandora\u0027s Box"],"picked":"REME_ChargedStone"},{"not_picked":[]}],"items_purged_floors":[14,44],"is_endless":false,"potions_floor_spawned":[1,5,7,16,23,33,35,42,45,54],"killed_by":"Delirium","ascension_level":0}}