{"host":"0hb9w7uizu7y13wj","time":1612641623,"event":{"mods":["Act Like it!","Aspiration","BaseMod","BetterRewards","Colored Map","Conspire","Downfall","Energized Spire","FTL Soundtrack","Friendly Minions","Halation","Hubris","Infinite Spire","Minty Spire (QoL Compilation)","Quick Restart","Replay The Spire","StSLib","Synergy Search","The Hierophant","The Jungle","The Poker Player","Trackpad","everything is the same but u backflip on backflip"],"gold_per_floor":[119,99,113,131,143,143,178,193,266,293,293,131,159,175,175,253,253,269,269,269],"floor_reached":19,"language":"ENG","playtime":1002,"items_purged":["Strike_R"],"score":578,"play_id":"2a6c3051-948d-4f75-b329-4301dca71ab6","local_time":"20210206200023","is_ascension_mode":true,"campfire_choices":[{"data":"Bash","floor":6.0,"key":"SMITH"},{"data":"Replay:Sssssssssshield","floor":11.0,"key":"SMITH"},{"floor":15.0,"key":"REST"}],"circlet_count":0,"master_deck":["AscendersBane","Strike_R","Strike_R","Strike_R","Strike_R","Defend_R","Defend_R","Defend_R","Defend_R","Bash+1","Replay:Sssssssssshield+1","Panacea","hubris:CleavingFinish","Uppercut","infinitespire:OneForAll","Ghostly Armor","Limit Break","Heavy Blade","Shrug It Off","Exhume"],"relics":["Burning Blood","aspiration:AnachronicSnailShell","Sling","halation:TwoAmDonut","Kunai","Blood Vial","halation:LettersToHer","Self Forming Clay","ChewingGum"],"acts_visited":["Exordium","TheCity"],"potions_floor_usage":[],"damage_taken":[{"damage":0.0,"enemies":"conspire:RoseBush","floor":1.0,"turns":5.0},{"damage":1.0,"enemies":"Cultist","floor":3.0,"turns":4.0},{"damage":4.0,"enemies":"2 Louse","floor":4.0,"turns":2.0},{"damage":2.0,"enemies":"Looter","floor":5.0,"turns":4.0},{"damage":2.0,"enemies":"Gremlin Nob","floor":7.0,"turns":4.0},{"damage":7.0,"enemies":"3 Louse","floor":8.0,"turns":4.0},{"damage":8.0,"enemies":"Lagavulin","floor":10.0,"turns":6.0},{"damage":35.0,"enemies":"3 Sentries","floor":13.0,"turns":10.0},{"damage":15.0,"enemies":"Exordium Wildlife","floor":14.0,"turns":7.0},{"damage":1.0,"enemies":"The Guardian","floor":16.0,"turns":12.0},{"damage":22.0,"enemies":"3 Byrds","floor":18.0,"turns":13.0},{"damage":0,"enemies":"conspire:FuzzyDice","floor":19,"turns":1}],"seed_played":"3089773967313119688","potions_obtained":[{"floor":1.0,"key":"FearPotion"},{"floor":2.0,"key":"Doom Potion"},{"floor":3.0,"key":"Death Potion"},{"floor":5.0,"key":"Cursed Concoction"},{"floor":10.0,"key":"Elixir"},{"floor":18.0,"key":"Fire Potion"}],"is_trial":false,"path_per_floor":["M","?","M","M","M","R","E","M","T","E","R","$","E","M","R","B",null,"M","M"],"character_chosen":"IRONCLAD","items_purchased":["Replay:Sssssssssshield","Panacea","Sling","hubris:CleavingFinish","Uppercut","halation:LettersToHer"],"campfire_rested":1,"item_purchase_floors":[0,0,0,0,0,12],"current_hp_per_floor":[39,39,44,46,50,50,54,53,53,51,51,51,24,17,39,46,68,54,56,56],"gold":269,"neow_bonus":"","is_daily":false,"chose_seed":false,"campfire_upgraded":2,"win_rate":0.0,"timestamp":1612641623,"path_taken":["M","?","M","?","M","R","E","M","T","E","R","$","E","M","R","BOSS","M","M"],"items_purchased_type":["Card","Card","Relic","Card","Card","Relic"],"build_version":"2020-12-22","purchased_purges":1,"victory":false,"max_hp_per_floor":[75,75,75,75,75,75,75,75,75,75,75,75,75,75,75,75,75,75,75,75],"card_choices":[{"not_picked":["Fire Breathing","Feel No Pain"],"picked":"infinitespire:OneForAll","floor":1.0},{"not_picked":["Warcry","Power Through","Clash"],"picked":"SKIP","floor":3.0},{"not_picked":["Wild Strike","Intimidate","Thunderclap"],"picked":"SKIP","floor":4.0},{"not_picked":["Perfected Strike","Run Through","conspire:ExplosiveBarrier"],"picked":"SKIP","floor":5.0},{"not_picked":["Clash","Thunderclap","Headbutt"],"picked":"SKIP","floor":7.0},{"not_picked":["Dark Embrace","ReplayTheSpireMod:Strike From Hell"],"picked":"Ghostly Armor","floor":8.0},{"not_picked":["Massacre","Havoc"],"picked":"Limit Break","floor":10.0},{"not_picked":["Warcry","Replay:Undeath\u0027s Touch"],"picked":"Heavy Blade","floor":13.0},{"not_picked":["Rupture","ReplayTheSpireMod:Corrosion Curse"],"picked":"Shrug It Off","floor":14.0},{"not_picked":["Juggernaut","Eclipse"],"picked":"Exhume","floor":16.0},{"not_picked":["Perfected Strike","ReplayTheSpireMod:Corrosion Curse","Run Through"],"picked":"SKIP","floor":18.0}],"player_experience":963891,"relics_obtained":[{"floor":7.0,"key":"halation:TwoAmDonut"},{"floor":9.0,"key":"Kunai"},{"floor":10.0,"key":"Blood Vial"},{"floor":13.0,"key":"Self Forming Clay"}],"event_choices":[{"damage_healed":0.0,"max_hp_gain":0.0,"max_hp_loss":0.0,"gold_gain":0.0,"event_name":"The Woman in Blue","player_choice":"Bought 1 Potion","floor":2.0,"gold_loss":0.0,"damage_taken":0.0}],"is_beta":false,"boss_relics":[{"not_picked":["energizedSpire:CursedPentagram","energizedSpire:EnergizedDie"],"picked":"ChewingGum"}],"items_purged_floors":[0],"is_endless":false,"potions_floor_spawned":[1,3,5,8,10,18],"killed_by":"conspire:FuzzyDice","ascension_level":20}}