{"host":"bf5upntvbdompq33","time":1612574967,"event":{"mods":["BaseMod","Colored Map","Colored Powertips","Curses Come First","Minty Spire (QoL Compilation)","StSLib","The Dragon Tamer","The Hierophant","The Marked","The Mystic","The Servant 0.9.4"],"gold_per_floor":[359,359,377,394,31,31,56,56,56,69,69,101,121,133,133,236,236,249,268,278,21,21,21],"floor_reached":22,"language":"ENG","playtime":4060,"items_purged":["Pain","Writhe"],"score":297,"play_id":"8e07eb35-423f-470d-bba3-103eccb85dd8","local_time":"20210205182927","is_ascension_mode":true,"campfire_choices":[{"data":"Beam Cell","floor":6,"key":"SMITH"},{"data":"Auto Shields","floor":8,"key":"SMITH"},{"floor":11,"key":"REST"},{"data":"Reboot","floor":15,"key":"SMITH"}],"circlet_count":0,"master_deck":["AscendersBane","Strike_B","Strike_B","Strike_B","Strike_B","Defend_B","Defend_B","Defend_B","Defend_B","Zap","Dualcast","Gash","Beam Cell+1","Auto Shields+1","Gash","Conserve Battery","Gash","Self Repair","Reboot+1","Buffer","White Noise","Hologram","Melter"],"relics":["Cracked Core","WarpedTongs","Bag of Preparation","Happy Flower","Gremlin Horn","Question Card","Anchor","SlaversCollar","Bag of Marbles"],"acts_visited":["Exordium","TheCity"],"potions_floor_usage":[7,14,19,20],"damage_taken":[{"damage":18,"enemies":"Jaw Worm","floor":1,"turns":4},{"damage":4,"enemies":"Cultist","floor":3,"turns":3},{"damage":2,"enemies":"2 Louse","floor":4,"turns":3},{"damage":10,"enemies":"Gremlin Nob","floor":7,"turns":3},{"damage":6,"enemies":"Lots of Slimes","floor":10,"turns":3},{"damage":11,"enemies":"Lagavulin","floor":12,"turns":6},{"damage":0,"enemies":"Gremlin Gang","floor":13,"turns":4},{"damage":0,"enemies":"Blue Slaver","floor":14,"turns":2},{"damage":8,"enemies":"Slime Boss","floor":16,"turns":8},{"damage":0,"enemies":"Chosen","floor":18,"turns":3},{"damage":13,"enemies":"3 Byrds","floor":19,"turns":5},{"damage":33,"enemies":"Snecko","floor":20,"turns":9},{"damage":48,"enemies":"Snake Plant","floor":22,"turns":5}],"seed_played":"7637274300328570358","potions_obtained":[{"floor":1,"key":"Fire Potion"},{"floor":7,"key":"Dexterity Potion"},{"floor":12,"key":"FocusPotion"},{"floor":13,"key":"Swift Potion"},{"floor":14,"key":"Strength Potion"},{"floor":19,"key":"GamblersBrew"}],"is_trial":false,"path_per_floor":["M","?","M","M","$","R","E","R","T","M","R","E","M","M","R","B",null,"M","M","M","$","M"],"character_chosen":"DEFECT","items_purchased":["Bag of Preparation","Happy Flower","Bag of Marbles"],"campfire_rested":1,"item_purchase_floors":[5,5,21],"current_hp_per_floor":[50,50,46,44,44,44,34,34,34,28,50,39,39,49,49,48,68,75,69,43,43,0,0],"gold":21,"neow_bonus":"TWO_FIFTY_GOLD","is_daily":false,"chose_seed":false,"campfire_upgraded":3,"win_rate":0.0,"timestamp":1612574967,"path_taken":["M","?","M","M","$","R","E","R","T","M","R","E","M","M","R","BOSS","M","?","M","$","M"],"items_purchased_type":["Relic","Relic","Relic"],"build_version":"2020-12-22","purchased_purges":2,"victory":false,"max_hp_per_floor":[75,75,75,75,75,75,75,75,75,75,75,75,75,75,75,75,75,75,75,75,75,75,75],"card_choices":[{"not_picked":["Turbo","Go for the Eyes"],"picked":"Gash","floor":1},{"not_picked":["Recycle","Cold Snap"],"picked":"Beam Cell","floor":3},{"not_picked":["Force Field","Turbo"],"picked":"Auto Shields","floor":4},{"not_picked":["Buffer","Steam"],"picked":"Gash","floor":7},{"not_picked":["Tempest","Chaos","Doom and Gloom"],"picked":"Conserve Battery","floor":10},{"not_picked":["Darkness","Rebound","Compile Driver"],"picked":"Gash","floor":12},{"not_picked":["Coolheaded","Darkness","Doom and Gloom"],"picked":"Self Repair","floor":13},{"not_picked":["Leap","Redo","Darkness"],"picked":"Reboot","floor":14},{"not_picked":["Core Surge","Machine Learning","Seek"],"picked":"Buffer","floor":16},{"not_picked":["Stack","Leap","Beam Cell"],"picked":"White Noise","floor":18},{"not_picked":["Turbo+1","Cold Snap","Redo"],"picked":"Hologram","floor":19},{"not_picked":["Self Repair","Rip and Tear","Skim"],"picked":"Melter","floor":20}],"player_experience":1435317,"relics_obtained":[{"floor":7,"key":"Gremlin Horn"},{"floor":9,"key":"Question Card"},{"floor":12,"key":"Anchor"}],"event_choices":[{"damage_healed":0,"gold_gain":0,"player_choice":"Rummage","damage_taken":0,"relics_obtained":["WarpedTongs"],"max_hp_gain":0,"max_hp_loss":0,"event_name":"Accursed Blacksmith","floor":2,"gold_loss":0,"cards_obtained":["Pain"]}],"is_beta":false,"boss_relics":[{"not_picked":["Sozu","Fusion Hammer"],"picked":"SlaversCollar"}],"items_purged_floors":[5,21],"is_endless":false,"potions_floor_spawned":[1,7,12,13,14,16,19],"killed_by":"Snake Plant","ascension_level":10}}