{"host":"zsf7u5n6ehqeseos","time":1612630653,"event":{"mods":["AchievementEnabler","BaseMod","Colored Map","Colored Powertips","Googly Eyes","Minty Spire (QoL Compilation)"],"gold_per_floor":[113,113,123,198,198,198,226,226,296,307,307,23,23,39,39,140,140,159,359,372,386,67,67,99,99,124,156,156,190,44,44,44,147,147,157,210,42,0,0,0,30,80,105,130,130,148,148,167,167,167],"floor_reached":51,"language":"ENG","playtime":2814,"items_purged":["Strike_B"],"score":1162,"play_id":"b99be8df-e5c6-4e93-aeb1-ae603beb3082","local_time":"20210206175733","is_ascension_mode":true,"campfire_choices":[{"floor":6.0,"key":"REST"},{"floor":8.0,"key":"REST"},{"data":"Double Energy","floor":11.0,"key":"SMITH"},{"floor":15.0,"key":"REST"},{"floor":23,"key":"REST"},{"floor":25,"key":"REST"},{"floor":32,"key":"REST"},{"floor":40,"key":"REST"},{"floor":45,"key":"RECALL"},{"floor":47,"key":"REST"},{"floor":49,"key":"REST"}],"circlet_count":0,"master_deck":["Strike_B","Defend_B","Defend_B","Defend_B+1","Defend_B+1","Zap","Ball Lightning","Steam","Double Energy+1","Amplify","Sunder","Cold Snap","Hello World","Electrodynamics","Self Repair","Cold Snap","Conserve Battery","Static Discharge","Mayhem","Buffer","Barrage","Ghostly","Ghostly","Ghostly","Ghostly","Ghostly","Capacitor","Thunder Strike","Redo+1","Double Energy","Apotheosis","White Noise+1","Rainbow","Tempest+1"],"relics":["Cracked Core","Art of War","Omamori","Bottled Lightning","Happy Flower","Fusion Hammer","Orichalcum","Bag of Preparation","Bottled Tornado","DataDisk","Lee\u0027s Waffle","Necronomicon","SlaversCollar","Ice Cream","Red Mask","Regal Pillow","FossilizedHelix","Toy Ornithopter","Pocketwatch"],"acts_visited":["Exordium","TheCity","TheBeyond"],"potions_floor_usage":[21,33,33,36,50,50,50],"damage_taken":[{"damage":11.0,"enemies":"Small Slimes","floor":1.0,"turns":4.0},{"damage":0.0,"enemies":"2 Louse","floor":3.0,"turns":3.0},{"damage":31.0,"enemies":"Lagavulin","floor":7.0,"turns":6.0},{"damage":0.0,"enemies":"Jaw Worm","floor":10.0,"turns":3.0},{"damage":7.0,"enemies":"Red Slaver","floor":14.0,"turns":4.0},{"damage":7.0,"enemies":"The Guardian","floor":16.0,"turns":13.0},{"damage":8.0,"enemies":"Spheric Guardian","floor":18.0,"turns":4.0},{"damage":18.0,"enemies":"2 Thieves","floor":20.0,"turns":3.0},{"damage":19,"enemies":"Snake Plant","floor":21,"turns":3},{"damage":36,"enemies":"Gremlin Leader","floor":24,"turns":6},{"damage":25,"enemies":"Book of Stabbing","floor":27,"turns":5},{"damage":0,"enemies":"Gremlin Leader","floor":29,"turns":7},{"damage":20,"enemies":"Champ","floor":33,"turns":9},{"damage":0,"enemies":"3 Shapes","floor":35,"turns":3},{"damage":20,"enemies":"2 Orb Walkers","floor":36,"turns":4},{"damage":3,"enemies":"Reptomancer","floor":41,"turns":4},{"damage":2,"enemies":"Mind Bloom Boss Battle","floor":42,"turns":6},{"damage":0,"enemies":"Nemesis","floor":44,"turns":5},{"damage":0,"enemies":"3 Darklings","floor":46,"turns":4},{"damage":0,"enemies":"Jaw Worm Horde","floor":48,"turns":3},{"damage":0,"enemies":"Awakened One","floor":50,"turns":8}],"seed_played":"-2369661170899551444","potions_obtained":[{"floor":16.0,"key":"Strength Potion"},{"floor":18.0,"key":"FocusPotion"},{"floor":21,"key":"FocusPotion"},{"floor":24,"key":"SmokeBomb"},{"floor":33,"key":"FearPotion"},{"floor":35,"key":"Weak Potion"},{"floor":42,"key":"SkillPotion"},{"floor":46,"key":"FearPotion"}],"is_trial":false,"path_per_floor":["M","?","M","?","?","R","E","R","T","M","R","$","?","M","R","B",null,"M","?","M","M","$","R","E","R","T","E","?","E","$","?","R","B",null,"M","?","$","?","?","R","E","?","T","E","R","M","R","M","R","B",null],"character_chosen":"DEFECT","items_purchased":["Sunder","Happy Flower","Cold Snap","Static Discharge","Mayhem","Lee\u0027s Waffle","Apotheosis"],"campfire_rested":9,"item_purchase_floors":[12,12,12,22,22,30,37],"current_hp_per_floor":[57,57,57,46,31,53,22,44,44,44,44,44,37,30,52,45,68,60,60,49,37,37,59,37,59,59,34,34,37,44,28,41,28,40,44,31,31,31,31,44,44,44,44,44,44,44,44,44,44,44],"gold":167,"neow_bonus":"RANDOM_COMMON_RELIC","is_daily":false,"chose_seed":false,"campfire_upgraded":1,"win_rate":0.0,"timestamp":1612630653,"path_taken":["M","?","M","?","?","R","E","R","T","M","R","$","?","M","R","BOSS","M","?","M","?","$","R","E","R","T","E","?","E","$","?","R","BOSS","M","?","$","?","?","R","E","?","T","E","R","?","R","M","R","BOSS"],"items_purchased_type":["Card","Relic","Card","Card","Card","Relic","Card"],"build_version":"2020-12-22","purchased_purges":1,"victory":true,"max_hp_per_floor":[75,75,75,75,75,75,75,75,75,75,75,75,75,75,75,75,75,75,75,75,75,75,75,75,75,75,75,37,37,44,44,44,44,44,44,44,44,44,44,44,44,44,44,44,44,44,44,44,44,44],"card_choices":[{"not_picked":["Cold Snap","Conserve Battery"],"picked":"Ball Lightning","floor":1.0},{"not_picked":["Auto Shields","Heatsinks"],"picked":"Double Energy","floor":3.0},{"not_picked":["Streamline","Steam"],"picked":"Amplify","floor":7.0},{"not_picked":["Sweeping Beam","Beam Cell","Go for the Eyes"],"picked":"SKIP","floor":10.0},{"not_picked":["Chill","Steam"],"picked":"Hello World","floor":14.0},{"not_picked":["All For One","Hyperbeam"],"picked":"Electrodynamics","floor":16.0},{"not_picked":["FTL","Genetic Algorithm"],"picked":"Self Repair","floor":18.0},{"not_picked":["BootSequence+1","Redo"],"picked":"Cold Snap","floor":20.0},{"not_picked":["Sweeping Beam","Gash+1"],"picked":"Conserve Battery","floor":21},{"not_picked":["Rainbow","Darkness"],"picked":"Buffer","floor":24},{"not_picked":["Cold Snap","Barrage","Compile Driver"],"picked":"SKIP","floor":27},{"not_picked":["Cold Snap","Compile Driver"],"picked":"Barrage","floor":27},{"not_picked":["All For One","Auto Shields"],"picked":"Capacitor","floor":29},{"not_picked":["Seek","Machine Learning"],"picked":"Thunder Strike","floor":33},{"not_picked":["Aggregate","Double Energy+1"],"picked":"Redo+1","floor":35},{"not_picked":["Gash","Leap"],"picked":"Double Energy","floor":36},{"not_picked":["Coolheaded+1","Steam"],"picked":"White Noise+1","floor":41},{"not_picked":["Chaos","Hologram+1"],"picked":"Rainbow","floor":44},{"not_picked":["Beam Cell","Blizzard"],"picked":"Tempest+1","floor":46},{"not_picked":["Blizzard+1","Heatsinks","Beam Cell"],"picked":"SKIP","floor":48}],"player_experience":210590,"relics_obtained":[{"floor":7.0,"key":"Omamori"},{"floor":9.0,"key":"Bottled Lightning"},{"floor":24,"key":"Orichalcum"},{"floor":26,"key":"Bag of Preparation"},{"floor":27,"key":"Bottled Tornado"},{"floor":29,"key":"DataDisk"},{"floor":31,"key":"Necronomicon"},{"floor":36,"key":"Ice Cream"},{"floor":41,"key":"Regal Pillow"},{"floor":42,"key":"FossilizedHelix"},{"floor":43,"key":"Toy Ornithopter"},{"floor":44,"key":"Pocketwatch"}],"event_choices":[{"damage_healed":0.0,"max_hp_gain":0.0,"max_hp_loss":0.0,"gold_gain":0.0,"cards_transformed":["Strike_B"],"event_name":"Living Wall","player_choice":"Change","floor":2.0,"gold_loss":0.0,"damage_taken":0.0,"cards_obtained":["Steam"]},{"damage_healed":0.0,"max_hp_gain":0.0,"max_hp_loss":0.0,"gold_gain":75.0,"event_name":"World of Goop","player_choice":"Gather Gold","floor":4.0,"gold_loss":0.0,"damage_taken":11.0},{"damage_healed":0.0,"max_hp_gain":0.0,"max_hp_loss":0.0,"gold_gain":0.0,"event_name":"Shining Light","player_choice":"Entered Light","floor":5.0,"gold_loss":0.0,"damage_taken":15.0,"cards_upgraded":["Defend_B","Defend_B"]},{"cards_removed":["Strike_B"],"damage_healed":0.0,"max_hp_gain":0.0,"max_hp_loss":0.0,"gold_gain":0.0,"event_name":"Golden Wing","player_choice":"Card Removal","floor":13.0,"gold_loss":0.0,"damage_taken":7.0},{"damage_healed":0.0,"max_hp_gain":0.0,"max_hp_loss":0.0,"gold_gain":200.0,"event_name":"Wheel of Change","player_choice":"Gold","floor":19.0,"gold_loss":0.0,"damage_taken":0.0},{"damage_healed":0,"gold_gain":0,"player_choice":"Became a Ghost","damage_taken":0,"max_hp_gain":0,"max_hp_loss":38,"event_name":"Ghosts","floor":28,"gold_loss":0,"cards_obtained":["Ghostly","Ghostly","Ghostly","Ghostly","Ghostly"]},{"damage_healed":0,"gold_gain":0,"player_choice":"Obtained Book","damage_taken":16,"max_hp_gain":0,"max_hp_loss":0,"event_name":"Cursed Tome","floor":31,"gold_loss":0},{"damage_healed":0,"gold_gain":0,"player_choice":"Fight","damage_taken":0,"max_hp_gain":0,"max_hp_loss":0,"event_name":"Mysterious Sphere","floor":36,"gold_loss":0},{"damage_healed":0,"gold_gain":0,"player_choice":"Paid","damage_taken":0,"relics_obtained":["Red Mask"],"max_hp_gain":0,"max_hp_loss":0,"event_name":"Tomb of Lord Red Mask","floor":38,"gold_loss":42},{"cards_removed":["Dualcast"],"damage_healed":0,"gold_gain":0,"player_choice":"Removed Skill","damage_taken":0,"max_hp_gain":0,"max_hp_loss":0,"event_name":"Falling","floor":39,"gold_loss":0},{"damage_healed":0,"gold_gain":0,"player_choice":"Fight","damage_taken":0,"max_hp_gain":0,"max_hp_loss":0,"event_name":"MindBloom","floor":42,"gold_loss":0}],"is_beta":false,"boss_relics":[{"not_picked":["Runic Dome","Busted Crown"],"picked":"Fusion Hammer"},{"not_picked":["Snecko Eye","Philosopher\u0027s Stone"],"picked":"SlaversCollar"}],"items_purged_floors":[22],"is_endless":false,"potions_floor_spawned":[16,18,21,24,33,35,42,46],"ascension_level":7}}