{"host":"5jdby9iqu3ct6557","time":1612588146,"event":{"mods":["BaseMod","DeckTracker","Highlight Path","Minty Spire (QoL Compilation)","Relic Stats","StSLib"],"gold_per_floor":[110,110,128,143,158,188,29,0,49,49,77,177,177,212,212,212,212],"floor_reached":16,"language":"ENG","playtime":1530,"items_purged":["Strike_G"],"score":236,"play_id":"8cb738af-fd6f-4452-8766-0833b47cd8b3","local_time":"20210206000906","is_ascension_mode":true,"campfire_choices":[{"floor":10,"key":"REST"},{"data":"Skewer","floor":13,"key":"SMITH"},{"floor":15,"key":"REST"}],"circlet_count":0,"master_deck":["AscendersBane","Strike_G","Strike_G","Strike_G","Strike_G","Defend_G","Defend_G","Defend_G","Defend_G","Defend_G","Survivor","Neutralize","Terror","Quick Slash","Quick Slash","Dash","Skewer+1","Footwork","Blade Dance"],"relics":["Ring of the Snake","WingedGreaves","GremlinMask","Letter Opener","MealTicket","Ancient Tea Set","Omamori"],"acts_visited":["Exordium"],"potions_floor_usage":[6,11],"damage_taken":[{"damage":0,"enemies":"2 Louse","floor":1,"turns":5},{"damage":2,"enemies":"Cultist","floor":3,"turns":4},{"damage":0,"enemies":"Jaw Worm","floor":4,"turns":5},{"damage":0,"enemies":"Blue Slaver","floor":5,"turns":5},{"damage":20,"enemies":"Lagavulin","floor":6,"turns":7},{"damage":15,"enemies":"3 Sentries","floor":11,"turns":8},{"damage":21,"enemies":"Gremlin Nob","floor":14,"turns":4},{"damage":37,"enemies":"The Guardian","floor":16,"turns":5}],"seed_played":"-1376363622264354764","potions_obtained":[{"floor":1,"key":"Energy Potion"},{"floor":4,"key":"Fire Potion"},{"floor":11,"key":"Explosive Potion"}],"is_trial":false,"path_per_floor":["M","?","M","M","M","E","$","?","T","R","E","?","R","E","R","B"],"character_chosen":"THE_SILENT","items_purchased":["Skewer"],"campfire_rested":2,"item_purchase_floors":[7],"current_hp_per_floor":[59,59,57,57,57,37,37,37,37,55,40,40,40,19,37,0,0],"gold":212,"neow_bonus":"ONE_RARE_RELIC","is_daily":false,"chose_seed":false,"campfire_upgraded":1,"win_rate":0.0,"timestamp":1612588146,"path_taken":["M","?","?","M","M","E","$","?","T","R","E","?","R","E","R","BOSS"],"items_purchased_type":["Card"],"build_version":"2020-12-22","purchased_purges":1,"victory":false,"max_hp_per_floor":[60,60,60,60,60,60,60,60,60,60,60,60,60,60,60,60,60],"relic_stats":{"counters":[8,43],"MealTicket":0,"Letter Opener":[20],"obtain_stats":[{"GremlinMask":2,"MealTicket":9,"WingedGreaves":0,"Omamori":14,"Letter Opener":6,"Ancient Tea Set":11,"Ring of the Snake":0},{"GremlinMask":1,"MealTicket":5,"WingedGreaves":0,"Omamori":7,"Letter Opener":5,"Ancient Tea Set":6,"Ring of the Snake":0},{"GremlinMask":5,"MealTicket":26,"WingedGreaves":0,"Omamori":38,"Letter Opener":26,"Ancient Tea Set":34,"Ring of the Snake":0}],"Ring of the Snake":[16]},"card_choices":[{"not_picked":["Underhanded Strike","Dodge and Roll"],"picked":"Terror","floor":1},{"not_picked":["Backflip","PiercingWail"],"picked":"Quick Slash","floor":3},{"not_picked":["Noxious Fumes","Infinite Blades"],"picked":"Quick Slash","floor":4},{"not_picked":["Dagger Spray","Wraith Form v2"],"picked":"Dash","floor":5},{"not_picked":["Sucker Punch","Underhanded Strike"],"picked":"Footwork","floor":11},{"not_picked":["Infinite Blades","Footwork"],"picked":"Blade Dance","floor":14}],"player_experience":2546891,"relics_obtained":[{"floor":6,"key":"Letter Opener"},{"floor":9,"key":"MealTicket"},{"floor":11,"key":"Ancient Tea Set"},{"floor":14,"key":"Omamori"}],"event_choices":[{"damage_healed":0,"gold_gain":0,"player_choice":"Trade","damage_taken":0,"relics_obtained":["GremlinMask"],"max_hp_gain":0,"max_hp_loss":0,"event_name":"FaceTrader","floor":2,"gold_loss":0},{"damage_healed":0,"gold_gain":0,"player_choice":"Left Gold","damage_taken":0,"max_hp_gain":0,"max_hp_loss":0,"event_name":"World of Goop","floor":8,"gold_loss":29},{"damage_healed":0,"gold_gain":100,"player_choice":"Gold","damage_taken":0,"max_hp_gain":0,"max_hp_loss":0,"event_name":"Wheel of Change","floor":12,"gold_loss":0}],"is_beta":false,"boss_relics":[],"items_purged_floors":[7],"is_endless":false,"potions_floor_spawned":[1,4,5,11],"killed_by":"The Guardian","ascension_level":20}}