{"host":"d73an99q9oevilk5","time":1612575285,"event":{"mods":["2.2 Compatiblity","AchievementEnabler","Act Like it!","Aspiration","BaseMod","Beaked The Cultist","Better Third Choice","BetterRewards","Colored Map","Colored Powertips","Conspire","Downfall","GifTheSpireLib","Halation","Hubris","Infinite Spire","Marisa????????","Mimic Mod","Minty Spire (QoL Compilation)","Quick Restart","Relic Sorter","Reliquary","Replay The Spire","Shop Mod","Spikes Relics","StSLib","Stuff the Spire","The Cursed","The Necromancer","The Saiyan","Waifu the Spire","egg","slay the spire mod where everything is the same but ironclad has a cowboy hat"],"gold_per_floor":[99,99,99,111,124,28,28,46,119,134,167,167,187,187,217,230,243,348,348,348,358,358,358,378,378,378,378,388,388,407,425,425,425,444,547,547,547,567,583,583,599,599,599,599,599,599,654,30,30,30,46,46],"floor_reached":53,"language":"ENG","playtime":2082,"items_purged":["Replay:Hysterical Blindness"],"score":711,"play_id":"abe0369d-840b-4ba5-8d6e-1028e0e85ff1","local_time":"20210205183445","is_ascension_mode":false,"campfire_choices":[{"data":"Zap","floor":3,"key":"SMITH"},{"floor":14,"key":"REST"},{"data":"Glacier","floor":20,"key":"SMITH"},{"data":"Loop","floor":27,"key":"SMITH"},{"data":"Loop","floor":29,"key":"SMITH"},{"data":"Buffer","floor":32,"key":"SMITH"},{"data":"Electrodynamics","floor":37,"key":"SMITH"},{"data":"infinitespire:Gouge","floor":44,"key":"SMITH"},{"data":"Go for the Eyes","floor":46,"key":"SMITH"},{"floor":49,"key":"REST"}],"circlet_count":0,"master_deck":["Strike_B","Strike_B","Strike_B","Defend_B+1","Defend_B","Defend_B","Defend_B","Zap+1","Dualcast+1","Glacier+1","Tempest","Static Discharge","Loop+1","FIFO Queue","Cold Snap","Loop+1","Glacier+1","Core Surge","Ball Lightning","Reinforced Body+1","Buffer+1","Go for the Eyes+1","Electrodynamics+1","Conserve Battery+1","aspiration:Polymerization+1","CommonCold","infinitespire:Gouge+1","Redo+1","ReplayTheSpireMod:Calculation Training","Hologram","Master of Strategy","Flash of Steel"],"relics":["FrozenCore","hubris:Icosahedron","downfall:KnowingSkull","hubris:FunFungus","reliquary:LoveEmittingDiode","War Paint","reliquary:RedPaperclip","halation:EternalFortune","Symbiotic Virus","halation:PinkSoulGem","hubris:BallOfYels","reliquary:WeakTea","infinitespire:CheckeredPen"],"acts_visited":["Exordium","TheCity","TheBeyond"],"potions_floor_usage":[11,18,18,30,31,52],"damage_taken":[{"damage":6,"enemies":"Jaw Worm","floor":4,"turns":3},{"damage":8,"enemies":"2 Louse","floor":5,"turns":3},{"damage":0,"enemies":"downfall:FleeingMerchant","floor":6,"turns":4},{"damage":10,"enemies":"infinitespire:Voidling","floor":8,"turns":4},{"damage":0,"enemies":"Large Slime","floor":10,"turns":4},{"damage":12,"enemies":"3 Sentries","floor":11,"turns":8},{"damage":12,"enemies":"Red Slaver","floor":13,"turns":4},{"damage":0,"enemies":"Blue Slaver","floor":15,"turns":5},{"damage":2,"enemies":"Blue Slaver","floor":16,"turns":3},{"damage":3,"enemies":"Large Slime","floor":17,"turns":8},{"damage":18,"enemies":"IC_STATUS_ARCHETYPE","floor":18,"turns":8},{"damage":2,"enemies":"Spheric Guardian","floor":21,"turns":6},{"damage":24,"enemies":"3 Byrds","floor":24,"turns":6},{"damage":1,"enemies":"Centurion and Healer","floor":28,"turns":11},{"damage":16,"enemies":"Snake Plant","floor":30,"turns":6},{"damage":10,"enemies":"Cultist and Chosen","floor":31,"turns":6},{"damage":9,"enemies":"Centurion and Healer","floor":34,"turns":23},{"damage":36,"enemies":"WA_ARCHETYPE_CALM","floor":35,"turns":20},{"damage":3,"enemies":"3 Darklings","floor":38,"turns":5},{"damage":0,"enemies":"Orb Walker","floor":39,"turns":4},{"damage":25,"enemies":"Writhing Mass","floor":41,"turns":8},{"damage":8,"enemies":"Jaw Worm Horde","floor":47,"turns":3},{"damage":0,"enemies":"downfall:FleeingMerchant","floor":48,"turns":4},{"damage":0,"enemies":"Sphere and 2 Shapes","floor":51,"turns":3},{"damage":5,"enemies":"SI_POISON_ARCHETYPE","floor":52,"turns":7}],"seed_played":"3449031698084048209","potions_obtained":[{"floor":4,"key":"bronze:BurnAndBuffPotion"},{"floor":8,"key":"Adrenaline Potion"},{"floor":16,"key":"Explosive Potion"},{"floor":17,"key":"Explosive Potion"},{"floor":18,"key":"SkillPotion"},{"floor":21,"key":"Strength Potion"},{"floor":31,"key":"Guardian:BlockOnCardUsePotion"},{"floor":34,"key":"EntropicBrew"}],"is_trial":false,"path_per_floor":["PTL","PTL","R","M","M","$","?","M","T","M","E","?","M","R","MIM","M","M","B",null,"R","M","?","?","M","?","T","R","M","R","M","M","R","?","M","B",null,"R","M","M","?","M","?","T","R","?","R","M","$","R","?","M","B",null],"character_chosen":"DEFECT","items_purchased":["Loop","ReplayTheSpireMod:Calculation Training","reliquary:WeakTea","Hologram","Master of Strategy","Flash of Steel"],"campfire_rested":2,"item_purchase_floors":[6,48,48,48,48,48],"current_hp_per_floor":[54,54,54,48,40,40,40,34,34,35,27,15,3,25,26,24,26,9,75,75,73,59,62,46,42,42,42,54,54,40,30,30,30,83,53,83,83,80,80,80,57,57,57,57,57,57,50,53,77,77,77,78],"gold":46,"neow_bonus":"ONE_RARE_RELIC","is_daily":false,"chose_seed":false,"campfire_upgraded":8,"win_rate":0.0,"timestamp":1612575285,"path_taken":["PTL","PTL","R","M","M","$","?","M","T","M","E","?","M","R","?","M","M","BOSS","R","M","?","?","M","?","T","R","?","R","M","M","R","?","M","BOSS","R","M","M","?","M","?","T","R","?","R","M","?","R","?","M","BOSS"],"items_purchased_type":["Card","Card","Relic","Card","Card","Card"],"build_version":"2020-12-22","purchased_purges":1,"victory":true,"max_hp_per_floor":[75,75,75,75,75,75,75,75,75,75,75,75,75,75,75,75,75,75,75,75,75,80,83,83,83,83,83,83,83,83,83,83,83,83,83,83,83,83,83,83,83,83,83,83,83,83,83,83,83,83,83,83],"card_choices":[{"not_picked":["Streamline","Go for the Eyes"],"picked":"Glacier","floor":4},{"not_picked":["Panic Button","ReplaySort"],"picked":"Tempest","floor":5},{"not_picked":["Panic Button","Blizzard"],"picked":"Static Discharge","floor":6},{"not_picked":["Heatsinks","Turbo"],"picked":"FIFO Queue","floor":8},{"not_picked":["Barrage","Compile Driver"],"picked":"Cold Snap","floor":10},{"not_picked":["Panic Button","ReplayTheSpireMod:Reroute Power"],"picked":"Loop","floor":11},{"not_picked":["Scrape","StuffTheSpire:Plugnplay","StuffTheSpire:LoadUp"],"picked":"SKIP","floor":13},{"not_picked":["Compile Driver","Steam Power","StuffTheSpire:Rend"],"picked":"SKIP","floor":16},{"not_picked":["Sweeping Beam","ReplayGash"],"picked":"Glacier","floor":17},{"not_picked":["StuffTheSpire:LaunchingStrike","hubris:SpecializedCircuitry"],"picked":"Core Surge","floor":18},{"not_picked":["Heatsinks","StuffTheSpire:LoadUp+1"],"picked":"Ball Lightning","floor":21},{"not_picked":["Ball Lightning","Leap+1","Coolheaded"],"picked":"SKIP","floor":24},{"not_picked":["Rebound","Coolheaded+1","Compile Driver+1"],"picked":"SKIP","floor":28},{"not_picked":["Compile Driver","Barrage+1"],"picked":"Reinforced Body+1","floor":30},{"not_picked":["StuffTheSpire:Coldhearted","Hologram"],"picked":"Buffer","floor":31},{"not_picked":["Go for the Eyes","StuffTheSpire:LoadUp","Steam+1"],"picked":"SKIP","floor":34},{"not_picked":["StuffTheSpire:ForEach","Reboot"],"picked":"Electrodynamics","floor":35},{"not_picked":["StuffTheSpire:Plugnplay+1","Reinforced Body","Reprogram"],"picked":"SKIP","floor":38},{"not_picked":["Doom and Gloom+1","Cold Snap"],"picked":"Conserve Battery+1","floor":39},{"not_picked":["Aggregate","Undo+1"],"picked":"aspiration:Polymerization+1","floor":41},{"not_picked":["hubris:Rewind","infinitespire:TheBestDefense"],"picked":"infinitespire:Gouge","floor":42},{"not_picked":["hubris:Ukulele+1","Reprogram","ReplayTheSpireMod:GoodbyeWorld"],"picked":"SKIP","floor":47},{"not_picked":["Panic Button","Beam Cell"],"picked":"Redo+1","floor":48},{"not_picked":["conspire:Rain+1","StuffTheSpire:EventHorizon","Beam Cell"],"picked":"SKIP","floor":51}],"player_experience":1842026,"relics_obtained":[{"floor":9,"key":"reliquary:LoveEmittingDiode"},{"floor":11,"key":"StuffTheSpire:Barrel"},{"floor":15,"key":"War Paint"},{"floor":26,"key":"Symbiotic Virus"},{"floor":43,"key":"hubris:BallOfYels"},{"floor":50,"key":"infinitespire:CheckeredPen"}],"event_choices":[{"damage_healed":0,"gold_gain":1,"player_choice":"Relic ","damage_taken":12,"max_hp_gain":0,"max_hp_loss":0,"event_name":"betterThird:BetterScrap","floor":12,"gold_loss":0,"cards_obtained":["BarbarianYell"]},{"damage_healed":0,"gold_gain":0,"player_choice":"Relic","damage_taken":0,"max_hp_gain":0,"max_hp_loss":0,"event_name":"Wheel of Change","floor":50,"gold_loss":0}],"is_beta":false,"boss_relics":[{"not_picked":["aspiration:RunicSpoon","StuffTheSpire:RunicHypercube"],"picked":"reliquary:RedPaperclip"},{"not_picked":["aspiration:SecretTechniqueScroll","reliquary:Ember"],"picked":"FrozenCore"}],"items_purged_floors":[48],"is_endless":false,"potions_floor_spawned":[4,8,16,17,18,21,31,34,38,39,41],"ascension_level":0}}