{"host":"buycw3k5d5tgqflx","time":1612646985,"event":{"mods":["AchievementEnabler","Aspiration","BaseMod","Better Altar","Better Match","Better Note","Better Sensory Stone","Better Skull","Better Third Choice","Downfall","Halation","Hubris","Infinite Spire","Lobotomy","Marisa????????","Minty Spire (QoL Compilation)","Quick Restart","Rare Cards Sparkle","Relic Stats","Replay The Spire","StSLib","The Runesmith","The Wild Card"],"gold_per_floor":[99,119,136,152,168,168,168,200,28,39,139,39,39,50,62,164,164,164,178,178,178,192,192,192,192,211,226,226,226,226,236,250,345,345,345,361,374,374,374,392,419,439,453,453,253,11,11,128,138,138,138,170,8,8,8,8],"floor_reached":57,"language":"ENG","playtime":4638,"items_purged":["Pain","Pride"],"score":1110,"play_id":"990bdbbc-2872-4ee7-9e37-dfc27f13dfa0","local_time":"20210206162945","is_ascension_mode":false,"campfire_choices":[{"data":"champ:Taunt","floor":1.0,"key":"SMITH"},{"data":"champ:BringItOn","floor":6.0,"key":"SMITH"},{"data":"champ:StanceDance","floor":12.0,"key":"SMITH"},{"data":"champ:HoldFirm","floor":18,"key":"SMITH"},{"data":"champ:SetATrap","floor":23,"key":"SMITH"},{"floor":35,"key":"RECALL"},{"data":"hubris:InfiniteBlow+7","floor":45,"key":"SMITH"},{"data":"hubris:InfiniteBlow+8","floor":47,"key":"SMITH"},{"data":"hubris:InfiniteBlow+9","floor":54,"key":"SMITH"}],"circlet_count":0,"master_deck":["champ:Strike","champ:Strike","champ:Strike","champ:Strike","champ:Defend+1","champ:Defend","champ:Defend+1","champ:Defend","champ:Execute+1","champ:Taunt+1","champ:Backstep+1","champ:CrownThrow","champ:PerfectedStrike+1","champ:BringItOn+1","champ:SetATrap+1","champ:StanceDance+1","champ:FocusedDefense","champ:HoldFirm+1","champ:TornadoPunch","champ:StanceDance+1","hubris:InfiniteBlow+10","Madness","champ:GladiatorForm","champ:Taunt","champ:BladeFlurry","hubris:Fate","champ:Duel","champ:CrownThrow+1","champ:DefensiveShout+1","hubris:Insight"],"relics":["champ:ChampionCrown","Replay:Bottled Steam","ReplayTheSpireMod:Lightbulb","Bag of Marbles","downfall:HeartBlessingGreen","aspiration:PoetsPen_weak","WarpedTongs","War Paint","Nilry\u0027s Codex","sneckomod:BabySnecko","Replay:Grab Bag","Coffee Dripper","Busted Crown","hubris:Icosahedron","downfall:HeartBlessingRed","downfall:HeartBlessingBlue","halation:Thesaurus","halation:Prosthetics","hubris:PeanutButter"],"acts_visited":["Exordium","TheCity","TheBeyond","TheEnding"],"potions_floor_usage":[32,33,33,50,52,55],"damage_taken":[{"damage":10.0,"enemies":"Cultist","floor":2.0,"turns":3.0},{"damage":11.0,"enemies":"Jaw Worm","floor":3.0,"turns":4.0},{"damage":10.0,"enemies":"Small Slimes","floor":4.0,"turns":3.0},{"damage":10.0,"enemies":"3 Louse","floor":5.0,"turns":3.0},{"damage":33.0,"enemies":"3 Sentries","floor":8.0,"turns":7.0},{"damage":0.0,"enemies":"downfall:FleeingMerchant","floor":9.0,"turns":4.0},{"damage":0.0,"enemies":"2 Fungi Beasts","floor":10.0,"turns":2.0},{"damage":7.0,"enemies":"Exordium Thugs","floor":14.0,"turns":2.0},{"damage":0.0,"enemies":"Blue Slaver","floor":15.0,"turns":1.0},{"damage":40.0,"enemies":"DF_ARCHETYPE_STREAMLINE","floor":16.0,"turns":12.0},{"damage":0,"enemies":"3 Byrds","floor":19,"turns":6},{"damage":17,"enemies":"Snake Plant","floor":22,"turns":3},{"damage":10,"enemies":"Sentry and Sphere","floor":26,"turns":3},{"damage":20,"enemies":"Centurion and Healer","floor":27,"turns":2},{"damage":0,"enemies":"Snake Plant","floor":31,"turns":2},{"damage":18,"enemies":"Cultist and Chosen","floor":32,"turns":5},{"damage":23,"enemies":"IC_MUSHROOM_ARCHETYPE","floor":33,"turns":7},{"damage":10,"enemies":"3 Shapes","floor":36,"turns":3},{"damage":17,"enemies":"3 Darklings","floor":37,"turns":4},{"damage":8,"enemies":"Spire Growth","floor":40,"turns":3},{"damage":0,"enemies":"Maw","floor":42,"turns":2},{"damage":0,"enemies":"4 Shapes","floor":43,"turns":3},{"damage":0,"enemies":"downfall:FleeingMerchant","floor":46,"turns":4},{"damage":32,"enemies":"3 Darklings","floor":48,"turns":4},{"damage":28,"enemies":"Jaw Worm Horde","floor":49,"turns":4},{"damage":33,"enemies":"WA_ARCHETYPE_DIVINITY","floor":50,"turns":5},{"damage":22,"enemies":"downfall:CharBossMerchant","floor":52,"turns":7},{"damage":56,"enemies":"downfall:NeowBoss","floor":55,"turns":13},{"damage":21,"enemies":"downfall:NeowBossFinal","floor":56,"turns":10}],"seed_played":"4727627285616802019","potions_obtained":[{"floor":4.0,"key":"hexamod:SoulburnPotion"},{"floor":8.0,"key":"SkillPotion"},{"floor":10.0,"key":"Strength Potion"},{"floor":22,"key":"Swift Potion"},{"floor":27,"key":"FairyPotion"},{"floor":32,"key":"hexamod:SoulburnPotion"},{"floor":43,"key":"EssenceOfSteel"},{"floor":49,"key":"Flashbang"}],"is_trial":false,"path_per_floor":["R","M","M","M","M","R","T","E","$","M","?","R","?","M","M","B",null,"R","M","?","?","M","R","T","AVR","M","M","?","?","?","M","M","B",null,"R","M","M","AVR","?","M","T","M","M","?","R","$","R","M","M","B",null,"E","$","R","B","B",null],"character_chosen":"THE_CHAMP","items_purchased":["Bag of Marbles","halation:Thesaurus","LiquidMemories","hubris:Insight"],"campfire_rested":0,"item_purchase_floors":[9,46,53,53],"current_hp_per_floor":[99,99,98,98,98,98,98,75,75,75,75,75,75,68,68,48,99,99,99,99,99,92,92,92,92,92,72,72,56,56,56,38,15,99,99,99,92,92,57,49,49,49,49,49,59,59,59,42,56,33,74,72,72,72,55,54],"gold":8,"neow_bonus":"TEN_PERCENT_HP_BONUS","is_daily":false,"chose_seed":false,"campfire_upgraded":8,"win_rate":0.0,"timestamp":1612646985,"path_taken":["R","M","M","M","M","R","T","E","?","M","?","R","?","M","M","BOSS","R","M","?","?","M","R","T","AVR","?","M","?","?","?","M","M","BOSS","R","M","M","AVR","?","M","T","?","?","?","R","$","R","M","M","BOSS","E","$","R","BOSS","BOSS"],"items_purchased_type":["Relic","Relic","Potion","Card"],"build_version":"2020-12-22","purchased_purges":2,"victory":true,"max_hp_per_floor":[99,99,99,99,99,99,99,99,99,99,99,99,99,99,99,99,99,99,99,99,99,99,99,99,99,99,99,99,99,99,99,99,99,99,99,99,99,99,99,99,99,99,99,99,109,74,74,74,74,74,74,74,74,74,74,74],"relic_stats":{"Busted Crown":24,"counters":[29,131],"War Paint":["champ:Defend","champ:Backstep"],"obtain_stats":[{"downfall:HeartBlessingRed":45,"Nilry\u0027s Codex":29,"Replay:Grab Bag":34,"champ:ChampionCrown":0,"downfall:HeartBlessingGreen":12,"aspiration:PoetsPen_weak":17,"halation:Thesaurus":46,"War Paint":24,"halation:Prosthetics":46,"Empty Cage":34,"WarpedTongs":20,"sneckomod:BabySnecko":30,"Busted Crown":34,"hubris:Icosahedron":44,"downfall:HeartBlessingBlue":45,"hubris:PeanutButter":52,"Bag of Marbles":9,"Coffee Dripper":34,"ReplayTheSpireMod:Lightbulb":8,"Replay:Bottled Steam":7},{"downfall:HeartBlessingRed":22,"Nilry\u0027s Codex":14,"Replay:Grab Bag":17,"champ:ChampionCrown":0,"downfall:HeartBlessingGreen":7,"aspiration:PoetsPen_weak":10,"halation:Thesaurus":23,"War Paint":12,"halation:Prosthetics":23,"Empty Cage":17,"WarpedTongs":11,"sneckomod:BabySnecko":14,"Busted Crown":17,"hubris:Icosahedron":22,"downfall:HeartBlessingBlue":22,"hubris:PeanutButter":27,"Bag of Marbles":6,"Coffee Dripper":17,"ReplayTheSpireMod:Lightbulb":5,"Replay:Bottled Steam":4},{"downfall:HeartBlessingRed":84,"Nilry\u0027s Codex":55,"Replay:Grab Bag":69,"champ:ChampionCrown":0,"downfall:HeartBlessingGreen":26,"aspiration:PoetsPen_weak":41,"halation:Thesaurus":88,"War Paint":50,"halation:Prosthetics":88,"Empty Cage":69,"WarpedTongs":47,"sneckomod:BabySnecko":55,"Busted Crown":69,"hubris:Icosahedron":84,"downfall:HeartBlessingBlue":84,"hubris:PeanutButter":108,"Bag of Marbles":24,"Coffee Dripper":69,"ReplayTheSpireMod:Lightbulb":20,"Replay:Bottled Steam":13}],"WarpedTongs":[82]},"card_choices":[{"not_picked":["champ:PreemptiveStrike","champ:DefensiveShout"],"picked":"champ:Backstep","floor":2.0},{"not_picked":["champ:ShieldWall","champ:Haymaker"],"picked":"champ:CrownThrow","floor":3.0},{"not_picked":["champ:TornadoPunch","champ:Shatter"],"picked":"champ:PerfectedStrike","floor":4.0},{"not_picked":["champ:AdrenalArmor","champ:PreciseThrust"],"picked":"champ:BringItOn","floor":5.0},{"not_picked":["champ:DefensiveShout","champ:PreemptiveStrike"],"picked":"champ:SetATrap","floor":8.0},{"not_picked":["champ:IronFortress","champ:Backstep","champ:PreciseThrust"],"picked":"SKIP","floor":9.0},{"not_picked":["champ:SkillfulDodge","champ:FanOfKnives"],"picked":"champ:StanceDance","floor":10.0},{"not_picked":["champ:PreemptiveStrike","champ:RecklessLeap"],"picked":"champ:FocusedDefense","floor":14.0},{"not_picked":["champ:EnragedBash","champ:ShieldSlam","champ:CrookedStrike"],"picked":"SKIP","floor":15.0},{"not_picked":["champ:Improvising","champ:CheapShot"],"picked":"champ:HoldFirm","floor":16.0},{"not_picked":["champ:ShieldSlam","champ:Backstep"],"picked":"champ:TornadoPunch","floor":19},{"not_picked":["champ:IronFortress","champ:DefensiveShout+1","champ:CrookedStrike"],"picked":"SKIP","floor":22},{"not_picked":["champ:EndlessRage","champ:GutPunch+1","champ:TornadoPunch+1"],"picked":"SKIP","floor":26},{"not_picked":["champ:Haymaker","champ:EnragedBash","champ:ShieldSlam"],"picked":"SKIP","floor":27},{"not_picked":["champ:PreciseThrust","champ:DeathBlow","champ:Improvising"],"picked":"SKIP","floor":31},{"not_picked":["champ:IronFortress+1","champ:Circumvent+1","champ:DefensiveShout"],"picked":"SKIP","floor":32},{"not_picked":["champ:Parry"],"picked":"SKIP","floor":36},{"not_picked":[],"picked":"champ:BladeFlurry","floor":37},{"not_picked":[],"picked":"champ:Duel","floor":40},{"not_picked":["champ:RecklessLeap"],"picked":"SKIP","floor":42},{"not_picked":["champ:EnGarde"],"picked":"SKIP","floor":43},{"not_picked":["champ:EnragedBash"],"picked":"SKIP","floor":46},{"not_picked":[],"picked":"champ:CrownThrow+1","floor":48},{"not_picked":["champ:EnGarde"],"picked":"SKIP","floor":49},{"not_picked":[],"picked":"champ:DefensiveShout+1","floor":52}],"player_experience":209101,"relics_obtained":[{"floor":7.0,"key":"Replay:Bottled Steam"},{"floor":8.0,"key":"ReplayTheSpireMod:Lightbulb"},{"floor":24,"key":"War Paint"},{"floor":29,"key":"Nilry\u0027s Codex"},{"floor":52,"key":"hubris:PeanutButter"}],"event_choices":[{"damage_healed":0,"gold_gain":0,"player_choice":"Rummage","damage_taken":0,"relics_obtained":["WarpedTongs"],"max_hp_gain":0,"max_hp_loss":0,"event_name":"Accursed Blacksmith","floor":20,"gold_loss":0,"cards_obtained":["Pain"]}],"is_beta":false,"boss_relics":[{"not_picked":["halation:CatFaceCupcake","hubris:VirtuousBlindfold"],"picked":"aspiration:PoetsPen_weak"},{"not_picked":["ReplayTheSpireMod:SealedPack","halation:SmartPhone"],"picked":"Replay:Grab Bag"},{"not_picked":["bronze:MakeshiftBattery","Velvet Choker"],"picked":"Coffee Dripper"},{"not_picked":["Replay:Bronze Core","Abe\u0027s Treasure"],"picked":"Busted Crown"},{"not_picked":["halation:LoveArrow","champ:ChampionCrownUpgraded"],"picked":"Empty Cage"}],"items_purged_floors":[25,46],"is_endless":false,"potions_floor_spawned":[4,8,10,16,22,27,32,43,49],"ascension_level":0}}