{"host":"m7jrdcbl89w2s34c","time":1612616519,"event":{"mods":["AchievementEnabler","BaseMod","Bestiary","Block Reminder","Colored Map","Colored Powertips","Minty Spire (QoL Compilation)","Permanent Neow","Relic Stats","StSLib"],"gold_per_floor":[114,214,231,50,70,70,89,89,89,89,122,132,167,179,179,276,276,287,287,297,315,315,315,326,326,406,16,31,48,61,88,88,183,183,195,0,46,66,66,66,92,92,92,120,131,164,179,179,179,179],"floor_reached":51,"language":"ENG","playtime":6526,"items_purged":["Normality"],"score":1152,"play_id":"f60b1efb-3a80-4d19-aed4-053d503dad0f","local_time":"20210206140159","is_ascension_mode":true,"campfire_choices":[{"data":"White Noise","floor":6.0,"key":"SMITH"},{"data":"Zap","floor":8.0,"key":"SMITH"},{"data":"Dualcast","floor":10.0,"key":"SMITH"},{"data":"Coolheaded","floor":15.0,"key":"SMITH"},{"data":"Electrodynamics","floor":23.0,"key":"SMITH"},{"floor":25.0,"key":"REST"},{"data":"Machine Learning","floor":32.0,"key":"SMITH"},{"data":"Consume","floor":40,"key":"SMITH"},{"data":"Biased Cognition","floor":42,"key":"SMITH"},{"data":"Panacea","floor":49,"key":"SMITH"}],"circlet_count":0,"master_deck":["Strike_B","Strike_B","Strike_B","Defend_B","Defend_B","Defend_B","Defend_B","Zap+1","Dualcast+1","Panache","Cold Snap+1","Auto Shields","Chill","White Noise+1","Cold Snap","Ball Lightning+1","Electrodynamics+1","Turbo","Self Repair","Coolheaded+1","Machine Learning+1","Cold Snap+1","Streamline+1","Beam Cell+1","Steam","Seek","Panacea+1","Stack","Consume+1","Steam","Biased Cognition+1","CurseOfTheBell","White Noise+1","Ball Lightning+1","Chaos+1","Stack","Consume+1","Compile Driver+1","Hologram","Conserve Battery+1","Fusion+1","Secret Technique","Flash of Steel","Thinking Ahead"],"relics":["Cracked Core","HornCleat","Pantograph","Darkstone Periapt","Philosopher\u0027s Stone","FaceOfCleric","Eternal Feather","Whetstone","Mercury Hourglass","Calling Bell","Art of War","InkBottle","Ginger","Red Mask","Mango","Vajra","Letter Opener","Dream Catcher","Anchor"],"acts_visited":["Exordium","TheCity","TheBeyond"],"potions_floor_usage":[46,50,50],"damage_taken":[{"damage":1.0,"enemies":"Cultist","floor":1.0,"turns":4.0},{"damage":7.0,"enemies":"Jaw Worm","floor":3.0,"turns":4.0},{"damage":0.0,"enemies":"2 Louse","floor":5.0,"turns":3.0},{"damage":7.0,"enemies":"Red Slaver","floor":7.0,"turns":4.0},{"damage":0.0,"enemies":"Gremlin Nob","floor":11.0,"turns":4.0},{"damage":6.0,"enemies":"Large Slime","floor":12.0,"turns":4.0},{"damage":2.0,"enemies":"3 Sentries","floor":13.0,"turns":2.0},{"damage":4.0,"enemies":"Looter","floor":14.0,"turns":2.0},{"damage":20.0,"enemies":"The Guardian","floor":16.0,"turns":13.0},{"damage":11.0,"enemies":"Shell Parasite","floor":18.0,"turns":6.0},{"damage":34.0,"enemies":"Chosen","floor":20.0,"turns":5.0},{"damage":15.0,"enemies":"Centurion and Healer","floor":21.0,"turns":6.0},{"damage":9.0,"enemies":"Cultist and Chosen","floor":24.0,"turns":7.0},{"damage":23.0,"enemies":"Snake Plant","floor":28.0,"turns":3.0},{"damage":9.0,"enemies":"Shelled Parasite and Fungi","floor":29.0,"turns":5.0},{"damage":23.0,"enemies":"Cultist and Chosen","floor":30.0,"turns":5.0},{"damage":24.0,"enemies":"Slavers","floor":31.0,"turns":2.0},{"damage":14.0,"enemies":"Collector","floor":33.0,"turns":8.0},{"damage":5.0,"enemies":"3 Darklings","floor":35.0,"turns":4.0},{"damage":14.0,"enemies":"2 Orb Walkers","floor":37.0,"turns":5.0},{"damage":0,"enemies":"3 Shapes","floor":38,"turns":2},{"damage":10,"enemies":"Giant Head","floor":41,"turns":10},{"damage":0,"enemies":"Reptomancer","floor":44,"turns":4},{"damage":19,"enemies":"Spire Growth","floor":45,"turns":5},{"damage":45,"enemies":"Nemesis","floor":46,"turns":9},{"damage":0,"enemies":"Maw","floor":47,"turns":5},{"damage":45,"enemies":"Donu and Deca","floor":50,"turns":7}],"seed_played":"-3677834736964898015","potions_obtained":[{"floor":3.0,"key":"Swift Potion"},{"floor":7.0,"key":"FairyPotion"},{"floor":12.0,"key":"ColorlessPotion"},{"floor":21.0,"key":"BlessingOfTheForge"},{"floor":24.0,"key":"Dexterity Potion"},{"floor":31.0,"key":"Strength Potion"},{"floor":33.0,"key":"SneckoOil"},{"floor":37.0,"key":"Regen Potion"},{"floor":46,"key":"AttackPotion"}],"is_trial":false,"path_per_floor":["M","?","M","$","M","R","M","R","T","R","E","M","E","M","R","B",null,"M","?","M","M","?","R","M","R","T","$","M","M","M","E","R","B",null,"M","?","?","M","?","R","E","R","T","E","M","E","M","?","R","B",null],"character_chosen":"DEFECT","items_purchased":["Chill","White Noise","Seek","Whetstone","Panacea"],"campfire_rested":1,"item_purchase_floors":[4,4,27,27,27],"current_hp_per_floor":[67,67,60,60,60,60,53,53,53,53,53,47,45,48,48,60,71,67,67,41,34,34,34,33,56,56,56,41,40,25,2,20,39,78,81,81,82,90,90,106,104,107,107,108,97,60,68,58,82,75],"gold":179,"neow_bonus":"RANDOM_COLORLESS_2","is_daily":false,"chose_seed":false,"campfire_upgraded":9,"win_rate":0.0,"timestamp":1612616519,"path_taken":["M","?","M","$","M","R","M","R","T","R","E","?","E","M","R","BOSS","M","?","?","M","?","R","M","R","T","$","M","M","M","E","R","BOSS","M","?","?","M","?","R","E","R","T","E","M","E","?","?","R","BOSS"],"items_purchased_type":["Card","Card","Card","Relic","Card"],"build_version":"2020-12-22","purchased_purges":1,"victory":true,"max_hp_per_floor":[75,75,75,75,75,75,75,75,75,75,75,75,75,75,75,75,75,75,75,76,77,77,77,78,78,78,78,79,80,81,82,82,83,89,90,90,105,106,106,106,107,107,107,108,109,110,111,111,111,112],"relic_stats":{"Darkstone Periapt":6,"counters":[27,137],"Eternal Feather":61,"Whetstone":["Cold Snap","Ball Lightning"],"Ginger":[6],"Letter Opener":[89],"Mercury Hourglass":[229],"Dream Catcher":0,"FaceOfCleric":17,"Pantograph":75,"Art of War":[5],"obtain_stats":[{"Darkstone Periapt":13,"Vajra":41,"Eternal Feather":26,"Mango":37,"Whetstone":27,"Ginger":34,"Letter Opener":43,"Mercury Hourglass":31,"Calling Bell":34,"Dream Catcher":44,"Anchor":46,"HornCleat":9,"FaceOfCleric":19,"Pantograph":11,"Philosopher\u0027s Stone":17,"Art of War":34,"Red Mask":36,"Cracked Core":0,"InkBottle":34},{"Darkstone Periapt":7,"Vajra":22,"Eternal Feather":13,"Mango":20,"Whetstone":13,"Ginger":18,"Letter Opener":22,"Mercury Hourglass":17,"Calling Bell":18,"Dream Catcher":23,"Anchor":25,"HornCleat":4,"FaceOfCleric":10,"Pantograph":5,"Philosopher\u0027s Stone":9,"Art of War":18,"Red Mask":19,"Cracked Core":0,"InkBottle":18},{"Darkstone Periapt":25,"Vajra":107,"Eternal Feather":64,"Mango":95,"Whetstone":64,"Ginger":87,"Letter Opener":107,"Mercury Hourglass":79,"Calling Bell":87,"Dream Catcher":111,"Anchor":125,"HornCleat":15,"FaceOfCleric":46,"Pantograph":19,"Philosopher\u0027s Stone":40,"Art of War":87,"Red Mask":91,"Cracked Core":0,"InkBottle":87}],"InkBottle":[25]},"card_choices":[{"not_picked":["Master of Strategy","Secret Weapon"],"picked":"Panache","floor":0.0},{"not_picked":["Turbo","Conserve Battery"],"picked":"Cold Snap","floor":1.0},{"not_picked":["Chaos","Coolheaded"],"picked":"Auto Shields","floor":3.0},{"not_picked":["Storm","Leap"],"picked":"Cold Snap","floor":5.0},{"not_picked":["Barrage","Streamline"],"picked":"Ball Lightning","floor":7.0},{"not_picked":["Glacier","Streamline"],"picked":"Electrodynamics","floor":11.0},{"not_picked":["Beam Cell","Streamline"],"picked":"Turbo","floor":12.0},{"not_picked":["Barrage","Aggregate"],"picked":"Self Repair","floor":13.0},{"not_picked":["Stack","Reprogram"],"picked":"Coolheaded","floor":14.0},{"not_picked":["Hyperbeam","Core Surge"],"picked":"Machine Learning","floor":16.0},{"not_picked":["Compile Driver","Turbo"],"picked":"Cold Snap+1","floor":18.0},{"not_picked":["Beam Cell","Redo"],"picked":"Streamline+1","floor":20.0},{"not_picked":["Gash+1","Redo"],"picked":"Beam Cell+1","floor":21.0},{"not_picked":["Beam Cell","Fission"],"picked":"Steam","floor":24.0},{"not_picked":["Fusion","Rebound+1"],"picked":"Stack","floor":28.0},{"not_picked":["Turbo","Lockon+1"],"picked":"Consume","floor":29.0},{"not_picked":["Redo","Aggregate+1","Scrape"],"picked":"SKIP","floor":30.0},{"not_picked":["Darkness","Auto Shields"],"picked":"Steam","floor":31.0},{"not_picked":["All For One","Multi-Cast"],"picked":"Biased Cognition","floor":33.0},{"not_picked":["Stack","Chill+1"],"picked":"White Noise+1","floor":35.0},{"not_picked":["Streamline","Sweeping Beam"],"picked":"Ball Lightning+1","floor":37.0},{"not_picked":["Creative AI","Skim+1"],"picked":"Chaos+1","floor":38},{"not_picked":["Tempest","Auto Shields"],"picked":"Consume+1","floor":41},{"not_picked":["Thunder Strike","Consume+1"],"picked":"Compile Driver+1","floor":44},{"not_picked":["Beam Cell+1","Leap"],"picked":"Hologram","floor":45},{"not_picked":["Redo+1","Steam Power"],"picked":"Conserve Battery+1","floor":46},{"not_picked":["Tempest","Biased Cognition"],"picked":"Fusion+1","floor":47},{"not_picked":["Blind","Forethought"],"picked":"Secret Technique","floor":48},{"not_picked":["Enlightenment","Madness"],"picked":"Flash of Steel","floor":48},{"not_picked":["Impatience","Sadistic Nature"],"picked":"Thinking Ahead","floor":48}],"player_experience":217586,"relics_obtained":[{"floor":9.0,"key":"HornCleat"},{"floor":11.0,"key":"Pantograph"},{"floor":13.0,"key":"Darkstone Periapt"},{"floor":26.0,"key":"Eternal Feather"},{"floor":31.0,"key":"Mercury Hourglass"},{"floor":34.0,"key":"Art of War"},{"floor":34.0,"key":"InkBottle"},{"floor":34.0,"key":"Ginger"},{"floor":37.0,"key":"Mango"},{"floor":41,"key":"Vajra"},{"floor":43,"key":"Letter Opener"},{"floor":44,"key":"Dream Catcher"},{"floor":46,"key":"Anchor"}],"event_choices":[{"damage_healed":0.0,"max_hp_gain":0.0,"max_hp_loss":0.0,"gold_gain":100.0,"event_name":"Golden Shrine","player_choice":"Pray","floor":2.0,"gold_loss":0.0,"damage_taken":0.0},{"damage_healed":0.0,"max_hp_gain":0.0,"max_hp_loss":0.0,"gold_gain":0.0,"event_name":"FaceTrader","player_choice":"Trade","floor":19.0,"gold_loss":0.0,"damage_taken":0.0,"relics_obtained":["FaceOfCleric"]},{"damage_healed":0.0,"max_hp_gain":0.0,"max_hp_loss":0.0,"gold_gain":0.0,"event_name":"N\u0027loth","player_choice":"Ignored","floor":22.0,"gold_loss":0.0,"damage_taken":0.0},{"damage_healed":0.0,"max_hp_gain":0.0,"max_hp_loss":0.0,"gold_gain":0.0,"event_name":"Tomb of Lord Red Mask","player_choice":"Paid","floor":36.0,"gold_loss":195.0,"damage_taken":0.0,"relics_obtained":["Red Mask"]},{"damage_healed":0.0,"max_hp_gain":0.0,"max_hp_loss":0.0,"gold_gain":0.0,"event_name":"Mysterious Sphere","player_choice":"Fight","floor":37.0,"gold_loss":0.0,"damage_taken":0.0},{"damage_healed":0,"gold_gain":0,"cards_transformed":["Strike_B"],"player_choice":"Transformed","damage_taken":0,"max_hp_gain":0,"max_hp_loss":0,"event_name":"Transmorgrifier","floor":39,"gold_loss":0,"cards_obtained":["Stack"]},{"damage_healed":0,"gold_gain":0,"player_choice":"Memory 3","damage_taken":10,"max_hp_gain":0,"max_hp_loss":0,"event_name":"SensoryStone","floor":48,"gold_loss":0}],"is_beta":false,"boss_relics":[{"not_picked":["Inserter","Tiny House"],"picked":"Philosopher\u0027s Stone"},{"not_picked":["SacredBark","Runic Dome"],"picked":"Calling Bell"}],"items_purged_floors":[4],"is_endless":false,"potions_floor_spawned":[3,7,12,21,24,31,33,37,44,46],"ascension_level":8}}