{"host":"7cp3z5w0tcrrm8ys","time":1612578732,"event":{"mods":["AchievementEnabler","BaseMod","DeckTracker","Minty Spire (QoL Compilation)","StSLib","SuperFastMode"],"gold_per_floor":[119,131,131,155,6,6,29,29,29,79,98,98,131,31,31,126,126,147,5,24,49,74,74,74,92,115,115,131,131,131],"floor_reached":29,"language":"KOR","playtime":978,"items_purged":["Strike_R","Strike_R"],"score":454,"play_id":"2e8acf97-6d42-49af-af6d-cead625e5029","local_time":"20210206113212","is_ascension_mode":true,"campfire_choices":[{"data":"Body Slam","floor":6.0,"key":"SMITH"},{"data":"1","floor":12,"key":"LIFT"},{"data":"Disarm","floor":15,"key":"SMITH"},{"data":"Body Slam","floor":23,"key":"SMITH"},{"data":"Evolve","floor":27,"key":"SMITH"}],"circlet_count":0,"master_deck":["AscendersBane","Strike_R","Strike_R","Strike_R","Defend_R","Defend_R","Defend_R","Defend_R","Bash","Wild Strike","Body Slam+1","Evolve+1","Second Wind","Rage","Disarm+1","Impervious","Body Slam+1","Body Slam+1","Shrug It Off","Dark Embrace+1","Exhume"],"relics":["Burning Blood","NeowsBlessing","Golden Idol","Girya","Kunai","Velvet Choker","Bronze Scales"],"acts_visited":["Exordium","TheCity"],"potions_floor_usage":[7,16,20,22,25,29],"damage_taken":[{"damage":0.0,"enemies":"2 Louse","floor":1.0,"turns":1.0},{"damage":0.0,"enemies":"Cultist","floor":2.0,"turns":1.0},{"damage":0.0,"enemies":"Jaw Worm","floor":4.0,"turns":1.0},{"damage":15,"enemies":"Gremlin Gang","floor":7,"turns":4},{"damage":18,"enemies":"3 Louse","floor":11,"turns":5},{"damage":16,"enemies":"3 Sentries","floor":13,"turns":8},{"damage":13,"enemies":"Hexaghost","floor":16,"turns":11},{"damage":34,"enemies":"Spheric Guardian","floor":18,"turns":8},{"damage":4,"enemies":"3 Byrds","floor":20,"turns":9},{"damage":27,"enemies":"Sentry and Sphere","floor":21,"turns":7},{"damage":23,"enemies":"Snake Plant","floor":22,"turns":6},{"damage":25,"enemies":"Snecko","floor":25,"turns":6},{"damage":23,"enemies":"Centurion and Healer","floor":28,"turns":5},{"damage":64,"enemies":"Masked Bandits","floor":29,"turns":5}],"seed_played":"5259855529791216868","potions_obtained":[{"floor":1.0,"key":"Fire Potion"},{"floor":13,"key":"FearPotion"},{"floor":21,"key":"BloodPotion"},{"floor":22,"key":"SneckoOil"},{"floor":25,"key":"BloodPotion"}],"is_trial":false,"path_per_floor":["M","M","?","M","$","R","M","?","T","?","M","R","E","$","R","B",null,"M","$","M","M","M","R","?","M","T","R","M","?"],"character_chosen":"IRONCLAD","items_purchased":["Evolve","Body Slam","Regen Potion"],"campfire_rested":0,"item_purchase_floors":[5,19,19],"current_hp_per_floor":[74,75,49,55,55,55,46,51,51,43,31,31,21,21,21,14,64,36,36,53,32,31,31,80,61,61,61,44,0,0],"gold":131,"neow_bonus":"THREE_ENEMY_KILL","is_daily":false,"chose_seed":false,"campfire_upgraded":4,"win_rate":0.0,"timestamp":1612578732,"path_taken":["M","M","?","M","$","R","M","?","T","?","?","R","E","$","R","BOSS","M","$","?","M","M","R","?","M","T","R","?","?"],"items_purchased_type":["Card","Card","Potion"],"build_version":"2020-12-22","purchased_purges":2,"victory":false,"max_hp_per_floor":[75,75,75,75,75,75,75,80,80,80,80,80,80,80,80,80,80,80,80,80,80,80,80,80,80,80,80,80,80,80],"card_choices":[{"not_picked":["Sentinel","Havoc"],"picked":"Wild Strike","floor":1.0},{"not_picked":["Searing Blow","Dropkick"],"picked":"Body Slam","floor":2.0},{"not_picked":["Pommel Strike","Havoc","Twin Strike"],"picked":"SKIP","floor":4.0},{"not_picked":["Flex","Headbutt"],"picked":"Second Wind","floor":7},{"not_picked":["Perfected Strike","Fiend Fire"],"picked":"Rage","floor":11},{"not_picked":["Hemokinesis","Flex"],"picked":"Disarm","floor":13},{"not_picked":["Feed","Brutality"],"picked":"Impervious","floor":16},{"not_picked":["Pommel Strike","Flex","Wild Strike"],"picked":"SKIP","floor":18},{"not_picked":["Cleave","Headbutt"],"picked":"Ghostly Armor","floor":20},{"not_picked":["Flame Barrier","Clash"],"picked":"Body Slam+1","floor":21},{"not_picked":["Ghostly Armor","Thunderclap"],"picked":"Shrug It Off","floor":22},{"not_picked":["True Grit","Disarm+1"],"picked":"Dark Embrace+1","floor":25},{"not_picked":["Perfected Strike","Ghostly Armor+1"],"picked":"Exhume","floor":28}],"player_experience":807678,"relics_obtained":[{"floor":9,"key":"Girya"},{"floor":13,"key":"Kunai"},{"floor":26,"key":"Bronze Scales"}],"event_choices":[{"damage_healed":0.0,"max_hp_gain":0.0,"max_hp_loss":0.0,"gold_gain":0.0,"event_name":"Golden Idol","player_choice":"Take Damage","floor":3.0,"gold_loss":0.0,"damage_taken":26.0,"relics_obtained":["Golden Idol"]},{"damage_healed":0,"gold_gain":0,"player_choice":"Donut","damage_taken":0,"max_hp_gain":5,"max_hp_loss":0,"event_name":"Big Fish","floor":8,"gold_loss":0},{"damage_healed":0,"gold_gain":50,"player_choice":"Touch","damage_taken":8,"max_hp_gain":0,"max_hp_loss":0,"event_name":"FaceTrader","floor":10,"gold_loss":0},{"cards_removed":["Ghostly Armor"],"damage_healed":49,"gold_gain":0,"player_choice":"Offered Uncommon","damage_taken":0,"max_hp_gain":0,"max_hp_loss":0,"event_name":"Bonfire Elementals","floor":24,"gold_loss":0},{"damage_healed":0,"gold_gain":0,"player_choice":"Fought Bandits","damage_taken":0,"max_hp_gain":0,"max_hp_loss":0,"event_name":"Masked Bandits","floor":29,"gold_loss":0}],"is_beta":false,"boss_relics":[{"not_picked":["SacredBark","Empty Cage"],"picked":"Velvet Choker"}],"items_purged_floors":[5,14],"is_endless":false,"potions_floor_spawned":[1,13,21,22,25],"killed_by":"Masked Bandits","ascension_level":20}}