{"host":"630px4nyj50z5id8","time":1612599258,"event":{"mods":["BaseMod","Better Note","Colored Powertips","Good Game Mod","Minty Spire (QoL Compilation)","Quick Restart","Rare Cards Sparkle","Relic Filter Mod","Replay The Spire","StSLib","Waifu the Spire"],"gold_per_floor":[113,63,63,28,47,76,76,106,106,133,152,152,152,172,172,269,269,280,300,300,338,120,120,120,120],"floor_reached":24,"language":"ZHS","playtime":836,"items_purged":["Pain"],"score":348,"play_id":"b6f71920-d356-422d-8f45-f9416c9c36d6","local_time":"20210206161418","is_ascension_mode":true,"campfire_choices":[{"data":"Apotheosis","floor":12.0,"key":"SMITH"},{"data":"Feed","floor":15.0,"key":"SMITH"},{"floor":23,"key":"REST"}],"circlet_count":0,"master_deck":["Strike_R","Strike_R","Strike_R","Strike_R","Defend_R","Defend_R","Defend_R","Bash","Apotheosis+1","Shrug It Off","Juggernaut+1","Sever Soul","True Grit","Massacre","Feed+1","Armaments","Burning Pact","ReplayTheSpireMod:Limb From Limb","Limit Break+1","Whirlwind"],"relics":["Burning Blood","REME:ComplimentaryCards","NeowsBlessing","Pondfish Scales","Gambling Chip","FossilizedHelix","Quantum Egg","Mercury Hourglass","Black Star","WarpedTongs","Guide Book"],"acts_visited":["Exordium","TheCity"],"potions_floor_usage":[19,21],"damage_taken":[{"damage":0.0,"enemies":"Cultist","floor":1.0,"turns":1.0},{"damage":0.0,"enemies":"Small Slimes","floor":5.0,"turns":1.0},{"damage":0.0,"enemies":"Gremlin Nob","floor":6.0,"turns":1.0},{"damage":34.0,"enemies":"3 Sentries","floor":8.0,"turns":9.0},{"damage":11.0,"enemies":"Gremlin Nob","floor":10.0,"turns":4.0},{"damage":4.0,"enemies":"Jaw Worm","floor":11.0,"turns":4.0},{"damage":0.0,"enemies":"Looter","floor":14.0,"turns":4.0},{"damage":9.0,"enemies":"Hexaghost","floor":16.0,"turns":8.0},{"damage":38,"enemies":"3 Byrds","floor":18,"turns":7},{"damage":34,"enemies":"Shell Parasite","floor":19,"turns":4},{"damage":46,"enemies":"3 Cultists","floor":21,"turns":6},{"damage":42,"enemies":"Book of Stabbing","floor":24,"turns":3}],"seed_played":"-517221365984728955","potions_obtained":[{"floor":1.0,"key":"BloodPotion"},{"floor":5.0,"key":"Energy Potion"},{"floor":8.0,"key":"FearPotion"},{"floor":10.0,"key":"Weak Potion"},{"floor":19,"key":"ColorlessPotion"},{"floor":21,"key":"Weak Potion"}],"is_trial":false,"path_per_floor":["M","?","?","$","M","E","$","E","T","E","M","R","T","M","R","B",null,"M","M","?","M","$","R","E"],"character_chosen":"IRONCLAD","items_purchased":["Sever Soul","Guide Book"],"campfire_rested":1,"item_purchase_floors":[4,22],"current_hp_per_floor":[78,78,78,78,80,80,80,52,52,51,57,57,57,63,63,64,85,57,48,48,12,12,42,0,0],"gold":120,"neow_bonus":"THREE_ENEMY_KILL","is_daily":false,"chose_seed":false,"campfire_upgraded":2,"win_rate":0.0,"timestamp":1612599258,"path_taken":["M","?","?","$","M","E","$","E","T","E","M","R","?","M","R","BOSS","M","M","?","M","$","R","E"],"items_purchased_type":["Card","Relic"],"build_version":"2020-12-22","purchased_purges":1,"victory":false,"max_hp_per_floor":[80,80,80,80,80,80,80,80,80,84,88,88,88,88,88,92,92,96,96,96,100,100,100,100,100],"card_choices":[{"not_picked":["Replay:Undeath\u0027s Touch","Dark Embrace"],"picked":"Shrug It Off","floor":1.0},{"not_picked":["Iron Wave","Clash"],"picked":"True Grit","floor":5.0},{"not_picked":["Body Slam","Warcry"],"picked":"Massacre","floor":6.0},{"not_picked":["Anger","Rage"],"picked":"Feed","floor":8.0},{"not_picked":["Seeing Red","Sword Boomerang"],"picked":"Armaments","floor":10.0},{"not_picked":["Replay:Undeath\u0027s Touch","Run Through"],"picked":"Burning Pact","floor":11.0},{"not_picked":["Sword Boomerang","Cleave"],"picked":"ReplayTheSpireMod:Limb From Limb","floor":14.0},{"not_picked":["Demon Form","Corruption"],"picked":"Limit Break","floor":16.0},{"not_picked":["Wild Strike","Shrug It Off","Twin Strike+1"],"picked":"SKIP","floor":18},{"not_picked":["Life Link","True Grit","Rage"],"picked":"SKIP","floor":19},{"not_picked":["Sever Soul+1","True Grit"],"picked":"Whirlwind","floor":21}],"player_experience":400634,"relics_obtained":[{"floor":6.0,"key":"Pondfish Scales"},{"floor":8.0,"key":"Gambling Chip"},{"floor":9.0,"key":"FossilizedHelix"},{"floor":10.0,"key":"Quantum Egg"},{"floor":13.0,"key":"Mercury Hourglass"}],"event_choices":[{"cards_removed":["Defend_R"],"damage_healed":0.0,"max_hp_gain":0.0,"max_hp_loss":0.0,"gold_gain":0.0,"event_name":"The Cleric","player_choice":"Card Removal","floor":2.0,"gold_loss":50.0,"damage_taken":0.0},{"damage_healed":0.0,"max_hp_gain":0.0,"max_hp_loss":0.0,"gold_gain":0.0,"cards_transformed":["Strike_R"],"event_name":"Living Wall","player_choice":"Change","floor":3.0,"gold_loss":0.0,"damage_taken":0.0,"cards_obtained":["Juggernaut"]},{"damage_healed":0,"gold_gain":0,"player_choice":"Rummage","damage_taken":0,"relics_obtained":["WarpedTongs"],"max_hp_gain":0,"max_hp_loss":0,"event_name":"Accursed Blacksmith","floor":20,"gold_loss":0,"cards_obtained":["Pain"]}],"is_beta":false,"boss_relics":[{"not_picked":["Snecko Eye","Replay:Ancient Bell"],"picked":"Black Star"}],"items_purged_floors":[22],"is_endless":false,"potions_floor_spawned":[1,5,8,10,19,21],"killed_by":"Book of Stabbing","ascension_level":7}}