{"host":"jksa5rawk3m4gilz","time":1612626133,"event":{"mods":["BaseMod","Colored Map","Highlight Path","Minty Spire (QoL Compilation)","Quick Restart"],"gold_per_floor":[110,185,185,185,32,32,32,71,71,105,126,164,197,209,221,326,338,364,286,313,340,352,352],"floor_reached":22,"language":"ENG","playtime":658,"items_purged":[],"score":428,"play_id":"2472b5dc-7beb-4d4f-a1f4-5245bbbd0b58","local_time":"20210206164213","is_ascension_mode":true,"campfire_choices":[{"data":"Bash","floor":6,"key":"SMITH"},{"data":"Armaments","floor":15,"key":"SMITH"}],"circlet_count":0,"master_deck":["AscendersBane","Strike_R+1","Strike_R","Strike_R","Defend_R","Defend_R","Defend_R","Defend_R","Bash+1","Carnage","Feed","Anger","Armaments+1","Berserk","Pummel","True Grit+1"],"relics":["Burning Blood","NeowsBlessing","Golden Idol","MealTicket","Tiny Chest","Vajra","Calipers","MawBank","SlaversCollar"],"acts_visited":["Exordium","TheCity"],"potions_floor_usage":[16,21],"damage_taken":[{"damage":0,"enemies":"Jaw Worm","floor":1,"turns":1},{"damage":0,"enemies":"Gremlin Nob","floor":8,"turns":1},{"damage":0,"enemies":"3 Sentries","floor":10,"turns":1},{"damage":4,"enemies":"Small Slimes","floor":11,"turns":4},{"damage":30,"enemies":"Lagavulin","floor":12,"turns":5},{"damage":0,"enemies":"Cultist","floor":13,"turns":3},{"damage":20,"enemies":"Slime Boss","floor":16,"turns":9},{"damage":12,"enemies":"Chosen","floor":18,"turns":3},{"damage":10,"enemies":"3 Byrds","floor":20,"turns":9},{"damage":31,"enemies":"Snake Plant","floor":21,"turns":4},{"damage":54,"enemies":"Centurion and Healer","floor":22,"turns":5}],"seed_played":"8646927265434582608","potions_obtained":[{"floor":1,"key":"Weak Potion"},{"floor":11,"key":"Explosive Potion"},{"floor":13,"key":"Block Potion"},{"floor":18,"key":"ElixirPotion"},{"floor":21,"key":"EssenceOfSteel"}],"is_trial":false,"path_per_floor":["M","?","?","?","$","R","?","E","T","E","M","E","M","$","R","B",null,"M","?","M","M","M"],"character_chosen":"IRONCLAD","items_purchased":["MealTicket"],"campfire_rested":0,"item_purchase_floors":[5],"current_hp_per_floor":[74,63,56,38,38,38,75,75,75,75,78,54,60,75,75,64,77,74,74,70,49,0,0],"gold":352,"neow_bonus":"THREE_ENEMY_KILL","is_daily":false,"chose_seed":false,"campfire_upgraded":2,"win_rate":0.0,"timestamp":1612626133,"path_taken":["M","?","?","?","$","R","?","E","T","E","?","E","M","$","R","BOSS","M","?","?","M","M"],"items_purchased_type":["Relic"],"build_version":"2020-12-22","purchased_purges":0,"victory":false,"max_hp_per_floor":[75,75,75,75,75,75,75,75,75,75,78,78,78,78,78,81,81,84,84,84,88,91,91],"card_choices":[{"not_picked":["Disarm","Wild Strike"],"picked":"Evolve","floor":1},{"not_picked":["Shrug It Off","Flex"],"picked":"Carnage","floor":8},{"not_picked":["Sentinel","Searing Blow"],"picked":"Feed","floor":10},{"not_picked":["Sever Soul","Iron Wave","Metallicize"],"picked":"SKIP","floor":11},{"not_picked":["Blood for Blood","Havoc"],"picked":"Anger","floor":12},{"not_picked":["Thunderclap","Perfected Strike"],"picked":"Armaments","floor":13},{"not_picked":["Fiend Fire","Offering"],"picked":"Berserk","floor":16},{"not_picked":["Body Slam","Cleave+1"],"picked":"Pummel","floor":18},{"not_picked":["Havoc","Warcry","Armaments"],"picked":"SKIP","floor":20},{"not_picked":["Pummel","Entrench"],"picked":"True Grit+1","floor":21}],"player_experience":1816342,"relics_obtained":[{"floor":8,"key":"Tiny Chest"},{"floor":9,"key":"Vajra"},{"floor":10,"key":"Calipers"},{"floor":12,"key":"MawBank"}],"event_choices":[{"damage_healed":0,"gold_gain":75,"player_choice":"Gather Gold","damage_taken":11,"max_hp_gain":0,"max_hp_loss":0,"event_name":"World of Goop","floor":2,"gold_loss":0},{"cards_removed":["Strike_R"],"damage_healed":0,"gold_gain":0,"player_choice":"Card Removal","damage_taken":7,"max_hp_gain":0,"max_hp_loss":0,"event_name":"Golden Wing","floor":3,"gold_loss":0},{"damage_healed":0,"gold_gain":0,"player_choice":"Take Damage","damage_taken":18,"relics_obtained":["Golden Idol"],"max_hp_gain":0,"max_hp_loss":0,"event_name":"Golden Idol","floor":4,"gold_loss":0},{"cards_removed":["Evolve"],"damage_healed":37,"gold_gain":0,"player_choice":"Offered Uncommon","damage_taken":0,"max_hp_gain":0,"max_hp_loss":0,"event_name":"Bonfire Elementals","floor":7,"gold_loss":0},{"cards_removed":["Strike_R"],"damage_healed":0,"gold_gain":0,"player_choice":"Upgrade and Remove","damage_taken":0,"max_hp_gain":0,"max_hp_loss":0,"event_name":"Designer","floor":19,"gold_loss":90,"cards_upgraded":["Strike_R"]}],"is_beta":false,"boss_relics":[{"not_picked":["Black Star","Ectoplasm"],"picked":"SlaversCollar"}],"items_purged_floors":[],"is_endless":false,"potions_floor_spawned":[1,11,13,18,21],"killed_by":"Centurion and Healer","ascension_level":14}}