{"host":"dbb4fkd1j4jczim2","time":1612583851,"event":{"mods":["BaseMod","Downfall","Marisa????????","Minty Spire (QoL Compilation)","Permanent Neow","StSLib"],"gold_per_floor":[99,114,124,34,34,95,120,231,304,324,341,405,418,450,463,567,567,367,382,400,550,569,602,602,632,53,53,103,253,317,239,252,354,354,354,365,384,434,484,581,651,701,734,747,777,827,727,758,773,773,773,806,140,140,140,140],"floor_reached":57,"language":"ENG","playtime":4511,"items_purged":["Slimebound:Strike_Slimebound","Slimebound:MegaLick","Slimebound:Repurpose","Slimebound:GrowthPunch+1","Slimebound:MassFeed"],"score":1529,"play_id":"c0635dff-6fa3-4582-adb4-4837c21f1fcc","local_time":"20210205215731","is_ascension_mode":false,"campfire_choices":[{"data":"Slimebound:PrepareCrush","floor":1.0,"key":"SMITH"},{"data":"Slimebound:Equalize","floor":18.0,"key":"SMITH"},{"data":"Slimebound:GoopTackle","floor":27.0,"key":"SMITH"},{"floor":35.0,"key":"RECALL"},{"floor":47.0,"key":"REST"},{"data":"Master of Strategy","floor":54.0,"key":"SMITH"}],"circlet_count":0,"master_deck":["Slimebound:Tackle","Slimebound:Defend_Slimebound","Slimebound:Defend_Slimebound","Slimebound:Defend_Slimebound","Slimebound:Defend_Slimebound","Slimebound:Split","Slimebound:CorrosiveSpit","Slimebound:PrepareCrush+1","Slimebound:Prepare","Slimebound:FinishingTackle","Slimebound:FormOfPuddle","Slimebound:RollThrough","Slimebound:ForwardTackle","Slimebound:Equalize+1","Slimebound:FlameTackle","Slimebound:Teamwork","Slimebound:LivingWall+1","Slimebound:Teamwork+1","Slimebound:GoopTackle+1","Slimebound:ViciousTackle","Slimebound:FlameTackle","Slimebound:BestDefense","Slimebound:ForwardTackle","Slimebound:FormOfPuddle","J.A.X.","Slimebound:FinishingTackle","Slimebound:BestDefense","Slimebound:Prepare","Slimebound:RollThrough+1","Slimebound:RallyTheTroops","Slimebound:Prepare+1","Slimebound:Prepare","Slimebound:GoopTackle","Slimebound:Teamwork","expansioncontent:AwakenDeath","Master of Strategy+1","Slimebound:ComboTackle","Slimebound:LivingWall","Slimebound:Prepare"],"relics":["Slimebound:AbsorbEndCombat","SsserpentHead","Mango","Odd Mushroom","Snecko Eye","Peace Pipe","Astrolabe","downfall:HeartBlessingBlue","downfall:HeartBlessingGreen","Lizard Tail","Sundial","Anchor","Thread and Needle","Ancient Tea Set","White Beast Statue","MutagenicStrength","Bottled Flame","bronze:MakeshiftBattery","Juzu Bracelet","downfall:TeleportStone","CaptainsWheel","Mercury Hourglass","Omamori","PreservedInsect","downfall:HeartBlessingRed","Blood Vial","Kunai","Torii","Bag of Marbles","Orichalcum","Medical Kit"],"acts_visited":["Exordium","TheCity","TheBeyond","TheEnding"],"potions_floor_usage":[],"damage_taken":[{"damage":1.0,"enemies":"Jaw Worm","floor":2.0,"turns":3.0},{"damage":0.0,"enemies":"Cultist","floor":3.0,"turns":4.0},{"damage":3.0,"enemies":"downfall:FleeingMerchant","floor":4.0,"turns":4.0},{"damage":10.0,"enemies":"Small Slimes","floor":6.0,"turns":2.0},{"damage":21.0,"enemies":"3 Sentries","floor":8.0,"turns":7.0},{"damage":20.0,"enemies":"The Mushroom Lair","floor":9.0,"turns":6.0},{"damage":0.0,"enemies":"2 Fungi Beasts","floor":10.0,"turns":2.0},{"damage":9.0,"enemies":"Exordium Thugs","floor":11.0,"turns":5.0},{"damage":4.0,"enemies":"Blue Slaver","floor":12.0,"turns":4.0},{"damage":0.0,"enemies":"2 Fungi Beasts","floor":13.0,"turns":3.0},{"damage":5.0,"enemies":"Lagavulin","floor":14.0,"turns":5.0},{"damage":6.0,"enemies":"Large Slime","floor":15.0,"turns":4.0},{"damage":50.0,"enemies":"SI_SHIV_ARCHETYPE","floor":16.0,"turns":9.0},{"damage":0.0,"enemies":"3 Byrds","floor":19.0,"turns":2.0},{"damage":0.0,"enemies":"Chosen","floor":20.0,"turns":4.0},{"damage":21.0,"enemies":"DF_ARCHETYPE_STREAMLINE","floor":21.0,"turns":8.0},{"damage":3.0,"enemies":"Snake Plant","floor":22.0,"turns":3.0},{"damage":25.0,"enemies":"Gremlin Leader","floor":23.0,"turns":6.0},{"damage":0.0,"enemies":"Book of Stabbing","floor":25.0,"turns":3.0},{"damage":17.0,"enemies":"downfall:FleeingMerchant","floor":26.0,"turns":4.0},{"damage":0.0,"enemies":"downfall:Augmenter","floor":29.0,"turns":5.0},{"damage":5.0,"enemies":"Snecko","floor":30.0,"turns":4.0},{"damage":5.0,"enemies":"downfall:FleeingMerchant","floor":31.0,"turns":4.0},{"damage":1.0,"enemies":"Centurion and Healer","floor":32.0,"turns":5.0},{"damage":5.0,"enemies":"WA_ARCHETYPE_CALM","floor":33.0,"turns":9.0},{"damage":12.0,"enemies":"Orb Walker","floor":36.0,"turns":6.0},{"damage":0.0,"enemies":"3 Shapes","floor":37.0,"turns":2.0},{"damage":37.0,"enemies":"2 Orb Walkers","floor":40.0,"turns":5.0},{"damage":15.0,"enemies":"Reptomancer","floor":43.0,"turns":6.0},{"damage":39.0,"enemies":"Transient","floor":44.0,"turns":5.0},{"damage":27.0,"enemies":"Nemesis","floor":45.0,"turns":5.0},{"damage":3.0,"enemies":"Spire Growth","floor":49.0,"turns":4.0},{"damage":6.0,"enemies":"DF_ARCHETYPE_ORBS","floor":50.0,"turns":2.0},{"damage":21.0,"enemies":"downfall:CharBossMerchant","floor":52.0,"turns":8.0},{"damage":34.0,"enemies":"downfall:NeowBoss","floor":55.0,"turns":12.0},{"damage":2,"enemies":"downfall:NeowBossFinal","floor":56,"turns":3}],"seed_played":"4297307542796381267","potions_obtained":[{"floor":8.0,"key":"Regen Potion"},{"floor":9.0,"key":"SpeedPotion"},{"floor":12.0,"key":"Guardian:BlockOnCardUsePotion"},{"floor":16.0,"key":"Energy Potion"},{"floor":22.0,"key":"SkillPotion"},{"floor":25.0,"key":"Explosive Potion"},{"floor":29.0,"key":"GamblersBrew"},{"floor":30.0,"key":"LiquidBronze"},{"floor":31.0,"key":"SpeedPotion"},{"floor":32.0,"key":"Energy Potion"},{"floor":33.0,"key":"SteroidPotion"},{"floor":40.0,"key":"Block Potion"},{"floor":43.0,"key":"SneckoOil"},{"floor":44.0,"key":"Fire Potion"},{"floor":45.0,"key":"Slimebound:ThreeZeroPotion"},{"floor":52.0,"key":"sneckomod:MuddlingPotion"}],"is_trial":false,"path_per_floor":["R","M","M","$","?","M","T","?","?","M","M","M","M","E","M","B",null,"R","M","M","?","M","E","T","E","$","R","?","?","M","$","M","B",null,"R","M","M","?","?","?","T","?","E","M","E","?","R","$","M","B",null,"E","$","R","B","B",null],"character_chosen":"SLIMEBOUND","items_purchased":["Slimebound:MassFeed","Slimebound:ForwardTackle","White Beast Statue","Slimebound:ForwardTackle","Bottled Flame","Slimebound:Teamwork","Blood Vial","Kunai","Energy Potion","expansioncontent:AwakenDeath","Master of Strategy","Bag of Marbles","Orichalcum","Medical Kit","Slimebound:Prepare"],"campfire_rested":1,"item_purchase_floors":[26,26,26,31,31,48,48,48,48,48,48,53,53,53,53],"current_hp_per_floor":[65,64,65,62,62,56,56,57,43,47,46,48,60,67,75,37,79,89,89,89,72,73,54,54,68,71,71,71,85,92,88,94,92,95,95,83,100,100,100,65,65,65,60,21,52,52,83,83,93,89,107,86,86,86,68,80],"gold":140,"neow_bonus":"ONE_RANDOM_RARE_CARD","is_daily":false,"chose_seed":false,"campfire_upgraded":4,"win_rate":0.0,"timestamp":1612583851,"path_taken":["R","M","M","$","?","?","T","?","?","M","M","?","M","E","M","BOSS","R","M","M","?","M","E","T","E","$","R","?","?","?","?","M","BOSS","R","M","M","?","?","?","T","?","E","M","E","?","R","?","M","BOSS","E","$","R","BOSS","BOSS"],"items_purchased_type":["Card","Card","Relic","Card","Relic","Card","Relic","Relic","Potion","Card","Card","Relic","Relic","Relic","Card"],"build_version":"2020-12-22","purchased_purges":5,"victory":true,"max_hp_per_floor":[65,65,65,65,65,65,65,79,79,79,79,79,79,79,79,79,79,89,89,89,89,89,89,89,89,89,89,89,89,92,92,95,95,95,95,95,104,104,104,104,104,104,104,104,104,104,104,104,107,107,107,107,107,107,107,107],"card_choices":[{"not_picked":["Slimebound:SplitLeeching","Slimebound:LevelUp"],"picked":"Slimebound:Prepare","floor":2.0},{"not_picked":["Slimebound:RollThrough","Slimebound:FirmFortitude"],"picked":"Slimebound:FinishingTackle","floor":3.0},{"not_picked":["Slimebound:BestDefense","Slimebound:Schlurp"],"picked":"Slimebound:MegaLick","floor":4.0},{"not_picked":["Slimebound:SplitBruiser","Slimebound:SplitMire"],"picked":"Slimebound:Repurpose","floor":6.0},{"not_picked":["Slimebound:LeechingTouch","Slimebound:Chomp"],"picked":"Slimebound:FormOfPuddle","floor":8.0},{"not_picked":["Slimebound:GoopTackle","Slimebound:FinishingTackle"],"picked":"Slimebound:RollThrough","floor":9.0},{"not_picked":["Slimebound:DivideAndConquer","Slimebound:RainOfGoop"],"picked":"Slimebound:MegaLick","floor":10.0},{"not_picked":["Slimebound:SplitAcid","Slimebound:LeechEnergy"],"picked":"Slimebound:ForwardTackle","floor":11.0},{"not_picked":["Slimebound:SplitMire","Slimebound:GoopTackle"],"picked":"Slimebound:Equalize","floor":12.0},{"not_picked":["Slimebound:ComboTackle","Slimebound:LeechingTouch","Slimebound:SlimeSpikes"],"picked":"SKIP","floor":13.0},{"not_picked":["Slimebound:SplitMire","Slimebound:ItLooksTasty"],"picked":"Slimebound:FlameTackle","floor":14.0},{"not_picked":["Slimebound:GoopSpray","Slimebound:ComboTackle"],"picked":"Slimebound:Teamwork","floor":15.0},{"not_picked":["Slimebound:SlimeBarrage+1","Slimebound:Replication","Slimebound:SplitLeeching"],"picked":"SKIP","floor":19.0},{"not_picked":["Slimebound:SlimeSpikes","Slimebound:DisruptingSlam+1"],"picked":"Slimebound:GoopTackle","floor":20.0},{"not_picked":["Slimebound:SlimeSpikes+1","Slimebound:SplitMire"],"picked":"Slimebound:ViciousTackle","floor":22.0},{"not_picked":["Slimebound:LeechEnergy","Slimebound:LeechingTouch"],"picked":"Slimebound:FlameTackle","floor":23.0},{"not_picked":["Slimebound:GoopSpray","Slimebound:SlimeSpikes"],"picked":"Slimebound:BestDefense","floor":25.0},{"not_picked":["Slimebound:SplitBruiser","Slimebound:Nibble","Slimebound:Dissolve"],"picked":"SKIP","floor":26.0},{"not_picked":[],"picked":"J.A.X.","floor":29.0},{"not_picked":["Slimebound:HauntingLick","Slimebound:SamplingLick"],"picked":"Slimebound:SplitMire","floor":29.0},{"not_picked":["Slimebound:SamplingLick","Slimebound:HauntingLick"],"picked":"Slimebound:BestDefense","floor":30.0},{"not_picked":["Slimebound:SlimeSpikes","Slimebound:DisruptingSlam+1"],"picked":"Slimebound:Prepare","floor":31.0},{"not_picked":["Slimebound:ItLooksTasty+1","Slimebound:ComboTackle"],"picked":"Slimebound:RollThrough+1","floor":32.0},{"not_picked":["Slimebound:MinionMaster","Slimebound:FirmFortitude"],"picked":"Slimebound:RallyTheTroops","floor":33.0},{"not_picked":["Slimebound:GrowthPunch+1","Slimebound:GoopSpray"],"picked":"Slimebound:Prepare+1","floor":36.0},{"not_picked":["Slimebound:LevelUp+1","Slimebound:GrowthPunch+1"],"picked":"Slimebound:Prepare","floor":37.0},{"not_picked":["Slimebound:SplitBruiser","Slimebound:Schlurp+1"],"picked":"Slimebound:GoopTackle","floor":40.0},{"not_picked":["Slimebound:FirmFortitude","Slimebound:MegaLick+1","Slimebound:SpikyOuterGoop+1"],"picked":"SKIP","floor":43.0},{"not_picked":["Slimebound:Schlurp","Slimebound:ForwardTackle","Slimebound:AcidTongue+1"],"picked":"SKIP","floor":44.0},{"not_picked":["Slimebound:SlimeTap+1","Slimebound:LeechLife","Slimebound:LeechEnergy+1"],"picked":"SKIP","floor":45.0},{"not_picked":["Slimebound:FinishingTackle+1","Slimebound:SlimeSpikes"],"picked":"Slimebound:ComboTackle","floor":49.0},{"not_picked":["Slimebound:Equalize","Slimebound:Schlurp"],"picked":"Slimebound:LivingWall","floor":52.0}],"player_experience":326366,"relics_obtained":[{"floor":8.0,"key":"Mango"},{"floor":9.0,"key":"Odd Mushroom"},{"floor":14.0,"key":"Peace Pipe"},{"floor":21.0,"key":"Lizard Tail"},{"floor":21.0,"key":"Sundial"},{"floor":23.0,"key":"Anchor"},{"floor":24.0,"key":"Thread and Needle"},{"floor":25.0,"key":"Ancient Tea Set"},{"floor":29.0,"key":"MutagenicStrength"},{"floor":40.0,"key":"CaptainsWheel"},{"floor":41.0,"key":"Mercury Hourglass"},{"floor":43.0,"key":"Omamori"},{"floor":45.0,"key":"PreservedInsect"},{"floor":52.0,"key":"Torii"}],"event_choices":[{"damage_healed":0.0,"max_hp_gain":0.0,"max_hp_loss":0.0,"gold_gain":0.0,"event_name":"FaceTrader","player_choice":"Trade","floor":5.0,"gold_loss":0.0,"damage_taken":0.0,"relics_obtained":["SsserpentHead"]},{"damage_healed":0.0,"max_hp_gain":0.0,"max_hp_loss":0.0,"gold_gain":0.0,"event_name":"Mushrooms","player_choice":"Fought Mushrooms","floor":9.0,"gold_loss":0.0,"damage_taken":0.0},{"damage_healed":0.0,"max_hp_gain":0.0,"max_hp_loss":0.0,"gold_gain":0.0,"event_name":"The Library","player_choice":"Read","floor":28.0,"gold_loss":0.0,"damage_taken":0.0,"cards_obtained":["Slimebound:FormOfPuddle"]},{"cards_removed":["Slimebound:ForwardTackle"],"damage_healed":0.0,"max_hp_gain":0.0,"max_hp_loss":0.0,"gold_gain":0.0,"event_name":"Falling","player_choice":"Removed Attack","floor":39.0,"gold_loss":0.0,"damage_taken":0.0},{"damage_healed":0.0,"max_hp_gain":0.0,"max_hp_loss":0.0,"gold_gain":0.0,"event_name":"Mysterious Sphere","player_choice":"Fight","floor":40.0,"gold_loss":0.0,"damage_taken":0.0},{"damage_healed":0.0,"max_hp_gain":0.0,"max_hp_loss":0.0,"gold_gain":0.0,"event_name":"NoteForYourself","player_choice":"Ignored","floor":46.0,"gold_loss":0.0,"damage_taken":0.0}],"is_beta":false,"boss_relics":[{"not_picked":["Empty Cage","Fusion Hammer"],"picked":"Astrolabe"},{"not_picked":["Black Star","SacredBark"],"picked":"bronze:MakeshiftBattery"}],"items_purged_floors":[4,26,31,48,53],"is_endless":false,"potions_floor_spawned":[8,9,12,13,16,20,22,25,29,30,31,32,33,36,37,40,43,44,45,49,52],"ascension_level":0}}