{"host":"i0m6ffz3lpe3z1ky","time":1612637116,"event":{"mods":["Aspiration","BaseMod","Bestiary","BetterRewards","Colored Map","Conspire","Energized Spire","Highlight Path","Hubris","Ironclad Rager","Minty Spire (QoL Compilation)","Quick Restart","Reliquary","Shop Mod","Spicy Shops","StSLib","Thieving Mod"],"gold_per_floor":[111,111,261,284,21,355,355,374,374,386,386,396,423,433,433,433,433],"floor_reached":16,"language":"KOR","playtime":472,"items_purged":[],"score":220,"play_id":"052c8183-62ee-4d87-8874-a695ec483bb6","local_time":"20210207034516","is_ascension_mode":true,"campfire_choices":[{"floor":7.0,"key":"RECALL"},{"data":"Body Slam","floor":11.0,"key":"SMITH"},{"data":"Body Slam","floor":15,"key":"SMITH"}],"circlet_count":0,"master_deck":["AscendersBane","Strike_R","Strike_R","Strike_R","Strike_R","Strike_R","Defend_R","Defend_R","Defend_R","Defend_R","Bash","Combust+1","Doubt","Feel No Pain","Body Slam+1","Body Slam+1","Shrug It Off"],"relics":["Burning Blood","OrangePellets","reliquary:QuartzCube","Lee\u0027s Waffle","Mummified Hand","reliquary:Stiletto","HandDrill","Vajra","hubris:SphereOfDissonance","Old Coin","reliquary:Crutches","Gambling Chip"],"acts_visited":["Exordium"],"potions_floor_usage":[13],"damage_taken":[{"damage":14.0,"enemies":"Jaw Worm","floor":1.0,"turns":5.0},{"damage":40.0,"enemies":"Lagavulin","floor":6.0,"turns":6.0},{"damage":3.0,"enemies":"Cultist","floor":8.0,"turns":3.0},{"damage":7.0,"enemies":"Small Slimes","floor":10.0,"turns":3.0},{"damage":4.0,"enemies":"Blue Slaver","floor":12.0,"turns":3.0},{"damage":13,"enemies":"3 Sentries","floor":13,"turns":6},{"damage":14,"enemies":"Looter","floor":14,"turns":3},{"damage":27,"enemies":"The Guardian","floor":16,"turns":4}],"seed_played":"-6836605185849255244","potions_obtained":[{"floor":1.0,"key":"SpeedPotion"},{"floor":12.0,"key":"SteroidPotion"},{"floor":14,"key":"LiquidMemories"}],"is_trial":false,"path_per_floor":["M","?","?","T","$","E","R","M","T","M","R","M","E","M","R","B"],"character_chosen":"IRONCLAD","items_purchased":["OrangePellets","Lee\u0027s Waffle","Mummified Hand","reliquary:Stiletto","HandDrill","hubris:SphereOfDissonance"],"campfire_rested":0,"item_purchase_floors":[0,0,0,0,0,5],"current_hp_per_floor":[74,74,74,74,74,40,40,43,43,42,42,44,37,29,29,2,2],"gold":433,"neow_bonus":"","is_daily":false,"chose_seed":false,"campfire_upgraded":2,"win_rate":0.0,"timestamp":1612637116,"path_taken":["M","?","?","?","$","E","R","M","T","M","R","?","E","M","R","BOSS"],"items_purchased_type":["Relic","Relic","Relic","Relic","Relic","Relic"],"build_version":"2020-12-22","purchased_purges":0,"victory":false,"max_hp_per_floor":[82,82,82,82,82,82,82,82,82,82,82,82,82,82,82,82,82],"card_choices":[{"not_picked":["Shockwave","Anger"],"picked":"Combust","floor":1.0},{"not_picked":["Dual Wield","Wild Strike","Hemokinesis"],"picked":"SKIP","floor":6.0},{"not_picked":["Rupture","True Grit"],"picked":"Feel No Pain","floor":8.0},{"not_picked":["Twin Strike","Wild Strike"],"picked":"Body Slam","floor":10.0},{"not_picked":["Armaments","Clothesline","Iron Wave"],"picked":"SKIP","floor":12.0},{"not_picked":["Heavy Blade","Wild Strike"],"picked":"Body Slam","floor":13},{"not_picked":["Body Slam","conspire:Charge"],"picked":"Shrug It Off","floor":14}],"player_experience":510585,"relics_obtained":[{"floor":4.0,"key":"Vajra"},{"floor":6.0,"key":"Old Coin"},{"floor":9.0,"key":"reliquary:Crutches"},{"floor":13,"key":"Gambling Chip"}],"event_choices":[{"damage_healed":0.0,"max_hp_gain":0.0,"max_hp_loss":0.0,"gold_gain":150.0,"event_name":"Liars Game","player_choice":"AGREE","floor":3.0,"gold_loss":0.0,"damage_taken":0.0,"cards_obtained":["Doubt"]}],"is_beta":false,"boss_relics":[],"items_purged_floors":[],"is_endless":false,"potions_floor_spawned":[1,12,14],"killed_by":"The Guardian","ascension_level":20}}