{"host":"6drv1qzpbnls60z2","time":1612588077,"event":{"mods":["ATMod(°¢èªMod)","Act Like it!","Arknights","BaseMod","Hallownest","Jedi Mod","Minty Spire (QoL Compilation)","Reliquary","Replay The Spire","Shop Mod","Spicy Shops","StSLib","Uncapped","¡¾ÒÅÎï¿¨ÅÆ¡¿REMEMod","²ÐÁôÖ®Îï","óô»ðÖ¸ÄÏ"],"gold_per_floor":[118,134,134,147,63,101,120,120,146,146,170,170,170],"floor_reached":12,"language":"ZHS","playtime":787,"items_purged":[],"score":260,"play_id":"1b5ce512-dfa2-4049-be72-5862359769cf","local_time":"20210206130757","daily_mods":["SealedDeck","DeadlyEvents"],"is_ascension_mode":true,"campfire_choices":[{"data":"ats:Serious Mode","floor":8,"key":"SMITH"},{"floor":10,"key":"REST"}],"circlet_count":0,"master_deck":["AscendersBane","AT_KneejerkReflex","PlaceholderMod:Crystallization","ats:Support Order","ats:Overload","ats:Neurotoxin","ats:Hook Shot","ats:Collapsing Strike","PlaceholderMod:FastReaction","PlaceholderMod:Stratification","PlaceholderMod:Stratification","ats:Charging Defense","ats:Serious Mode+1","PlaceholderMod:InnerStable","Injury","ats:Chain Hook","PlaceholderMod:SubstitutionNucleophilic1","PlaceholderMod:TriggerStrike","PlaceholderMod:EnergyAbsorb","ats:Closed Bolt Burst Fire"],"relics":["ats:Sanity","AT_ATBox","REME_ComplimentaryCards","Golden Idol","ats:Originium","reliquary:ExpiredCoupon","reliquary:SilkGlove"],"acts_visited":["Exordium"],"potions_floor_usage":[4,4],"damage_taken":[{"damage":14,"enemies":"Jaw Worm","floor":1,"turns":3},{"damage":6,"enemies":"2 Louse","floor":2,"turns":4},{"damage":12,"enemies":"Small Slimes","floor":4,"turns":3},{"damage":13,"enemies":"Lagavulin","floor":6,"turns":6},{"damage":13,"enemies":"2 Fungi Beasts","floor":7,"turns":3},{"damage":9,"enemies":"Red Slaver","floor":11,"turns":4},{"damage":25,"enemies":"3 Sentries","floor":12,"turns":4}],"seed_played":"-7944170224930511829","potions_obtained":[{"floor":2,"key":"Explosive Potion"},{"floor":4,"key":"REME_GoldPotion"}],"is_trial":true,"path_per_floor":["M","M","?","M","$","E","M","R","T","R","M","E"],"character_chosen":"DOCTOR_CLASS","items_purchased":["PlaceholderMod:SubstitutionNucleophilic1"],"campfire_rested":1,"item_purchase_floors":[5],"current_hp_per_floor":[51,45,45,33,33,20,7,7,7,28,19,0,0],"gold":170,"neow_bonus":"","is_daily":false,"chose_seed":false,"campfire_upgraded":1,"win_rate":0.0,"timestamp":1612588077,"path_taken":["M","M","?","M","$","E","M","R","T","R","M","E"],"items_purchased_type":["Card"],"build_version":"2020-12-22","purchased_purges":0,"victory":false,"max_hp_per_floor":[72,72,72,72,72,72,72,72,72,72,72,72,72],"card_choices":[{"not_picked":["ats:Flexible Camouflage","ats:Powerful Strike","ats:Absolute Focus"],"picked":"SKIP","floor":1},{"not_picked":["PlaceholderMod:DirectingGroup","ats:Serious Mode"],"picked":"PlaceholderMod:InnerStable","floor":2},{"not_picked":["ats:Poison Spread","PlaceholderMod:DirectingGroup"],"picked":"ats:Chain Hook","floor":4},{"not_picked":["PlaceholderMod:InnerStable","ats:Hook Shot"],"picked":"PlaceholderMod:TriggerStrike","floor":6},{"not_picked":["ats:Cat Scratch","PlaceholderMod:CrystallizationStrike"],"picked":"PlaceholderMod:EnergyAbsorb","floor":7},{"not_picked":["ats:Leaping Hammer","ats:Consecutive Shot Auto"],"picked":"ats:Closed Bolt Burst Fire","floor":11}],"player_experience":179549,"relics_obtained":[{"floor":6,"key":"ats:Originium"},{"floor":6,"key":"reliquary:ExpiredCoupon"},{"floor":9,"key":"reliquary:SilkGlove"}],"event_choices":[{"damage_healed":0,"gold_gain":0,"player_choice":"Take Wound","damage_taken":0,"relics_obtained":["Golden Idol"],"max_hp_gain":0,"max_hp_loss":0,"event_name":"Golden Idol","floor":3,"gold_loss":0,"cards_obtained":["Injury"]}],"is_beta":false,"boss_relics":[],"items_purged_floors":[],"is_endless":true,"potions_floor_spawned":[2,4],"killed_by":"3 Sentries","ascension_level":20}}