{"host":"lly094a91h6n5nv5","time":1612597482,"event":{"mods":["AchievementEnabler","BaseMod","Block Reminder","Colored Map","Minty Spire (QoL Compilation)"],"gold_per_floor":[15,15,15,34,34,34,46,77,104,139,139,139,139],"floor_reached":12,"language":"ENG","playtime":505,"items_purged":[],"score":112,"play_id":"126d84f9-1a6e-4b35-a9fe-59b25b46e156","local_time":"20210206014442","is_ascension_mode":true,"campfire_choices":[{"data":"Dualcast","floor":6,"key":"SMITH"},{"data":"Loop","floor":11,"key":"SMITH"}],"circlet_count":0,"master_deck":["Strike_B","Strike_B","Defend_B","Defend_B","Defend_B","Zap","Dualcast+1","Hologram","Loop+1","Lockon","Ball Lightning","Conserve Battery","Conserve Battery","Darkness"],"relics":["Cracked Core","Vajra","Nunchaku","Boot"],"acts_visited":[],"potions_floor_usage":[12],"damage_taken":[{"damage":2,"enemies":"Cultist","floor":1,"turns":5},{"damage":4,"enemies":"Small Slimes","floor":4,"turns":4},{"damage":9,"enemies":"2 Louse","floor":7,"turns":2},{"damage":21,"enemies":"3 Sentries","floor":8,"turns":7},{"damage":23,"enemies":"Gremlin Nob","floor":10,"turns":4},{"damage":10,"enemies":"3 Sentries","floor":12,"turns":3}],"seed_played":"-8221016306105103999","potions_obtained":[{"floor":1,"key":"SkillPotion"},{"floor":7,"key":"SmokeBomb"}],"is_trial":false,"path_per_floor":["M","?","$","M","$","R","M","E","T","E","R","E"],"character_chosen":"DEFECT","items_purchased":[],"campfire_rested":0,"item_purchase_floors":[],"current_hp_per_floor":[66,66,66,62,62,62,53,32,32,9,9,0,0],"gold":139,"neow_bonus":"TRANSFORM_TWO_CARDS","is_daily":false,"chose_seed":false,"campfire_upgraded":2,"win_rate":0.0,"timestamp":1612597482,"path_taken":["M","?","?","M","$","R","M","E","T","E","R","E"],"items_purchased_type":[],"build_version":"2020-12-22","purchased_purges":0,"victory":false,"max_hp_per_floor":[75,75,75,75,75,75,75,75,75,75,75,75,75],"card_choices":[{"not_picked":["Auto Shields","Turbo","Steam"],"picked":"SKIP","floor":1},{"not_picked":["Reinforced Body","Turbo"],"picked":"Ball Lightning","floor":4},{"not_picked":["Compile Driver","Storm"],"picked":"Conserve Battery","floor":7},{"not_picked":["Leap","Coolheaded"],"picked":"Conserve Battery","floor":8},{"not_picked":["White Noise","Steam"],"picked":"Darkness","floor":10}],"player_experience":156111,"relics_obtained":[{"floor":8,"key":"Vajra"},{"floor":9,"key":"Nunchaku"},{"floor":10,"key":"Boot"}],"event_choices":[{"damage_healed":0,"gold_gain":0,"cards_transformed":["Defend_B"],"player_choice":"Transformed","damage_taken":0,"max_hp_gain":0,"max_hp_loss":0,"event_name":"Transmorgrifier","floor":2,"gold_loss":0,"cards_obtained":["Lockon"]}],"is_beta":false,"boss_relics":[],"items_purged_floors":[],"is_endless":false,"potions_floor_spawned":[1,7],"killed_by":"3 Sentries","ascension_level":6}}