{"host":"28bpuzdckreop5i0","time":1612649516,"event":{"mods":["Aspiration","BaseMod","Beaked The Cultist","Challenge The Spire","Conspire","Defuse TimeMaze Blight","Energized Spire","GifTheSpireLib","Googly Eyes","Hubris","Infinite Spire","Minty Spire (QoL Compilation)","Relic Stats","Replay The Spire","Shop Mod","Spicy Shops","StSLib","Stuff the Spire","The Awakened One except there are too many feathers","The Construct","The Cursed","The Disciple","The Hierophant","The IronCluck","The Runesmith","Thieving Mod","Transform Curses","Wandering Minibosses","slay the spire mod where everything is the same but ironclad has a cowboy hat"],"gold_per_floor":[111,10,29,29,29,29,60,60,60,26,42,57,57,57,57,162,162,175,31,31,31,41,41,41,61,134,134,134,57,72,105,105,207,207,207,207,207,207,207,226,57,57,84,84,111,130,148,148,148],"floor_reached":48,"language":"ENG","playtime":9352,"items_purged":[],"score":603,"play_id":"54018009-8989-46db-833b-d32809e45c64","local_time":"20210206161156","is_ascension_mode":true,"campfire_choices":[{"data":"infinitespire:SevenWalls","floor":6,"key":"SMITH"},{"data":"WindmillStrike","floor":8,"key":"SMITH"},{"floor":15,"key":"REST"},{"floor":23,"key":"REST"},{"floor":28,"key":"REST"},{"data":"SandsOfTime","floor":32,"key":"SMITH"},{"floor":42,"key":"REST"}],"circlet_count":0,"master_deck":["Strike_P+1","Strike_P+1","Defend_P","Defend_P+1","Defend_P+1","Defend_P+1","Vigilance","LessonLearned+1","Vengeance+1","FlurryOfBlows+1","WindmillStrike+1","infinitespire:SevenWalls+1","Study+1","Evaluate+1","SandsOfTime+1","Replay:ManipulateFuture+1","Evaluate","Parasite","hubris:NaturalOne","ClearTheMind"],"relics":["PureWater","Replay:Rubber Ducky","Blue Candle","StuffTheSpire:OldFever","energizedSpire:EnergizedDie","StuffTheSpire:BottledEssence","hubris:Towel","Bottled Flame","PreservedInsect","Replay:Drink Me","hubris:Icosahedron","aspiration:Nostalgia","Cracked Core","Toy Ornithopter","infinitespire:PuzzleCube"],"acts_visited":["Exordium","TheCity","TheBeyond"],"potions_floor_usage":[47],"damage_taken":[{"damage":3,"enemies":"conspire:RoseBush","floor":1,"turns":3},{"damage":4,"enemies":"2 Louse","floor":3,"turns":2},{"damage":0,"enemies":"Gremlin Nob","floor":7,"turns":3},{"damage":5,"enemies":"Small Slimes","floor":11,"turns":5},{"damage":2,"enemies":"3 Louse","floor":12,"turns":4},{"damage":1,"enemies":"Fading Forest","floor":16,"turns":11},{"damage":10,"enemies":"2 Thieves","floor":18,"turns":3},{"damage":0,"enemies":"Spheric Guardian","floor":22,"turns":5},{"damage":28,"enemies":"Snake Plant","floor":25,"turns":4},{"damage":0,"enemies":"Snecko","floor":30,"turns":6},{"damage":4,"enemies":"Book of Stabbing","floor":31,"turns":5},{"damage":0,"enemies":"Champ","floor":33,"turns":8},{"damage":0,"enemies":"3 Shapes","floor":35,"turns":4},{"damage":23,"enemies":"3 Darklings","floor":40,"turns":5},{"damage":1,"enemies":"Giant Head","floor":43,"turns":6},{"damage":0,"enemies":"Writhing Mass","floor":46,"turns":5},{"damage":32,"enemies":"Transient","floor":47,"turns":5},{"damage":36,"enemies":"Sphere and 2 Shapes","floor":48,"turns":3}],"seed_played":"-3075048010005285654","potions_obtained":[{"floor":7,"key":"SteroidPotion"},{"floor":11,"key":"FearPotion"},{"floor":18,"key":"Dexterity Potion"}],"is_trial":false,"path_per_floor":["M","$","M","?","?","R","E","R","T","?","M","M","$","?","R","B",null,"M","$","?","?","M","R","?","M","T","?","R","$","M","E","R","B",null,"M","?","PTL","PTL","?","M","$","R","E","?","T","M","M","M"],"character_chosen":"WATCHER","items_purchased":["FlurryOfBlows","WindmillStrike","StuffTheSpire:BottledEssence","SandsOfTime","Evaluate","aspiration:Nostalgia"],"campfire_rested":4,"item_purchase_floors":[2,2,19,29,41,41],"current_hp_per_floor":[69,69,65,65,48,48,48,48,48,48,43,41,41,41,62,61,72,62,62,62,49,49,72,72,44,44,44,67,67,67,63,63,63,58,58,58,58,58,58,35,35,52,51,51,51,51,24,0,0],"gold":148,"neow_bonus":"ONE_RANDOM_RARE_CARD","is_daily":false,"chose_seed":false,"campfire_upgraded":3,"win_rate":0.0,"timestamp":1612649516,"path_taken":["M","$","M","?","?","R","E","R","T","?","M","M","$","?","R","BOSS","M","$","?","?","M","R","?","M","T","?","R","?","M","E","R","BOSS","M","?","PTL","PTL","?","M","?","R","E","?","T","M","M","M"],"items_purchased_type":["Card","Card","Relic","Card","Card","Relic"],"build_version":"2020-12-22","purchased_purges":0,"victory":false,"max_hp_per_floor":[72,72,72,72,72,72,72,72,72,72,72,72,72,72,72,72,72,72,72,72,77,77,77,77,77,77,77,77,77,77,77,77,77,58,58,58,58,58,58,58,58,58,58,58,58,58,58,58,58],"relic_stats":{"counters":[18,87],"Blue Candle":[1],"PreservedInsect":125,"obtain_stats":[{"aspiration:Nostalgia":41,"Blue Candle":9,"energizedSpire:EnergizedDie":17,"StuffTheSpire:BottledEssence":19,"PreservedInsect":31,"hubris:Towel":20,"Replay:Rubber Ducky":7,"Bottled Flame":26,"hubris:Icosahedron":39,"PureWater":0,"Replay:Drink Me":34,"Cracked Core":41,"StuffTheSpire:OldFever":14,"Toy Ornithopter":43,"infinitespire:PuzzleCube":45},{"aspiration:Nostalgia":14,"Blue Candle":3,"energizedSpire:EnergizedDie":6,"StuffTheSpire:BottledEssence":7,"PreservedInsect":11,"hubris:Towel":7,"Replay:Rubber Ducky":3,"Bottled Flame":9,"hubris:Icosahedron":13,"PureWater":0,"Replay:Drink Me":12,"Cracked Core":14,"StuffTheSpire:OldFever":5,"Toy Ornithopter":15,"infinitespire:PuzzleCube":15},{"aspiration:Nostalgia":68,"Blue Candle":8,"energizedSpire:EnergizedDie":28,"StuffTheSpire:BottledEssence":31,"PreservedInsect":51,"hubris:Towel":31,"Replay:Rubber Ducky":8,"Bottled Flame":40,"hubris:Icosahedron":63,"PureWater":0,"Replay:Drink Me":59,"Cracked Core":68,"StuffTheSpire:OldFever":17,"Toy Ornithopter":74,"infinitespire:PuzzleCube":74}],"Toy Ornithopter":5},"card_choices":[{"not_picked":["Wallop","SashWhip"],"picked":"Vengeance","floor":1},{"not_picked":["BowlingBash","Weave","Replay:Cycle"],"picked":"SKIP","floor":3},{"not_picked":["ReplayTheSpireMod:Echoes of Time","infinitespire:FutureSight"],"picked":"infinitespire:SevenWalls","floor":5},{"not_picked":["Replay:AtTheReady","EmptyFist","TalkToTheHand"],"picked":"SKIP","floor":7},{"not_picked":["Prostrate","Worship","Crescendo"],"picked":"SKIP","floor":11},{"not_picked":["PathToVictory","Replay:Vibes","BowlingBash"],"picked":"SKIP","floor":12},{"not_picked":["Halt","SashWhip+1","Fasting2"],"picked":"SKIP","floor":18},{"not_picked":["Prostrate","Replay:BluntJabs"],"picked":"Study","floor":22},{"not_picked":["Consecrate","Replay:AtTheReady"],"picked":"Evaluate","floor":25},{"not_picked":["PathToVictory+1","SashWhip","FlyingSleeves"],"picked":"SKIP","floor":30},{"not_picked":["Alpha","CarveReality"],"picked":"Replay:ManipulateFuture+1","floor":31},{"not_picked":["Replay:AtTheReady","CarveReality+1","Crescendo"],"picked":"SKIP","floor":35},{"not_picked":["MentalFortress","CutThroughFate","Replay:AtTheReady"],"picked":"SKIP","floor":40},{"not_picked":["Pray+1","JustLucky+1","Replay:Cycle"],"picked":"SKIP","floor":43},{"not_picked":["EmptyFist","SashWhip+1","Devotion"],"picked":"SKIP","floor":46},{"not_picked":["CrushJoints+1","Replay:Anticipation"],"picked":"ClearTheMind","floor":47}],"player_experience":794977,"relics_obtained":[{"floor":7,"key":"Replay:Rubber Ducky"},{"floor":9,"key":"Blue Candle"},{"floor":14,"key":"StuffTheSpire:OldFever"},{"floor":26,"key":"Bottled Flame"},{"floor":31,"key":"PreservedInsect"},{"floor":43,"key":"Toy Ornithopter"},{"floor":45,"key":"infinitespire:PuzzleCube"}],"event_choices":[{"damage_healed":0,"gold_gain":0,"player_choice":"Disagree","damage_taken":0,"max_hp_gain":0,"max_hp_loss":0,"event_name":"conspire:LoneGhost","floor":4,"gold_loss":0},{"damage_healed":0,"gold_gain":0,"player_choice":"Left Gold","damage_taken":0,"max_hp_gain":0,"max_hp_loss":0,"event_name":"World of Goop","floor":10,"gold_loss":34},{"damage_healed":0,"gold_gain":0,"player_choice":"Shed Blood","damage_taken":18,"max_hp_gain":5,"max_hp_loss":0,"event_name":"Forgotten Altar","floor":21,"gold_loss":0},{"damage_healed":0,"gold_gain":0,"player_choice":"Leave","damage_taken":0,"max_hp_gain":0,"max_hp_loss":0,"event_name":"conspire:Investor","floor":24,"gold_loss":0},{"damage_healed":0,"gold_gain":0,"player_choice":"Ignored","damage_taken":0,"max_hp_gain":0,"max_hp_loss":0,"event_name":"Ghosts","floor":27,"gold_loss":0}],"is_beta":false,"boss_relics":[{"not_picked":["Runic Dome","energizedSpire:SpiderWeb"],"picked":"energizedSpire:EnergizedDie"},{"not_picked":["construct:ClawGrip","construct:WeddingRing"],"picked":"Replay:Drink Me"}],"items_purged_floors":[],"is_endless":false,"potions_floor_spawned":[7,11,18,22,43],"killed_by":"Sphere and 2 Shapes","ascension_level":1}}