{"host":"1xo5g347e5o4auts","time":1612617161,"event":{"mods":["BaseMod","Minty Spire (QoL Compilation)","Permanent Neow","StSLib"],"gold_per_floor":[115,130,143,162,162,201,201,244,267,286,320,320,336,357,357,450,450,470,470,470],"floor_reached":19,"language":"ENG","playtime":532,"items_purged":[],"score":382,"play_id":"a497574a-3796-41ff-98e5-d225926750ec","local_time":"20210206151241","is_ascension_mode":true,"campfire_choices":[{"floor":7.0,"key":"REST"},{"data":"Sunder","floor":12.0,"key":"SMITH"},{"data":"Hologram","floor":15.0,"key":"SMITH"}],"circlet_count":0,"master_deck":["AscendersBane","Strike_B","Strike_B","Strike_B","Defend_B","Defend_B","Defend_B","Zap","Dualcast","Ball Lightning","Sunder+1","Hologram+1","Doom and Gloom","Leap+1","Consume+1","Creative AI"],"relics":["Cracked Core","Golden Idol","Toxic Egg 2","Strawberry","Omamori","MealTicket","Snecko Eye"],"acts_visited":["Exordium","TheCity"],"potions_floor_usage":[18],"damage_taken":[{"damage":1.0,"enemies":"Cultist","floor":1.0,"turns":4.0},{"damage":7.0,"enemies":"Small Slimes","floor":2.0,"turns":2.0},{"damage":4.0,"enemies":"Jaw Worm","floor":3.0,"turns":3.0},{"damage":2.0,"enemies":"2 Fungi Beasts","floor":4.0,"turns":3.0},{"damage":30.0,"enemies":"Lagavulin","floor":6.0,"turns":5.0},{"damage":20.0,"enemies":"3 Sentries","floor":8.0,"turns":4.0},{"damage":0.0,"enemies":"3 Louse","floor":10.0,"turns":2.0},{"damage":10.0,"enemies":"Lagavulin","floor":11.0,"turns":7.0},{"damage":1.0,"enemies":"Looter","floor":13.0,"turns":2.0},{"damage":3.0,"enemies":"Large Slime","floor":14.0,"turns":4.0},{"damage":18,"enemies":"The Guardian","floor":16,"turns":8},{"damage":22,"enemies":"3 Byrds","floor":18,"turns":5},{"damage":33,"enemies":"Masked Bandits","floor":19,"turns":2}],"seed_played":"4629580278029485931","potions_obtained":[{"floor":2.0,"key":"Regen Potion"},{"floor":3.0,"key":"SkillPotion"},{"floor":10.0,"key":"Fire Potion"},{"floor":13.0,"key":"SteroidPotion"},{"floor":14.0,"key":"PowerPotion"}],"is_trial":false,"path_per_floor":["M","M","M","M","?","E","R","E","T","M","E","R","M","M","R","B",null,"M","?"],"character_chosen":"DEFECT","items_purchased":[],"campfire_rested":1,"item_purchase_floors":[],"current_hp_per_floor":[63,56,52,50,50,20,37,36,36,36,26,26,25,22,22,4,50,28,0,0],"gold":470,"neow_bonus":"REMOVE_TWO","is_daily":false,"chose_seed":false,"campfire_upgraded":2,"win_rate":0.0,"timestamp":1612617161,"path_taken":["M","M","M","M","?","E","R","E","T","M","E","R","M","M","R","BOSS","M","?"],"items_purchased_type":[],"build_version":"2020-12-22","purchased_purges":0,"victory":false,"max_hp_per_floor":[64,64,64,64,58,58,58,65,65,65,65,65,65,65,65,65,65,65,65,65],"card_choices":[{"not_picked":["Rebound","Cold Snap"],"picked":"Ball Lightning","floor":1.0},{"not_picked":["Turbo","Go for the Eyes"],"picked":"Sunder","floor":2.0},{"not_picked":["Force Field","Hello World"],"picked":"Hologram","floor":3.0},{"not_picked":["Sunder","Chaos","Reprogram"],"picked":"SKIP","floor":4.0},{"not_picked":["Sunder","Chaos","Reprogram"],"picked":"SKIP","floor":4.0},{"not_picked":["Stack+1","Creative AI"],"picked":"Doom and Gloom","floor":6.0},{"not_picked":["Sweeping Beam","Ball Lightning"],"picked":"Leap+1","floor":8.0},{"not_picked":["Conserve Battery+1","Cold Snap"],"picked":"Consume+1","floor":10.0},{"not_picked":["Rebound","Consume+1","Turbo+1"],"picked":"SKIP","floor":11.0},{"not_picked":["Rebound","Consume+1","Turbo+1"],"picked":"SKIP","floor":11.0},{"not_picked":["Beam Cell","Fusion+1","Aggregate+1"],"picked":"SKIP","floor":13.0},{"not_picked":["Recycle+1","Sweeping Beam","Meteor Strike"],"picked":"SKIP","floor":14.0},{"not_picked":["Rainbow+1","Multi-Cast+1"],"picked":"Creative AI","floor":16},{"not_picked":["Rebound","Steam+1","Lockon"],"picked":"SKIP","floor":18}],"player_experience":1451147,"relics_obtained":[{"floor":6.0,"key":"Toxic Egg 2"},{"floor":8.0,"key":"Strawberry"},{"floor":9.0,"key":"Omamori"},{"floor":11.0,"key":"MealTicket"}],"event_choices":[{"damage_healed":0.0,"max_hp_gain":0.0,"max_hp_loss":6.0,"gold_gain":0.0,"event_name":"Golden Idol","player_choice":"Lose Max HP","floor":5.0,"gold_loss":0.0,"damage_taken":0.0,"relics_obtained":["Golden Idol"]},{"damage_healed":0,"gold_gain":0,"player_choice":"Fought Bandits","damage_taken":0,"max_hp_gain":0,"max_hp_loss":0,"event_name":"Masked Bandits","floor":19,"gold_loss":0}],"is_beta":false,"boss_relics":[{"not_picked":["Astrolabe","Black Star"],"picked":"Snecko Eye"}],"items_purged_floors":[],"is_endless":false,"potions_floor_spawned":[2,3,10,13,14],"killed_by":"Masked Bandits","ascension_level":20}}