{"host":"c44ey07ufggfw2m8","time":1612597249,"event":{"mods":["2.2 Compatiblity","BaseMod","Colored Map","DeckTracker","Highlight Path","Keyboard Shortcuts","Minty Spire (QoL Compilation)","Permanent Neow","Quick Restart","StSLib","SuperFastMode","UnlockEverythingMod"],"gold_per_floor":[117,135,135,26,45,45,60,60,142,162,178,178,206,222,222,326,326,310,310,330,161,176,195,195,195],"floor_reached":24,"language":"KOR","playtime":768,"items_purged":["Strike_G","Strike_G"],"score":352,"play_id":"2c69c750-67c9-4863-b8cc-b97bad53c356","local_time":"20210206164049","is_ascension_mode":true,"campfire_choices":[{"data":"Cloak And Dagger","floor":6.0,"key":"SMITH"},{"data":"Footwork","floor":8.0,"key":"SMITH"},{"data":"Neutralize","floor":12.0,"key":"SMITH"},{"floor":15,"key":"REST"}],"circlet_count":0,"master_deck":["AscendersBane","Strike_G","Strike_G","Defend_G","Defend_G","Defend_G","Defend_G","Defend_G","Survivor","Neutralize+1","Masterful Stab","Poisoned Stab","Footwork+1","Cloak And Dagger+1","Escape Plan","Calculated Gamble","Dagger Spray","Deadly Poison","Venomology","Prepared+1","Reflex","Well Laid Plans"],"relics":["Ring of the Snake","TungstenRod","Bottled Lightning","Tiny Chest","Cursed Key"],"acts_visited":["Exordium","TheCity"],"potions_floor_usage":[13,16,22,23,23,24],"damage_taken":[{"damage":9.0,"enemies":"Cultist","floor":1.0,"turns":6.0},{"damage":0.0,"enemies":"2 Louse","floor":2.0,"turns":3.0},{"damage":6.0,"enemies":"Small Slimes","floor":5.0,"turns":5.0},{"damage":0.0,"enemies":"Exordium Thugs","floor":7.0,"turns":7.0},{"damage":10.0,"enemies":"Large Slime","floor":10.0,"turns":7.0},{"damage":0.0,"enemies":"Blue Slaver","floor":11.0,"turns":4.0},{"damage":0,"enemies":"3 Sentries","floor":13,"turns":3},{"damage":0,"enemies":"2 Fungi Beasts","floor":14,"turns":3},{"damage":34,"enemies":"Slime Boss","floor":16,"turns":17},{"damage":2,"enemies":"2 Thieves","floor":18,"turns":4},{"damage":11,"enemies":"Chosen","floor":20,"turns":7},{"damage":14,"enemies":"Sentry and Sphere","floor":22,"turns":10},{"damage":10,"enemies":"Snake Plant","floor":23,"turns":4},{"damage":21,"enemies":"Chosen and Byrds","floor":24,"turns":4}],"seed_played":"-5386338960426354883","potions_obtained":[{"floor":2.0,"key":"Block Potion"},{"floor":7.0,"key":"SkillPotion"},{"floor":10.0,"key":"Explosive Potion"},{"floor":16,"key":"Explosive Potion"}],"is_trial":false,"path_per_floor":["M","M","?","$","M","R","M","R","T","M","M","R","E","M","R","B",null,"M","?","M","$","M","M","M"],"character_chosen":"THE_SILENT","items_purchased":["Footwork","Reflex"],"campfire_rested":1,"item_purchase_floors":[4,21],"current_hp_per_floor":[36,36,36,36,30,30,30,30,30,20,20,20,20,20,41,7,54,52,52,41,41,27,17,0,0],"gold":195,"neow_bonus":"ONE_RARE_RELIC","is_daily":false,"chose_seed":false,"campfire_upgraded":3,"win_rate":0.0,"timestamp":1612597249,"path_taken":["M","M","?","?","M","R","M","R","T","M","?","R","E","M","R","BOSS","M","?","?","$","M","M","M"],"items_purchased_type":["Card","Card"],"build_version":"2020-12-22","purchased_purges":2,"victory":false,"max_hp_per_floor":[70,70,70,70,70,70,70,70,70,70,70,70,70,70,70,70,70,70,70,70,70,70,70,70,70],"card_choices":[{"not_picked":["Prepared","Deflect"],"picked":"Masterful Stab","floor":1.0},{"not_picked":["Riddle With Holes","Endless Agony"],"picked":"Poisoned Stab","floor":2.0},{"not_picked":["Backflip","Terror"],"picked":"Cloak And Dagger","floor":5.0},{"not_picked":["Caltrops","Heel Hook","Acrobatics"],"picked":"SKIP","floor":7.0},{"not_picked":["Quick Slash","Bane"],"picked":"Escape Plan","floor":10.0},{"not_picked":["Underhanded Strike","Dodge and Roll"],"picked":"Calculated Gamble","floor":11.0},{"not_picked":["Endless Agony","Escape Plan"],"picked":"Dagger Spray","floor":13},{"not_picked":["PiercingWail","Dodge and Roll"],"picked":"Deadly Poison","floor":14},{"not_picked":["Night Terror","Doppelganger"],"picked":"Venomology","floor":16},{"not_picked":["Poisoned Stab+1","Deadly Poison","Setup+1"],"picked":"SKIP","floor":18},{"not_picked":["Poisoned Stab+1","Dagger Spray"],"picked":"Prepared+1","floor":20},{"not_picked":["Sucker Punch","All Out Attack","Dagger Throw+1"],"picked":"SKIP","floor":22},{"not_picked":["Acrobatics+1","Prepared"],"picked":"Well Laid Plans","floor":23}],"player_experience":112875,"relics_obtained":[{"floor":9.0,"key":"Bottled Lightning"},{"floor":13,"key":"Tiny Chest"}],"event_choices":[{"damage_healed":0.0,"max_hp_gain":0.0,"max_hp_loss":0.0,"gold_gain":0.0,"event_name":"The Woman in Blue","player_choice":"Bought 0 Potions","floor":3.0,"gold_loss":0.0,"damage_taken":0.0},{"cards_removed":["Strike_G"],"damage_healed":0,"gold_gain":0,"player_choice":"Offered Basic","damage_taken":0,"max_hp_gain":0,"max_hp_loss":0,"event_name":"Bonfire Elementals","floor":19,"gold_loss":0}],"is_beta":false,"boss_relics":[{"not_picked":["Busted Crown","Fusion Hammer"],"picked":"Cursed Key"}],"items_purged_floors":[4,21],"is_endless":false,"potions_floor_spawned":[2,7,10,16],"killed_by":"Chosen and Byrds","ascension_level":11}}