{"host":"rtnsay39s46sdx80","time":1612591820,"event":{"mods":["2.2 Compatiblity","BaseMod","KinomotoSakuraMod(????)","Lobotomy","Marisa????????","Minty Spire (QoL Compilation)","Rare Cards Sparkle","Reimu??????","Remilia??????","Replay The Spire","StSLib","The Senshi"],"gold_per_floor":[112,125,125,140,152,152,168,193,193,207,172,172,172,172,172,268,368,378,378,389,389,409,409,409,409,435,435,446,465,465,484,484,587,587,603,603,603],"floor_reached":38,"language":"ENG","playtime":2866,"items_purged":[],"score":761,"play_id":"6bce7150-ff91-4ab3-bd7f-43585095f34d","local_time":"20210206131020","is_ascension_mode":true,"campfire_choices":[{"data":"MiserableFate","floor":6,"key":"SMITH"},{"floor":15,"key":"REST"},{"floor":23,"key":"REST"},{"data":"DemonKingCradle","floor":25,"key":"SMITH"},{"data":"HeartBreak","floor":27,"key":"SMITH"},{"data":"UnderTheZenith","floor":30,"key":"SMITH"},{"floor":32,"key":"REST"}],"circlet_count":0,"master_deck":["Strike_RM+1","Strike_RM","Strike_RM","Defend_RM","Defend_RM","Defend_RM","Defend_RM","RedMoon","ScarletShoot","RedRainbow","Stigmanizer+1","BloodHunter","MiserableFate+1","BloodHunter","ScarletDevilSign","HeartBreak+1","ScarletGensokyo+1","DemonKingCradle+1","NightDance","UnderTheZenith+1","RedRainbow+1","FitfulNightmare+1","UnderTheZenith","ChaoticDestiny","TricksterDevil","Voices","AbeCurse","Wraith","ScarletCoffin"],"relics":["ScarletHat","White Beast Statue","Garlic","Ring of Peace","Ring of Panic","The Courier","Replay:Wanted Poster","Mummified Hand","CultistMask","Happy Flower","Replay:Ancient Bell","ReplayFunnel","Mirror","TypeBBloodRedTea"],"acts_visited":["Exordium","TheCity","TheBeyond"],"potions_floor_usage":[18,28,33,33,33,35,37],"damage_taken":[{"damage":0,"enemies":"Small Slimes","floor":1,"turns":4},{"damage":0,"enemies":"Cultist","floor":2,"turns":4},{"damage":7,"enemies":"Jaw Worm","floor":4,"turns":4},{"damage":0,"enemies":"2 Fungi Beasts","floor":5,"turns":2},{"damage":2,"enemies":"Looter","floor":7,"turns":3},{"damage":19,"enemies":"Gremlin Nob","floor":8,"turns":4},{"damage":0,"enemies":"3 Louse","floor":10,"turns":2},{"damage":52,"enemies":"The Guardian","floor":16,"turns":10},{"damage":17,"enemies":"Chosen","floor":18,"turns":5},{"damage":0,"enemies":"3 Byrds","floor":20,"turns":6},{"damage":17,"enemies":"Snake Plant","floor":22,"turns":4},{"damage":0,"enemies":"Sentry and Sphere","floor":28,"turns":3},{"damage":9,"enemies":"Shelled Parasite and Fungi","floor":29,"turns":6},{"damage":44,"enemies":"Snake Plant","floor":31,"turns":2},{"damage":44,"enemies":"Champ","floor":33,"turns":9},{"damage":39,"enemies":"3 Darklings","floor":35,"turns":9},{"damage":54,"enemies":"Time Eater","floor":37,"turns":10}],"seed_played":"7779290325564572311","potions_obtained":[{"floor":2,"key":"SpeedPotion"},{"floor":7,"key":"DistilledChaos"},{"floor":10,"key":"Dexterity Potion"},{"floor":16,"key":"Dexterity Potion"},{"floor":18,"key":"Fruit Juice"},{"floor":18,"key":"DuplicationPotion"},{"floor":28,"key":"PowerPotion"},{"floor":31,"key":"Languid Potion"},{"floor":33,"key":"Regen Potion"},{"floor":35,"key":"Doom Potion"}],"is_trial":false,"path_per_floor":["M","M","?","M","M","R","M","E","T","M","?","?","T","?","R","B",null,"M","?","M","T","M","R","?","R","T","R","M","M","R","M","R","B",null,"M","?","B",null],"character_chosen":"REMILIA","items_purchased":[],"campfire_rested":3,"item_purchase_floors":[],"current_hp_per_floor":[75,75,75,68,68,68,66,49,49,49,69,69,69,69,82,40,72,66,66,68,68,54,80,80,80,80,80,85,83,83,44,70,52,78,58,58,42],"gold":603,"neow_bonus":"TEN_PERCENT_HP_BONUS","is_daily":false,"chose_seed":false,"campfire_upgraded":4,"win_rate":0.0,"timestamp":1612591820,"path_taken":["M","M","?","?","M","R","M","E","T","M","?","?","?","?","R","BOSS","M","?","?","?","M","R","?","R","T","R","?","M","R","M","R","BOSS","M","?","BOSS"],"items_purchased_type":[],"build_version":"2020-12-22","purchased_purges":0,"victory":true,"max_hp_per_floor":[82,82,82,82,82,82,82,82,82,82,82,82,82,82,82,82,82,87,87,87,87,87,87,87,87,87,87,87,87,87,87,87,87,87,87,87,87],"card_choices":[{"not_picked":["StarOfDavid","ScarletSymphony"],"picked":"RedRainbow","floor":1},{"not_picked":["UnstableMagic","FavorOfDestiny"],"picked":"Stigmanizer","floor":2},{"not_picked":["NightDance","BombardNight"],"picked":"BloodHunter","floor":4},{"not_picked":["DevilSight","RedMagic"],"picked":"MiserableFate","floor":5},{"not_picked":["BadLadyScramble","EndlessAdversity"],"picked":"BloodHunter","floor":7},{"not_picked":["ScarletDevil","VampireKiss"],"picked":"ScarletDevilSign","floor":8},{"not_picked":["BombardNight","ScarletDevil"],"picked":"HeartBreak","floor":10},{"not_picked":["BatForm","ScarletCoffin"],"picked":"DemonKingCradle","floor":16},{"not_picked":["BloodyMagicSquare+1","RedRainbow"],"picked":"NightDance","floor":18},{"not_picked":["GlobalNightmare+1","FavorOfDestiny"],"picked":"UnderTheZenith","floor":20},{"not_picked":["Maim","BloodHunter"],"picked":"RedRainbow+1","floor":22},{"not_picked":["DiffusionOfMisfortune","BloodAndWine+1"],"picked":"FitfulNightmare+1","floor":28},{"not_picked":["BombardNight+1","VampireFantasy"],"picked":"UnderTheZenith","floor":29},{"not_picked":["ScarletDevil","StarOfDavid"],"picked":"ChaoticDestiny","floor":31},{"not_picked":["ForecastOfChange","BloodRain"],"picked":"TricksterDevil","floor":33},{"not_picked":["Lust_TH","Regret"],"picked":"Voices","floor":34},{"not_picked":["Replay:Hysterical Blindness","Regret"],"picked":"AbeCurse","floor":34},{"not_picked":["Parasite","Normality"],"picked":"Wraith","floor":34},{"not_picked":["FavorOfDestiny","Stigmanizer"],"picked":"ScarletCoffin","floor":35}],"player_experience":262842,"relics_obtained":[{"floor":8,"key":"White Beast Statue"},{"floor":9,"key":"Garlic"},{"floor":12,"key":"Ring of Peace"},{"floor":12,"key":"Ring of Panic"},{"floor":13,"key":"The Courier"},{"floor":21,"key":"Mummified Hand"},{"floor":26,"key":"Happy Flower"}],"event_choices":[{"damage_healed":0,"gold_gain":0,"player_choice":"Forge","damage_taken":0,"max_hp_gain":0,"max_hp_loss":0,"event_name":"Accursed Blacksmith","floor":3,"gold_loss":0,"cards_upgraded":["Stigmanizer"]},{"damage_healed":20,"gold_gain":0,"player_choice":"Healed","damage_taken":0,"max_hp_gain":0,"max_hp_loss":0,"event_name":"The Cleric","floor":11,"gold_loss":35},{"damage_healed":0,"gold_gain":0,"player_choice":"Got Potions","damage_taken":0,"max_hp_gain":0,"max_hp_loss":0,"event_name":"Lab","floor":19,"gold_loss":0},{"damage_healed":0,"gold_gain":0,"player_choice":"Trade","damage_taken":0,"relics_obtained":["CultistMask"],"max_hp_gain":0,"max_hp_loss":0,"event_name":"FaceTrader","floor":24,"gold_loss":0},{"damage_healed":0,"gold_gain":0,"player_choice":"Took Portal","damage_taken":0,"max_hp_gain":0,"max_hp_loss":0,"event_name":"SecretPortal","floor":36,"gold_loss":0}],"is_beta":false,"boss_relics":[{"not_picked":["Fusion Hammer","Busted Crown"],"picked":"Replay:Wanted Poster"},{"not_picked":["ChewingGum","Philosopher\u0027s Stone"],"picked":"Replay:Ancient Bell"},{"not_picked":["Anchor","Strawberry"],"picked":"ReplayFunnel"},{"not_picked":["Replay:WaspNest","Question Card"],"picked":"Mirror"},{"not_picked":["Torii","Replay:Arrowhead"],"picked":"TypeBBloodRedTea"}],"items_purged_floors":[],"is_endless":false,"potions_floor_spawned":[2,7,10,16,18,20,22,28,29,31,33,35],"ascension_level":8}}