{"host":"sav7uxregyirlf69","time":1612615597,"event":{"mods":["AchievementEnabler","BaseMod","Colored Map","DeckTracker","Keyboard Shortcuts","Minty Spire (QoL Compilation)","READ ME - Guardian Mod","StSLib","SuperFastMode"],"gold_per_floor":[111,111,58,58,75,75,92,92,92,102,102,136,136,153,153,226,226,245,295,295,295],"floor_reached":20,"language":"KOR","playtime":378,"items_purged":[],"score":394,"play_id":"6bcfad90-ce46-4919-8ad1-01d45ea7a42c","local_time":"20210206214637","is_ascension_mode":true,"campfire_choices":[{"floor":6,"key":"REST"},{"data":"Zap","floor":8,"key":"SMITH"},{"data":"Streamline","floor":11,"key":"SMITH"},{"data":"Lockon","floor":13,"key":"SMITH"},{"data":"Go for the Eyes","floor":15,"key":"SMITH"}],"circlet_count":0,"master_deck":["AscendersBane","Strike_B","Strike_B","Strike_B+1","Defend_B","Defend_B","Defend_B","Defend_B","Zap+1","Dualcast","Cold Snap+1","Lockon+1","Undo","Streamline+1","Compile Driver","Go for the Eyes+1","Creative AI","Hologram"],"relics":["SacredBark","Mercury Hourglass","Nunchaku","Snecko Eye"],"acts_visited":["Exordium","TheCity"],"potions_floor_usage":[12,16,16],"damage_taken":[{"damage":19,"enemies":"Small Slimes","floor":1,"turns":5},{"damage":3,"enemies":"Jaw Worm","floor":5,"turns":5},{"damage":0,"enemies":"Cultist","floor":7,"turns":4},{"damage":2,"enemies":"3 Louse","floor":10,"turns":3},{"damage":0,"enemies":"Gremlin Nob","floor":12,"turns":2},{"damage":7,"enemies":"Large Slime","floor":14,"turns":3},{"damage":21,"enemies":"Slime Boss","floor":16,"turns":9},{"damage":29,"enemies":"Chosen","floor":18,"turns":6},{"damage":32,"enemies":"Shell Parasite","floor":20,"turns":3}],"seed_played":"-4908601141456868839","potions_obtained":[{"floor":10,"key":"EssenceOfSteel"},{"floor":14,"key":"LiquidMemories"},{"floor":18,"key":"SkillPotion"}],"is_trial":false,"path_per_floor":["M","?","$","?","M","R","M","R","T","M","R","E","R","M","R","B",null,"M","?","M"],"character_chosen":"DEFECT","items_purchased":["Fire Potion"],"campfire_rested":1,"item_purchase_floors":[3],"current_hp_per_floor":[45,24,24,17,14,35,35,35,35,33,33,33,33,26,26,5,55,26,26,0,0],"gold":295,"neow_bonus":"BOSS_RELIC","is_daily":false,"chose_seed":false,"campfire_upgraded":4,"win_rate":0.0,"timestamp":1612615597,"path_taken":["M","?","$","?","M","R","M","R","T","M","R","E","R","M","R","BOSS","M","?","?"],"items_purchased_type":["Potion"],"build_version":"2020-12-22","purchased_purges":0,"victory":false,"max_hp_per_floor":[71,71,71,71,71,71,71,71,71,71,71,71,71,71,71,71,71,71,71,71,71],"card_choices":[{"not_picked":["Streamline","Hologram"],"picked":"Cold Snap","floor":1},{"not_picked":["Beam Cell","Rebound"],"picked":"Lockon","floor":5},{"not_picked":["Force Field","Barrage"],"picked":"Undo","floor":7},{"not_picked":["Steam","Aggregate"],"picked":"Streamline","floor":10},{"not_picked":["Stack","Gash"],"picked":"Compile Driver","floor":12},{"not_picked":["Conserve Battery","Heatsinks"],"picked":"Go for the Eyes","floor":14},{"not_picked":["Fission","Buffer"],"picked":"Creative AI","floor":16},{"not_picked":["Barrage","Gash"],"picked":"Hologram","floor":18}],"player_experience":1509146,"relics_obtained":[{"floor":9,"key":"Mercury Hourglass"},{"floor":12,"key":"Nunchaku"}],"event_choices":[{"damage_healed":0,"gold_gain":0,"player_choice":"Entered Light","damage_taken":21,"max_hp_gain":0,"max_hp_loss":0,"event_name":"Shining Light","floor":2,"gold_loss":0,"cards_upgraded":["Strike_B","Cold Snap"]},{"cards_removed":["Strike_B"],"damage_healed":0,"gold_gain":0,"player_choice":"Card Removal","damage_taken":7,"max_hp_gain":0,"max_hp_loss":0,"event_name":"Golden Wing","floor":4,"gold_loss":0},{"damage_healed":0,"gold_gain":100,"player_choice":"Bet on Murderer","damage_taken":0,"max_hp_gain":0,"max_hp_loss":0,"event_name":"The Joust","floor":19,"gold_loss":50}],"is_beta":false,"boss_relics":[{"not_picked":["Velvet Choker","Cursed Key"],"picked":"Snecko Eye"}],"items_purged_floors":[],"is_endless":false,"potions_floor_spawned":[10,14,18],"killed_by":"Shell Parasite","ascension_level":20}}