{"host":"6drv1qzpbnls60z2","time":1612591316,"event":{"mods":["ATMod(°¢èªMod)","Act Like it!","Arknights","BaseMod","Hallownest","Jedi Mod","Minty Spire (QoL Compilation)","Reliquary","Replay The Spire","Shop Mod","Spicy Shops","StSLib","Uncapped","¡¾ÒÅÎï¿¨ÅÆ¡¿REMEMod","²ÐÁôÖ®Îï","óô»ðÖ¸ÄÏ"],"gold_per_floor":[116,132,46,58,7,18,18,46,46,72,103,113,146,164,164,238,238,248,248,20,40,69,69,88,121,167,31,31,65,65,100,100,178,178,178,178],"floor_reached":35,"language":"ZHS","playtime":3183,"items_purged":["ats:Explosion Area Strengthen"],"score":1461,"play_id":"fe027931-5b4d-43ba-a1de-dd8f7f6647e7","local_time":"20210206140156","daily_mods":["SealedDeck","DeadlyEvents"],"is_ascension_mode":true,"campfire_choices":[{"data":"AT_LightSaberMaster","floor":7,"key":"SMITH"},{"floor":15,"key":"REST"},{"data":"AT_RealColorLess","floor":23,"key":"SMITH"},{"data":"PlaceholderMod:Assimilation","floor":28,"key":"SMITH"},{"data":"PlaceholderMod:Stable","floor":28,"key":"SMITH"},{"data":"Writhe","floor":32,"key":"PURGE"}],"circlet_count":0,"master_deck":["AscendersBane","AT_LightSaberMaster+1","AT_RealColorLess+1","PlaceholderMod:StressReaction","PlaceholderMod:PoisonAbsorb","ats:Closed Bolt Burst Fire","ats:Hook Shot","ats:Spore Proliferation","PlaceholderMod:EnergyAbsorb","PlaceholderMod:HighConcentration","PlaceholderMod:TriggerStrike","PlaceholderMod:Colorful","ats:Charging Defense","PlaceholderMod:NearChange","PlaceholderMod:NearChange","PlaceholderMod:ReactionCatalyze","PlaceholderMod:TriggerStrike","ats:Spore Proliferation","PlaceholderMod:PoisonBlast","PlaceholderMod:ThreeBenzyolStart","PlaceholderMod:Stable+1","ats:Dogmatic Field","ats:Phantom","PlaceholderMod:EnergyAbsorb","PlaceholderMod:Assimilation+1","PlaceholderMod:Hard","PlaceholderMod:ConsolidateHit","PlaceholderMod:AbsorbTouch","AbeCurse"],"relics":["ats:Sanity","AT_ATBox","REME_ComplimentaryCards","ats:Originium","ReplayTheSpireMod:Lightbulb","Regal Pillow","reliquary:JackalopeAntler","Peace Pipe","Pear","Painkiller Herb","reliquary:Knoch","BargainBundle","Red Mask","Replay:Rubber Ducky","Replay:Arrowhead","jedi:purplefairy","Happy Flower","ats:Berate","Abe\u0027s Treasure"],"acts_visited":["Exordium","TheCity","TheBeyond"],"potions_floor_usage":[8,14,16,33],"damage_taken":[{"damage":2,"enemies":"Cultist","floor":1,"turns":3},{"damage":14,"enemies":"Small Slimes","floor":2,"turns":4},{"damage":0,"enemies":"2 Louse","floor":4,"turns":2},{"damage":3,"enemies":"Blue Slaver","floor":6,"turns":3},{"damage":0,"enemies":"3 Sentries","floor":8,"turns":3},{"damage":21,"enemies":"Gremlin Nob","floor":10,"turns":4},{"damage":0,"enemies":"Lagavulin","floor":11,"turns":5},{"damage":1,"enemies":"Gremlin Gang","floor":12,"turns":2},{"damage":16,"enemies":"3 Sentries","floor":13,"turns":5},{"damage":0,"enemies":"Exordium Wildlife","floor":14,"turns":2},{"damage":0,"enemies":"Slime Boss","floor":16,"turns":6},{"damage":14,"enemies":"Spheric Guardian","floor":18,"turns":4},{"damage":6,"enemies":"3 Byrds","floor":21,"turns":3},{"damage":40,"enemies":"Masked Bandits","floor":22,"turns":5},{"damage":3,"enemies":"Cultist and Chosen","floor":24,"turns":4},{"damage":9,"enemies":"Book of Stabbing","floor":25,"turns":6},{"damage":14,"enemies":"Gremlin Leader","floor":29,"turns":6},{"damage":6,"enemies":"Replay:Snechameleon","floor":31,"turns":5},{"damage":2,"enemies":"Champ","floor":33,"turns":6},{"damage":5,"enemies":"3 Shapes","floor":35,"turns":3}],"seed_played":"-4491030375371117988","potions_obtained":[{"floor":2,"key":"DuplicationPotion"},{"floor":4,"key":"Weak Potion"},{"floor":10,"key":"jedi:tentaclejuice"},{"floor":29,"key":"AttackPotion"},{"floor":33,"key":"EssenceOfSteel"}],"is_trial":true,"path_per_floor":["M","M","$","M","$","M","R","E","T","E","E","M","E","M","R","B",null,"?","?","T","?","?","T","?","E","T","T","T","E","T","E","T","B",null,"?"],"character_chosen":"DOCTOR_CLASS","items_purchased":["PlaceholderMod:NearChange","PlaceholderMod:TriggerStrike","BargainBundle","Replay:Arrowhead"],"campfire_rested":1,"item_purchase_floors":[3,5,20,27],"current_hp_per_floor":[63,49,49,49,49,46,46,46,46,25,25,24,8,8,47,47,73,62,62,62,56,41,41,82,86,86,86,86,86,86,91,91,91,91,86,86],"gold":178,"neow_bonus":"","is_daily":false,"chose_seed":false,"campfire_upgraded":4,"win_rate":0.0,"timestamp":1612591316,"path_taken":["M","?","$","M","$","M","R","E","T","?","E","M","E","M","R","BOSS","?","?","T","?","?","T","?","E","T","?","T","?","T","E","T","BOSS","?"],"items_purchased_type":["Card","Card","Relic","Relic"],"build_version":"2020-12-22","purchased_purges":1,"victory":false,"max_hp_per_floor":[72,72,72,72,72,72,72,72,72,72,72,72,82,82,82,82,82,82,82,82,82,82,82,82,86,86,86,86,86,86,91,91,91,91,91,91],"card_choices":[{"not_picked":["ats:Revitalization","ats:Ignite"],"picked":"ats:Charging Defense","floor":1},{"not_picked":["ats:Very Hot Blade","ats:Hammer On","ats:Absolute Focus"],"picked":"SKIP","floor":2},{"not_picked":["ats:Hook Shot","ats:Blood Oath"],"picked":"PlaceholderMod:ReactionCatalyze","floor":4},{"not_picked":["ats:Soul Absorption","PlaceholderMod:ProliferateStrike"],"picked":"ats:Spore Proliferation","floor":6},{"not_picked":["PlaceholderMod:HornyBlast","PlaceholderMod:ComplexForm"],"picked":"PlaceholderMod:PoisonBlast","floor":8},{"not_picked":["PlaceholderMod:ContinueSpray","ats:Serious Mode"],"picked":"PlaceholderMod:ThreeBenzyolStart","floor":10},{"not_picked":["ats:Sunburst","ats:Soul Absorption","ats:Hammer On"],"picked":"SKIP","floor":11},{"not_picked":["ats:Hammer On","PlaceholderMod:PoisonExcitation","PlaceholderMod:HornyBlast"],"picked":"SKIP","floor":12},{"not_picked":["PlaceholderMod:ContinueSpray","ats:Guard Mode"],"picked":"PlaceholderMod:Stable","floor":13},{"not_picked":["PlaceholderMod:SeverePoisonStrike","ats:Guard Mode","ats:Thermite Blade"],"picked":"SKIP","floor":14},{"not_picked":["PlaceholderMod:CorePoison","ats:Soul Rend"],"picked":"ats:Dogmatic Field","floor":16},{"not_picked":["PlaceholderMod:ProliferateStrike","PlaceholderMod:Sweep","PlaceholderMod:HardStinger"],"picked":"SKIP","floor":18},{"not_picked":["ats:Revitalization+1","ats:Poison Spread"],"picked":"ats:Phantom","floor":21},{"not_picked":["ats:Poison Spread","ats:Revitalization"],"picked":"PlaceholderMod:EnergyAbsorb","floor":22},{"not_picked":["ats:Counter Healing Mode","ats:Sashimi Platter"],"picked":"PlaceholderMod:Assimilation","floor":24},{"not_picked":["ats:Hammer On","ats:Wolf Pack"],"picked":"PlaceholderMod:Hard","floor":25},{"not_picked":["PlaceholderMod:Stratification+1","ats:Assault Order"],"picked":"PlaceholderMod:ConsolidateHit","floor":29},{"not_picked":["ats:Healing Drone","ats:Revitalization","ats:Serious Mode"],"picked":"SKIP","floor":31},{"not_picked":["PlaceholderMod:DoublePoint","PlaceholderMod:QualitativeChange"],"picked":"PlaceholderMod:AbsorbTouch","floor":33}],"player_experience":180336,"relics_obtained":[{"floor":8,"key":"ats:Originium"},{"floor":8,"key":"ReplayTheSpireMod:Lightbulb"},{"floor":9,"key":"Regal Pillow"},{"floor":10,"key":"ats:Originium"},{"floor":10,"key":"reliquary:JackalopeAntler"},{"floor":11,"key":"ats:Originium"},{"floor":11,"key":"Peace Pipe"},{"floor":13,"key":"ats:Originium"},{"floor":13,"key":"Pear"},{"floor":19,"key":"reliquary:Knoch"},{"floor":22,"key":"Red Mask"},{"floor":25,"key":"reliquary:FerryPass"},{"floor":26,"key":"Replay:Rubber Ducky"},{"floor":29,"key":"jedi:purplefairy"},{"floor":29,"key":"Happy Flower"},{"floor":31,"key":"ats:Berate"}],"event_choices":[{"damage_healed":0,"gold_gain":0,"player_choice":"Fought Bandits","damage_taken":0,"max_hp_gain":0,"max_hp_loss":0,"event_name":"Masked Bandits","floor":22,"gold_loss":0}],"is_beta":false,"boss_relics":[{"not_picked":["Kintsugi","Velvet Choker"],"picked":"Painkiller Herb"},{"not_picked":["Replay:Ancient Bell","Astrolabe"],"picked":"Abe\u0027s Treasure"}],"items_purged_floors":[20],"is_endless":true,"potions_floor_spawned":[2,4,10,13,29,33],"killed_by":"3 Shapes","ascension_level":20}}