{"host":"8is2j71l4wmybkoi","time":1612595400,"event":{"mods":["AchievementEnabler","BaseMod","Colored Map","Minty Spire (QoL Compilation)","Rare Cards Sparkle","StSLib","SuperFastMode"],"gold_per_floor":[116,134,134,134,148,148,173,196,196,196,212,182,195,230,230,303,303,322,340,38,52,52,52],"floor_reached":22,"language":"KOR","playtime":774,"items_purged":[],"score":343,"play_id":"4ceaaf0a-7b66-4cf8-97c1-3c8b568c8070","local_time":"20210206161000","is_ascension_mode":true,"campfire_choices":[{"data":"Uppercut","floor":6,"key":"SMITH"},{"data":"Offering","floor":10,"key":"SMITH"},{"data":"Second Wind","floor":15,"key":"SMITH"}],"circlet_count":0,"master_deck":["AscendersBane","Strike_R","Strike_R+1","Strike_R","Defend_R+1","Defend_R","Defend_R+1","Defend_R+1","Bash","Cleave","Uppercut+1","Offering+1","Second Wind+1","Evolve","Juggernaut","Immolate","Shrug It Off"],"relics":["Burning Blood","Akabeko","War Paint","Eternal Feather","MealTicket","Black Star","PreservedInsect","Medical Kit"],"acts_visited":["Exordium","TheCity"],"potions_floor_usage":[7,13,18,22],"damage_taken":[{"damage":6,"enemies":"Cultist","floor":1,"turns":3},{"damage":5,"enemies":"2 Louse","floor":2,"turns":3},{"damage":0,"enemies":"Small Slimes","floor":5,"turns":3},{"damage":13,"enemies":"Lagavulin","floor":7,"turns":5},{"damage":6,"enemies":"Blue Slaver","floor":11,"turns":2},{"damage":16,"enemies":"Exordium Wildlife","floor":13,"turns":3},{"damage":8,"enemies":"3 Sentries","floor":14,"turns":4},{"damage":22,"enemies":"Slime Boss","floor":16,"turns":10},{"damage":58,"enemies":"3 Byrds","floor":18,"turns":6},{"damage":10,"enemies":"Spheric Guardian","floor":19,"turns":4},{"damage":47,"enemies":"Centurion and Healer","floor":21,"turns":9},{"damage":19,"enemies":"Snake Plant","floor":22,"turns":2}],"seed_played":"-1086743010688114782","potions_obtained":[{"floor":5,"key":"Energy Potion"},{"floor":11,"key":"Weak Potion"},{"floor":12,"key":"FairyPotion"},{"floor":13,"key":"Regen Potion"},{"floor":18,"key":"Swift Potion"},{"floor":19,"key":"CultistPotion"},{"floor":21,"key":"SteroidPotion"}],"is_trial":false,"path_per_floor":["M","M","?","?","M","R","E","T","T","R","M","?","M","E","R","B",null,"M","M","$","M","M"],"character_chosen":"IRONCLAD","items_purchased":["PreservedInsect","Medical Kit"],"campfire_rested":0,"item_purchase_floors":[20,20],"current_hp_per_floor":[50,51,51,28,34,34,27,27,27,33,33,33,23,21,30,14,60,22,18,33,15,0,0],"gold":52,"neow_bonus":"REMOVE_TWO","is_daily":false,"chose_seed":false,"campfire_upgraded":3,"win_rate":0.0,"timestamp":1612595400,"path_taken":["M","?","?","?","M","R","E","?","T","R","?","?","?","E","R","BOSS","M","M","$","?","M"],"items_purchased_type":["Relic","Relic"],"build_version":"2020-12-22","purchased_purges":0,"victory":false,"max_hp_per_floor":[75,75,75,75,75,75,75,75,75,75,75,75,75,75,75,75,75,75,75,75,75,75,75],"card_choices":[{"not_picked":["Rampage","Reckless Charge"],"picked":"Cleave","floor":1},{"not_picked":["Rupture","Warcry"],"picked":"Uppercut","floor":2},{"not_picked":["Body Slam","Headbutt"],"picked":"Offering","floor":5},{"not_picked":["Spot Weakness","Rage"],"picked":"Second Wind","floor":7},{"not_picked":["Armaments","Anger","Clothesline"],"picked":"SKIP","floor":11},{"not_picked":["Inflame","Warcry"],"picked":"Evolve","floor":13},{"not_picked":["Headbutt","Limit Break"],"picked":"Juggernaut","floor":14},{"not_picked":["Limit Break","Demon Form"],"picked":"Immolate","floor":16},{"not_picked":["Sword Boomerang","Carnage+1"],"picked":"Shrug It Off","floor":18},{"not_picked":["Second Wind","Anger","Sword Boomerang"],"picked":"SKIP","floor":19},{"not_picked":["Clothesline","Combust","Intimidate"],"picked":"SKIP","floor":21}],"player_experience":1008246,"relics_obtained":[{"floor":7,"key":"Akabeko"},{"floor":8,"key":"War Paint"},{"floor":9,"key":"Eternal Feather"},{"floor":14,"key":"MealTicket"}],"event_choices":[{"damage_healed":0,"gold_gain":0,"player_choice":"Ignored","damage_taken":0,"max_hp_gain":0,"max_hp_loss":0,"event_name":"Liars Game","floor":3,"gold_loss":0},{"damage_healed":0,"gold_gain":0,"player_choice":"Entered Light","damage_taken":23,"max_hp_gain":0,"max_hp_loss":0,"event_name":"Shining Light","floor":4,"gold_loss":0,"cards_upgraded":["Strike_R","Defend_R"]},{"damage_healed":0,"gold_gain":0,"player_choice":"Bought 2 Potions","damage_taken":0,"max_hp_gain":0,"max_hp_loss":0,"event_name":"The Woman in Blue","floor":12,"gold_loss":0}],"is_beta":false,"boss_relics":[{"not_picked":["Astrolabe","Pandora\u0027s Box"],"picked":"Black Star"}],"items_purged_floors":[],"is_endless":false,"potions_floor_spawned":[5,11,13,14,18,19,21],"killed_by":"Snake Plant","ascension_level":15}}