{"host":"rb2p2z6v6vieend5","time":1612638674,"event":{"mods":["BaseMod","Block Reminder","Colored Map","DeckTracker","Highlight Path","Minty Spire (QoL Compilation)","Random Character Button","Relic Stats"],"gold_per_floor":[117,217,230,230,230,230,266,266,290,240,19,54,54,78,78,174,174,192,212,212,283,283,283,299,334,334,358,358,376,376,414,414,507,507,526,526,545,545,545,545,86,104,129,145,169,5,5,5,5,5],"floor_reached":51,"language":"ENG","playtime":1707,"items_purged":["Defend_R"],"score":1156,"play_id":"efd21623-a53a-471f-85a4-e7aae1bd8224","local_time":"20210206201114","is_ascension_mode":true,"campfire_choices":[{"data":"Pommel Strike","floor":6,"key":"SMITH"},{"data":"Wild Strike","floor":8,"key":"SMITH"},{"data":"Bash","floor":15,"key":"SMITH"},{"floor":23,"key":"REST"},{"floor":28,"key":"REST"},{"data":"Demon Form","floor":30,"key":"SMITH"},{"data":"Uppercut","floor":32,"key":"SMITH"},{"data":"Demon Form","floor":40,"key":"SMITH"},{"floor":49,"key":"REST"}],"circlet_count":0,"master_deck":["AscendersBane","Strike_R","Strike_R","Strike_R+1","Defend_R+1","Defend_R","Defend_R","Bash+1","Wild Strike+1","Pommel Strike+1","Double Tap+1","True Grit+1","Disarm+1","Demon Form+1","Carnage+1","Perfected Strike+1","Necronomicurse","Ghostly Armor+1","Rampage","Uppercut+1","Metallicize","Demon Form+1","Disarm+1","Fire Breathing","Demon Form+1","Intimidate+1","Perfected Strike","Bludgeon"],"relics":["Burning Blood","NeowsBlessing","Golden Idol","Toxic Egg 2","Juzu Bracelet","Potion Belt","Akabeko","Odd Mushroom","Mark of Pain","Necronomicon","Matryoshka","Red Mask","Toy Ornithopter","Whetstone","Centennial Puzzle","Snecko Eye","Gremlin Horn","Happy Flower","Bag of Preparation","Boot"],"acts_visited":["Exordium","TheCity","TheBeyond"],"potions_floor_usage":[24,25,33,50,50],"damage_taken":[{"damage":0,"enemies":"2 Louse","floor":1,"turns":1},{"damage":0,"enemies":"Cultist","floor":3,"turns":1},{"damage":0,"enemies":"Lagavulin","floor":7,"turns":1},{"damage":9,"enemies":"The Mushroom Lair","floor":12,"turns":3},{"damage":0,"enemies":"Jaw Worm","floor":14,"turns":1},{"damage":36,"enemies":"The Guardian","floor":16,"turns":13},{"damage":42,"enemies":"3 Byrds","floor":18,"turns":7},{"damage":6,"enemies":"Spheric Guardian","floor":19,"turns":3},{"damage":24,"enemies":"3 Cultists","floor":24,"turns":4},{"damage":21,"enemies":"Masked Bandits","floor":25,"turns":4},{"damage":0,"enemies":"Shelled Parasite and Fungi","floor":27,"turns":3},{"damage":0,"enemies":"Chosen and Byrds","floor":29,"turns":4},{"damage":5,"enemies":"Gremlin Leader","floor":31,"turns":3},{"damage":53,"enemies":"Collector","floor":33,"turns":5},{"damage":0,"enemies":"3 Shapes","floor":35,"turns":3},{"damage":0,"enemies":"Orb Walker","floor":37,"turns":2},{"damage":27,"enemies":"Maw","floor":42,"turns":4},{"damage":11,"enemies":"Sphere and 2 Shapes","floor":44,"turns":4},{"damage":13,"enemies":"3 Darklings","floor":45,"turns":3},{"damage":18,"enemies":"Donu and Deca","floor":50,"turns":5}],"seed_played":"4956301436012509277","potions_obtained":[{"floor":12,"key":"FairyPotion"},{"floor":14,"key":"BloodPotion"},{"floor":16,"key":"SteroidPotion"},{"floor":19,"key":"SteroidPotion"},{"floor":29,"key":"SkillPotion"},{"floor":35,"key":"LiquidMemories"},{"floor":38,"key":"HeartOfIron"},{"floor":42,"key":"Regen Potion"}],"is_trial":false,"path_per_floor":["M","?","M","?","T","R","E","R","T","?","$","?","?","M","R","B",null,"M","M","?","T","?","R","M","?","T","M","R","M","R","E","R","B",null,"M","?","M","?","?","R","$","M","T","M","M","$","?","?","R","B",null],"character_chosen":"IRONCLAD","items_purchased":["Akabeko","Gremlin Horn","Happy Flower","Intimidate+1","Bludgeon"],"campfire_rested":3,"item_purchase_floors":[11,41,41,41,46],"current_hp_per_floor":[74,74,75,57,57,57,63,63,63,63,63,60,45,51,51,21,62,26,26,10,10,10,32,29,14,14,20,42,48,48,49,49,7,58,64,64,70,70,70,70,70,49,49,44,37,37,37,37,58,68],"gold":5,"neow_bonus":"THREE_ENEMY_KILL","is_daily":false,"chose_seed":false,"campfire_upgraded":6,"win_rate":0.0,"timestamp":1612638674,"path_taken":["M","?","?","?","?","R","E","R","T","?","$","?","?","M","R","BOSS","M","M","?","?","?","R","M","?","T","M","R","M","R","E","R","BOSS","M","?","M","?","?","R","$","M","T","M","M","?","?","?","R","BOSS"],"items_purchased_type":["Relic","Relic","Relic","Card","Card"],"build_version":"2020-12-22","purchased_purges":1,"victory":true,"max_hp_per_floor":[75,75,75,75,75,75,75,75,75,75,75,75,75,75,75,75,75,75,75,75,75,75,75,75,75,75,75,75,75,75,75,75,75,75,75,75,75,75,75,75,75,75,75,75,75,75,71,71,71,71],"relic_stats":{"Gremlin Horn":[5,5],"Happy Flower":[5],"counters":[20,74],"Golden Idol":132,"Juzu Bracelet":3,"Bag of Preparation":[6],"Whetstone":["Carnage","Perfected Strike"],"Boot":[0],"Burning Blood":115,"Centennial Puzzle":[15],"Snecko Eye":[40,31,39,38],"Necronomicon":[28],"obtain_stats":[{"Potion Belt":9,"NeowsBlessing":0,"Gremlin Horn":41,"Happy Flower":41,"Golden Idol":4,"Juzu Bracelet":7,"Bag of Preparation":43,"Whetstone":26,"Odd Mushroom":12,"Boot":43,"Burning Blood":0,"Akabeko":11,"Centennial Puzzle":31,"Matryoshka":21,"Snecko Eye":34,"Mark of Pain":17,"Necronomicon":20,"Red Mask":25,"Toxic Egg 2":5,"Toy Ornithopter":26},{"Potion Belt":3,"NeowsBlessing":0,"Gremlin Horn":16,"Happy Flower":16,"Golden Idol":2,"Juzu Bracelet":3,"Bag of Preparation":17,"Whetstone":10,"Odd Mushroom":4,"Boot":17,"Burning Blood":0,"Akabeko":3,"Centennial Puzzle":13,"Matryoshka":8,"Snecko Eye":14,"Mark of Pain":6,"Necronomicon":8,"Red Mask":10,"Toxic Egg 2":2,"Toy Ornithopter":10},{"Potion Belt":3,"NeowsBlessing":0,"Gremlin Horn":58,"Happy Flower":58,"Golden Idol":2,"Juzu Bracelet":3,"Bag of Preparation":62,"Whetstone":38,"Odd Mushroom":6,"Boot":62,"Burning Blood":0,"Akabeko":3,"Centennial Puzzle":48,"Matryoshka":30,"Snecko Eye":53,"Mark of Pain":20,"Necronomicon":30,"Red Mask":38,"Toxic Egg 2":2,"Toy Ornithopter":38}],"Toy Ornithopter":15},"card_choices":[{"not_picked":["Headbutt","Warcry"],"picked":"Wild Strike","floor":1},{"not_picked":["Wild Strike","True Grit"],"picked":"Pommel Strike","floor":3},{"not_picked":["Reaper","Thunderclap"],"picked":"Double Tap+1","floor":7},{"not_picked":["Pommel Strike","Armaments+1"],"picked":"True Grit+1","floor":12},{"not_picked":["Dropkick","Heavy Blade"],"picked":"Disarm+1","floor":14},{"not_picked":["Exhume+1","Juggernaut"],"picked":"Demon Form","floor":16},{"not_picked":["Searing Blow+1","Headbutt"],"picked":"Carnage","floor":18},{"not_picked":["Heavy Blade","Disarm+1"],"picked":"Perfected Strike","floor":19},{"not_picked":["Dropkick","Armaments+1","Infernal Blade+1"],"picked":"SKIP","floor":24},{"not_picked":["Searing Blow","Dual Wield+1"],"picked":"Ghostly Armor+1","floor":25},{"not_picked":["Cleave","Dual Wield+1"],"picked":"Rampage","floor":27},{"not_picked":["Pommel Strike+1","Warcry+1"],"picked":"Uppercut","floor":29},{"not_picked":["Disarm+1","Offering+1"],"picked":"Metallicize","floor":31},{"not_picked":["Berserk","Feed"],"picked":"Demon Form","floor":33},{"not_picked":["Armaments+1","Flex+1"],"picked":"Disarm+1","floor":35},{"not_picked":["Twin Strike","Disarm+1"],"picked":"Fire Breathing","floor":37},{"not_picked":["Spot Weakness+1","Clash","Seeing Red+1"],"picked":"SKIP","floor":42},{"not_picked":["Rupture","Entrench+1"],"picked":"Perfected Strike","floor":44},{"not_picked":["Dual Wield+1","Armaments+1","Clothesline"],"picked":"SKIP","floor":45}],"player_experience":696725,"relics_obtained":[{"floor":5,"key":"Toxic Egg 2"},{"floor":7,"key":"Juzu Bracelet"},{"floor":9,"key":"Potion Belt"},{"floor":12,"key":"Odd Mushroom"},{"floor":20,"key":"Necronomicon"},{"floor":21,"key":"Matryoshka"},{"floor":25,"key":"Red Mask"},{"floor":26,"key":"Toy Ornithopter"},{"floor":26,"key":"Whetstone"},{"floor":31,"key":"Centennial Puzzle"},{"floor":43,"key":"Bag of Preparation"},{"floor":43,"key":"Boot"}],"event_choices":[{"damage_healed":0,"gold_gain":100,"player_choice":"Pray","damage_taken":0,"max_hp_gain":0,"max_hp_loss":0,"event_name":"Golden Shrine","floor":2,"gold_loss":0},{"damage_healed":0,"gold_gain":0,"player_choice":"Take Damage","damage_taken":18,"relics_obtained":["Golden Idol"],"max_hp_gain":0,"max_hp_loss":0,"event_name":"Golden Idol","floor":4,"gold_loss":0},{"cards_removed":["Strike_R"],"damage_healed":0,"gold_gain":0,"player_choice":"Card Removal","damage_taken":0,"max_hp_gain":0,"max_hp_loss":0,"event_name":"The Cleric","floor":10,"gold_loss":50},{"damage_healed":0,"gold_gain":0,"player_choice":"Fought Mushrooms","damage_taken":0,"max_hp_gain":0,"max_hp_loss":0,"event_name":"Mushrooms","floor":12,"gold_loss":0},{"damage_healed":0,"gold_gain":0,"player_choice":"Entered Light","damage_taken":15,"max_hp_gain":0,"max_hp_loss":0,"event_name":"Shining Light","floor":13,"gold_loss":0,"cards_upgraded":["Strike_R","Defend_R"]},{"damage_healed":0,"gold_gain":0,"player_choice":"Obtained Book","damage_taken":16,"max_hp_gain":0,"max_hp_loss":0,"event_name":"Cursed Tome","floor":20,"gold_loss":0},{"damage_healed":0,"gold_gain":0,"player_choice":"Ignored","damage_taken":0,"max_hp_gain":0,"max_hp_loss":0,"event_name":"Vampires","floor":22,"gold_loss":0},{"damage_healed":0,"gold_gain":0,"player_choice":"Fought Bandits","damage_taken":0,"max_hp_gain":0,"max_hp_loss":0,"event_name":"Masked Bandits","floor":25,"gold_loss":0},{"cards_removed":["Strike_R"],"damage_healed":0,"gold_gain":0,"player_choice":"Removed Attack","damage_taken":0,"max_hp_gain":0,"max_hp_loss":0,"event_name":"Falling","floor":36,"gold_loss":0},{"damage_healed":0,"gold_gain":0,"player_choice":"Got Potions","damage_taken":0,"max_hp_gain":0,"max_hp_loss":0,"event_name":"Lab","floor":38,"gold_loss":0},{"damage_healed":0,"gold_gain":0,"player_choice":"Copied","damage_taken":0,"max_hp_gain":0,"max_hp_loss":0,"event_name":"Duplicator","floor":39,"gold_loss":0,"cards_obtained":["Demon Form"]},{"damage_healed":0,"gold_gain":0,"player_choice":"Max HP","damage_taken":0,"max_hp_gain":0,"max_hp_loss":4,"event_name":"Winding Halls","floor":47,"gold_loss":0},{"damage_healed":0,"gold_gain":0,"player_choice":"Memory 1","damage_taken":0,"max_hp_gain":0,"max_hp_loss":0,"event_name":"SensoryStone","floor":48,"gold_loss":0}],"is_beta":false,"boss_relics":[{"not_picked":["SacredBark","Black Star"],"picked":"Mark of Pain"},{"not_picked":["Philosopher\u0027s Stone","Astrolabe"],"picked":"Snecko Eye"}],"items_purged_floors":[11],"is_endless":false,"potions_floor_spawned":[12,14,16,19,29,35,42],"ascension_level":14}}