{"host":"m1ntkrf87179kmo6","time":1612572206,"event":{"mods":["BaseMod","Better Third Choice","Minty Spire (QoL Compilation)","Shade Mod","StSLib"],"gold_per_floor":[111,111,111,31,51,79,79,98,398,150,169,188,223,239,239,336,336,354,50,50,68,87,87,87,87,87,87,103,103,113,131,131,131,131],"floor_reached":33,"language":"ENG","playtime":2141,"items_purged":[],"score":284,"play_id":"a86550f8-8801-4177-bb2b-6b03d2f9908b","local_time":"20210205194326","is_ascension_mode":false,"campfire_choices":[{"data":"Shade:TouchOfTheGrave","floor":7,"key":"SMITH"},{"floor":15,"key":"RECALL"},{"floor":23,"key":"REST"},{"data":"Shade:FuneraryArmor","floor":27,"key":"SMITH"},{"data":"Shade:Tombstone","floor":29,"key":"SMITH"},{"data":"Shade:AncientSpear","floor":32,"key":"SMITH"}],"circlet_count":0,"master_deck":["Shade:Strike_Shade+1","Shade:Strike_Shade+1","Shade:Strike_Shade+1","Shade:Defend_Shade+1","Shade:Defend_Shade+1","Shade:Defend_Shade+1","Shade:Defend_Shade+1","Shade:AnimateDead","Shade:CarefulCut","Shade:Brains","Shade:TouchOfTheGrave+1","Shade:FuneraryArmor","Shade:AncientSpear+1","Shade:FleshLikeOak","Shade:AncientSpear","Shade:Excise","Shade:Tombstone+1","Shade:Brains","Shade:RitualOffering","Shade:ClawBack","Shade:FuneraryArmor+1","Writhe","Shade:FleshToFlesh","Shade:Bite_Shade"],"relics":["Shade:YorickSkull","Eternal Feather","Old Coin","Lee\u0027s Waffle","Matryoshka","Vajra","Centennial Puzzle","Omamori"],"acts_visited":["Exordium","TheCity"],"potions_floor_usage":[6,13,16,18,28,33],"damage_taken":[{"damage":5,"enemies":"Cultist","floor":1,"turns":4},{"damage":1,"enemies":"2 Louse","floor":5,"turns":3},{"damage":4,"enemies":"3 Sentries","floor":6,"turns":10},{"damage":2,"enemies":"Small Slimes","floor":8,"turns":4},{"damage":0,"enemies":"Looter","floor":11,"turns":3},{"damage":7,"enemies":"Exordium Wildlife","floor":12,"turns":2},{"damage":0,"enemies":"Gremlin Nob","floor":13,"turns":3},{"damage":5,"enemies":"Large Slime","floor":14,"turns":5},{"damage":32,"enemies":"The Guardian","floor":16,"turns":10},{"damage":20,"enemies":"3 Byrds","floor":18,"turns":3},{"damage":8,"enemies":"2 Thieves","floor":21,"turns":3},{"damage":16,"enemies":"Centurion and Healer","floor":22,"turns":5},{"damage":5,"enemies":"Snake Plant","floor":28,"turns":3},{"damage":12,"enemies":"Sentry and Sphere","floor":30,"turns":4},{"damage":0,"enemies":"Centurion and Healer","floor":31,"turns":5},{"damage":86,"enemies":"Collector","floor":33,"turns":8}],"seed_played":"8036382734056195096","potions_obtained":[{"floor":0,"key":"Weak Potion"},{"floor":0,"key":"BlessingOfTheForge"},{"floor":0,"key":"DuplicationPotion"},{"floor":5,"key":"Fire Potion"},{"floor":12,"key":"BlessingOfTheForge"},{"floor":16,"key":"LiquidBronze"},{"floor":21,"key":"SpeedPotion"}],"is_trial":false,"path_per_floor":["M","$","?","$","M","E","R","M","T","$","M","M","E","M","R","B",null,"M","$","?","M","M","R","?","?","T","R","M","R","M","M","R","B"],"character_chosen":"SHADE","items_purchased":["Shade:TouchOfTheGrave","Shade:AncientSpear","Lee\u0027s Waffle","Shade:FleshLikeOak","Shade:RitualOffering","Vajra","LiquidBronze"],"campfire_rested":1,"item_purchase_floors":[4,10,10,10,19,19,19],"current_hp_per_floor":[60,60,60,60,59,55,61,59,59,72,72,65,65,60,69,37,72,52,52,45,37,21,54,54,54,54,66,61,72,60,64,72,0,0],"gold":131,"neow_bonus":"THREE_SMALL_POTIONS","is_daily":false,"chose_seed":false,"campfire_upgraded":4,"win_rate":0.0,"timestamp":1612572206,"path_taken":["M","$","?","$","M","E","R","M","T","$","M","?","E","M","R","BOSS","M","$","?","?","M","R","?","?","T","R","M","R","M","M","R","BOSS"],"items_purchased_type":["Card","Card","Relic","Card","Card","Relic","Potion"],"build_version":"2020-12-22","purchased_purges":0,"victory":false,"max_hp_per_floor":[65,65,65,65,65,65,65,65,65,72,72,72,72,72,72,72,72,72,72,72,72,72,72,72,72,72,72,72,72,72,72,72,72,72],"card_choices":[{"not_picked":["Shade:Frenzy","Shade:SpontaneousRitual"],"picked":"Shade:Brains","floor":1},{"not_picked":["Shade:CoffinDance","Shade:OpenGraves","Shade:FreshBones"],"picked":"SKIP","floor":5},{"not_picked":["Shade:FingerOfDeath","Shade:FuneraryJewels"],"picked":"Shade:FuneraryArmor","floor":6},{"not_picked":["Shade:FreshBones","Shade:PoundOfFlesh","Shade:FingerOfDeath"],"picked":"SKIP","floor":8},{"not_picked":["Shade:Brains","Shade:PoundOfFlesh"],"picked":"Shade:AncientSpear","floor":11},{"not_picked":["Shade:SkeletonHug","Shade:Awaken","Shade:Frenzy"],"picked":"SKIP","floor":12},{"not_picked":["Shade:SpectralStrikes","Shade:SpontaneousRitual"],"picked":"Shade:Excise","floor":13},{"not_picked":["Shade:GraveStillness","Shade:LyeBath","Shade:Frenzy"],"picked":"SKIP","floor":14},{"not_picked":["Shade:OneIsEnough","Shade:Coordination"],"picked":"Shade:Tombstone","floor":16},{"not_picked":["Shade:Asphyxiate","Shade:CommandSoldier+1"],"picked":"Shade:Brains","floor":18},{"not_picked":["Shade:Doomsay","Shade:Carnophage"],"picked":"Shade:ClawBack","floor":21},{"not_picked":["Shade:StitchTogether","Shade:FeralStrike"],"picked":"Shade:FuneraryArmor","floor":22},{"not_picked":["Shade:BoneShards","Shade:Premonition"],"picked":"Shade:FleshToFlesh","floor":28},{"not_picked":["Shade:Premonition+1","Shade:LyeBath+1"],"picked":"Shade:Bite_Shade","floor":30},{"not_picked":["Shade:SkeletonHug","Shade:SensePrey","Shade:Bonestorm+1"],"picked":"SKIP","floor":31}],"player_experience":1166926,"relics_obtained":[{"floor":6,"key":"Eternal Feather"},{"floor":9,"key":"Old Coin"},{"floor":13,"key":"Matryoshka"},{"floor":26,"key":"Omamori"}],"event_choices":[{"cards_removed":["Shade:Strike_Shade"],"damage_healed":0,"gold_gain":0,"player_choice":"Purged","damage_taken":0,"max_hp_gain":0,"max_hp_loss":0,"event_name":"Purifier","floor":3,"gold_loss":0},{"damage_healed":0,"gold_gain":0,"player_choice":"Damaged","damage_taken":7,"max_hp_gain":0,"max_hp_loss":0,"event_name":"Wheel of Change","floor":20,"gold_loss":0},{"damage_healed":0,"gold_gain":0,"player_choice":"Simplicity","damage_taken":0,"max_hp_gain":0,"max_hp_loss":7,"event_name":"betterThird:BetterWriting","floor":24,"gold_loss":0},{"damage_healed":0,"gold_gain":0,"player_choice":"Opened","damage_taken":0,"relics_obtained":["Centennial Puzzle"],"max_hp_gain":0,"max_hp_loss":0,"event_name":"The Mausoleum","floor":25,"gold_loss":0,"cards_obtained":["Writhe"]}],"is_beta":false,"boss_relics":[{"not_picked":["Philosopher\u0027s Stone","Runic Pyramid","Pandora\u0027s Box"]}],"items_purged_floors":[],"is_endless":false,"potions_floor_spawned":[5,12,16,21],"killed_by":"Collector","ascension_level":0}}