{"host":"0hb9w7uizu7y13wj","time":1612642245,"event":{"mods":["Act Like it!","Aspiration","BaseMod","BetterRewards","Colored Map","Conspire","Downfall","Energized Spire","FTL Soundtrack","Friendly Minions","Halation","Hubris","Infinite Spire","Minty Spire (QoL Compilation)","Quick Restart","Replay The Spire","StSLib","Synergy Search","The Hierophant","The Jungle","The Poker Player","Trackpad","everything is the same but u backflip on backflip"],"gold_per_floor":[116,116,28,40,40,68,68,98,177,212,212,232,232,245,245,245,245],"floor_reached":16,"language":"ENG","playtime":361,"items_purged":[],"score":286,"play_id":"5edbc80d-b94b-4536-acc2-04799cb8dfa2","local_time":"20210206201045","is_ascension_mode":true,"campfire_choices":[{"data":"Inflame","floor":11,"key":"SMITH"},{"data":"Double Tap","floor":13,"key":"SMITH"},{"data":"Spot Weakness","floor":15,"key":"SMITH"}],"circlet_count":0,"master_deck":["AscendersBane","Strike_R","Strike_R","Strike_R","Strike_R","Strike_R","Defend_R","Defend_R","Defend_R","Defend_R","Bash+1","Inflame+1","Pummel","Pummel","Double Tap+1","Spot Weakness+1"],"relics":["Burning Blood","NeowsBlessing","aspiration:HiddenCompartment","Chameleon Ring","Blue Candle","ReplayFunnel"],"acts_visited":["Exordium"],"potions_floor_usage":[10],"damage_taken":[{"damage":0,"enemies":"Jaw Worm","floor":1,"turns":1},{"damage":0,"enemies":"Cultist","floor":4,"turns":1},{"damage":0,"enemies":"3 Sentries","floor":6,"turns":2},{"damage":32,"enemies":"Gremlin Nob","floor":8,"turns":4},{"damage":16,"enemies":"Lagavulin","floor":10,"turns":7},{"damage":9,"enemies":"2 Louse","floor":12,"turns":3},{"damage":1,"enemies":"Exordium Thugs","floor":14,"turns":3},{"damage":30,"enemies":"Fading Forest","floor":16,"turns":9}],"seed_played":"-1808832657526661488","potions_obtained":[{"floor":4,"key":"champ:CounterPotion"},{"floor":6,"key":"Dexterity Potion"},{"floor":12,"key":"SneckoOil"}],"is_trial":false,"path_per_floor":["M","?","$","M","$","E","$","E","T","E","R","M","R","M","R","B"],"character_chosen":"IRONCLAD","items_purchased":["Inflame"],"campfire_rested":0,"item_purchase_floors":[3],"current_hp_per_floor":[74,74,74,75,75,75,75,49,49,39,39,36,36,41,41,29,29],"gold":245,"neow_bonus":"THREE_ENEMY_KILL","is_daily":false,"chose_seed":false,"campfire_upgraded":3,"win_rate":0.0,"timestamp":1612642245,"path_taken":["M","?","?","M","$","E","$","E","T","E","R","M","R","M","R","BOSS"],"items_purchased_type":["Card"],"build_version":"2020-12-22","purchased_purges":0,"victory":false,"max_hp_per_floor":[75,75,75,75,75,75,75,75,75,75,75,75,75,75,75,75,75],"card_choices":[{"not_picked":["ReplayTheSpireMod:Corrosion Curse","Clothesline","Sever Soul"],"picked":"SKIP","floor":1},{"not_picked":["hubris:SharpeningStone","Flex","Clash"],"picked":"SKIP","floor":4},{"not_picked":["Cleave","Shockwave"],"picked":"Pummel","floor":6},{"not_picked":["hubris:CleavingFinish","Anger"],"picked":"Pummel","floor":8},{"not_picked":["Abandon","Anger"],"picked":"Double Tap","floor":10},{"not_picked":["Armaments","Run Through"],"picked":"Spot Weakness","floor":12},{"not_picked":["Second Wind","True Grit","Dark Embrace"],"picked":"SKIP","floor":14}],"player_experience":963891,"relics_obtained":[{"floor":6,"key":"aspiration:HiddenCompartment"},{"floor":8,"key":"Chameleon Ring"},{"floor":9,"key":"Blue Candle"},{"floor":10,"key":"ReplayFunnel"}],"event_choices":[{"damage_healed":0,"gold_gain":0,"player_choice":"Forge","damage_taken":0,"max_hp_gain":0,"max_hp_loss":0,"event_name":"Accursed Blacksmith","floor":2,"gold_loss":0,"cards_upgraded":["Bash"]}],"is_beta":false,"boss_relics":[],"items_purged_floors":[],"is_endless":false,"potions_floor_spawned":[4,6,12],"killed_by":"Fading Forest","ascension_level":20}}