{"host":"5mo0809oo9tcrmpl","time":1612583583,"event":{"mods":["BaseMod","Highlight Path","Minty Spire (QoL Compilation)","Relic Stats","Slay the Relics Exporter"],"gold_per_floor":[109,122,132,57,157,157,175,187,214,241,241,255,255,281,281,358,358,369,294,310,310,310],"floor_reached":21,"language":"ENG","playtime":923,"items_purged":[],"score":382,"play_id":"06f6ace8-44ea-4ce5-860f-486452ad14df","local_time":"20210205215303","is_ascension_mode":true,"campfire_choices":[{"data":"Inflame","floor":6.0,"key":"SMITH"},{"data":"Bash","floor":13.0,"key":"SMITH"},{"data":"Combust","floor":15.0,"key":"SMITH"}],"circlet_count":0,"master_deck":["AscendersBane","Defend_R","Defend_R","Defend_R","Defend_R","Bash+1","Combust+1","Shrug It Off","Anger","Inflame+1","Iron Wave","Sword Boomerang","Fire Breathing","True Grit","Twin Strike","Impervious","Wild Strike","Sword Boomerang"],"relics":["Burning Blood","Juzu Bracelet","Dream Catcher","Omamori","Empty Cage"],"acts_visited":["Exordium","TheCity"],"potions_floor_usage":[20],"damage_taken":[{"damage":12.0,"enemies":"Jaw Worm","floor":1.0,"turns":4.0},{"damage":8.0,"enemies":"Cultist","floor":2.0,"turns":4.0},{"damage":5.0,"enemies":"2 Louse","floor":3.0,"turns":3.0},{"damage":14.0,"enemies":"Large Slime","floor":7.0,"turns":5.0},{"damage":13.0,"enemies":"Gremlin Gang","floor":8.0,"turns":4.0},{"damage":29.0,"enemies":"Gremlin Nob","floor":10.0,"turns":4.0},{"damage":6.0,"enemies":"2 Fungi Beasts","floor":12.0,"turns":3.0},{"damage":12.0,"enemies":"3 Sentries","floor":14.0,"turns":5.0},{"damage":5.0,"enemies":"Slime Boss","floor":16.0,"turns":6.0},{"damage":30.0,"enemies":"2 Thieves","floor":18.0,"turns":4.0},{"damage":37,"enemies":"Shell Parasite","floor":20,"turns":6},{"damage":10,"enemies":"3 Cultists","floor":21,"turns":2}],"seed_played":"-7430391764355681529","potions_obtained":[{"floor":3.0,"key":"SkillPotion"},{"floor":7.0,"key":"SkillPotion"},{"floor":12.0,"key":"BloodPotion"},{"floor":14.0,"key":"BlessingOfTheForge"},{"floor":20,"key":"Ancient Potion"}],"is_trial":false,"path_per_floor":["M","M","M","?","?","R","M","M","T","E","?","M","R","E","R","B",null,"M","?","M","M"],"character_chosen":"IRONCLAD","items_purchased":[],"campfire_rested":0,"item_purchase_floors":[],"current_hp_per_floor":[62,60,61,61,61,61,53,46,46,23,23,38,38,32,32,33,65,41,41,10,0,0],"gold":310,"neow_bonus":"TRANSFORM_CARD","is_daily":false,"chose_seed":false,"campfire_upgraded":3,"win_rate":0.0,"timestamp":1612583583,"path_taken":["M","M","M","?","?","R","M","M","T","E","?","M","R","E","R","BOSS","M","?","M","M"],"items_purchased_type":[],"build_version":"2020-12-22","purchased_purges":0,"victory":false,"max_hp_per_floor":[75,75,75,75,75,75,75,75,75,75,75,75,75,75,75,75,75,75,75,75,75,75],"relic_stats":{"Dream Catcher":0,"counters":[12,50],"Juzu Bracelet":1,"obtain_stats":[{"Dream Catcher":10,"Juzu Bracelet":9,"Omamori":14,"Empty Cage":17,"Burning Blood":0},{"Dream Catcher":6,"Juzu Bracelet":5,"Omamori":8,"Empty Cage":9,"Burning Blood":0},{"Dream Catcher":24,"Juzu Bracelet":20,"Omamori":32,"Empty Cage":38,"Burning Blood":0}],"Burning Blood":66},"card_choices":[{"not_picked":["Bloodletting","Power Through"],"picked":"Shrug It Off","floor":1.0},{"not_picked":["Disarm","Warcry"],"picked":"Anger","floor":2.0},{"not_picked":["Thunderclap","Havoc"],"picked":"Inflame","floor":3.0},{"not_picked":["Armaments","True Grit"],"picked":"Iron Wave","floor":7.0},{"not_picked":["Flame Barrier","Warcry"],"picked":"Sword Boomerang","floor":8.0},{"not_picked":["Iron Wave","Uppercut"],"picked":"Fire Breathing","floor":10.0},{"not_picked":["Blood for Blood","Havoc"],"picked":"True Grit","floor":12.0},{"not_picked":["Searing Blow","Shrug It Off"],"picked":"Twin Strike","floor":14.0},{"not_picked":["Juggernaut","Double Tap"],"picked":"Impervious","floor":16.0},{"not_picked":["Shockwave","Shrug It Off"],"picked":"Wild Strike","floor":18.0},{"not_picked":["Headbutt","Twin Strike"],"picked":"Sword Boomerang","floor":20}],"player_experience":1259664,"relics_obtained":[{"floor":9.0,"key":"Juzu Bracelet"},{"floor":10.0,"key":"Dream Catcher"},{"floor":14.0,"key":"Omamori"}],"event_choices":[{"cards_removed":["Strike_R"],"damage_healed":0.0,"max_hp_gain":0.0,"max_hp_loss":0.0,"gold_gain":0.0,"event_name":"The Cleric","player_choice":"Card Removal","floor":4.0,"gold_loss":75.0,"damage_taken":0.0},{"damage_healed":0.0,"max_hp_gain":0.0,"max_hp_loss":0.0,"gold_gain":100.0,"event_name":"Wheel of Change","player_choice":"Gold","floor":5.0,"gold_loss":0.0,"damage_taken":0.0},{"damage_healed":0.0,"max_hp_gain":0.0,"max_hp_loss":0.0,"gold_gain":0.0,"event_name":"Dead Adventurer","player_choice":"Searched \u00270\u0027 times","floor":11.0,"gold_loss":0.0,"damage_taken":0.0},{"cards_removed":["Strike_R"],"damage_healed":0.0,"max_hp_gain":0.0,"max_hp_loss":0.0,"gold_gain":0.0,"event_name":"Beggar","player_choice":"Gave Gold","floor":19.0,"gold_loss":75.0,"damage_taken":0.0}],"is_beta":false,"boss_relics":[{"not_picked":["Runic Dome","Black Star"],"picked":"Empty Cage"}],"items_purged_floors":[],"is_endless":false,"potions_floor_spawned":[3,7,12,14,20],"killed_by":"3 Cultists","ascension_level":20}}