{"host":"uv5ws9rdk87e8i5k","time":1612588831,"event":{"mods":["AchievementEnabler","BaseMod","Colored Map","Minty Spire (QoL Compilation)","Permanent Neow","Quick Restart","StSLib","SuperFastMode","The Necromancer"],"gold_per_floor":[109,128,145,145,163,198,217,242,268,301,314,339,351,351,351,449,449,463,481,513,533,533,559,659,687,687,687,714,732,732,747,747,847,847,858,253,303,317,22,54,54,54,77,102,121,153,165,185,185,185],"floor_reached":51,"language":"ENG","playtime":1483,"items_purged":["Decay","Strike_R"],"score":1107,"play_id":"ae5a9b75-8567-4c8f-bb9b-3b82151acce9","local_time":"20210205232031","is_ascension_mode":true,"campfire_choices":[{"floor":15.0,"key":"REST"},{"floor":27.0,"key":"REST"},{"data":"Demon Form","floor":32.0,"key":"SMITH"},{"data":"Demon Form","floor":42.0,"key":"SMITH"},{"data":"Demon Form","floor":49.0,"key":"SMITH"}],"circlet_count":0,"master_deck":["Strike_R","Strike_R","Strike_R","Strike_R","Defend_R","Defend_R","Defend_R","Defend_R","Bash","Clothesline","Wild Strike+1","Twin Strike","True Grit","Demon Form+1","Dropkick","Armaments","Rage","Headbutt","Cleave","Double Tap+1","Heavy Blade+1","Armaments+1","Demon Form+1","Necronomicurse","Infernal Blade+1","Pommel Strike","Demon Form+1","Heavy Blade","Bloodletting+1","Pommel Strike+1","Inflame+1"],"relics":["Burning Blood","Incense Burner","Pocketwatch","Bronze Scales","Bag of Marbles","Oddly Smooth Stone","Orichalcum","Black Star","Red Mask","Necronomicon","Bag of Preparation","Champion Belt","Boot","Art of War","Question Card","Red Skull","Bird Faced Urn","Philosopher\u0027s Stone","Brimstone","TungstenRod","Ginger","War Paint","Happy Flower","FossilizedHelix","Centennial Puzzle","Prayer Wheel","Thread and Needle","White Beast Statue","Blue Candle"],"acts_visited":["Exordium","TheCity","TheBeyond"],"potions_floor_usage":[50,50],"damage_taken":[{"damage":7.0,"enemies":"Small Slimes","floor":1.0,"turns":4.0},{"damage":3.0,"enemies":"Cultist","floor":2.0,"turns":3.0},{"damage":9.0,"enemies":"Jaw Worm","floor":3.0,"turns":4.0},{"damage":0.0,"enemies":"3 Louse","floor":5.0,"turns":3.0},{"damage":31.0,"enemies":"3 Sentries","floor":6.0,"turns":7.0},{"damage":28.0,"enemies":"Gremlin Gang","floor":7.0,"turns":6.0},{"damage":15.0,"enemies":"Lagavulin","floor":8.0,"turns":7.0},{"damage":2.0,"enemies":"Gremlin Nob","floor":10.0,"turns":3.0},{"damage":0.0,"enemies":"Blue Slaver","floor":11.0,"turns":3.0},{"damage":17.0,"enemies":"3 Sentries","floor":12.0,"turns":5.0},{"damage":0.0,"enemies":"3 Louse","floor":13.0,"turns":5.0},{"damage":29.0,"enemies":"The Guardian","floor":16.0,"turns":8.0},{"damage":1.0,"enemies":"3 Byrds","floor":18.0,"turns":4.0},{"damage":14.0,"enemies":"2 Thieves","floor":19.0,"turns":2.0},{"damage":6.0,"enemies":"Masked Bandits","floor":20.0,"turns":3.0},{"damage":21.0,"enemies":"Centurion and Healer","floor":21.0,"turns":4.0},{"damage":20.0,"enemies":"Book of Stabbing","floor":23.0,"turns":5.0},{"damage":0.0,"enemies":"Slavers","floor":25.0,"turns":3.0},{"damage":47.0,"enemies":"Gremlin Leader","floor":28.0,"turns":5.0},{"damage":8.0,"enemies":"Shelled Parasite and Fungi","floor":29.0,"turns":3.0},{"damage":2.0,"enemies":"3 Cultists","floor":31.0,"turns":4.0},{"damage":6.0,"enemies":"Champ","floor":33.0,"turns":6.0},{"damage":8.0,"enemies":"Orb Walker","floor":35.0,"turns":3.0},{"damage":0.0,"enemies":"Mind Bloom Boss Battle","floor":37.0,"turns":3.0},{"damage":15.0,"enemies":"3 Darklings","floor":38.0,"turns":4.0},{"damage":17.0,"enemies":"Reptomancer","floor":40.0,"turns":3.0},{"damage":0.0,"enemies":"Giant Head","floor":44.0,"turns":4.0},{"damage":2.0,"enemies":"Writhing Mass","floor":45.0,"turns":2.0},{"damage":32.0,"enemies":"Nemesis","floor":46.0,"turns":5.0},{"damage":0.0,"enemies":"Spire Growth","floor":47.0,"turns":2.0},{"damage":0.0,"enemies":"Sphere and 2 Shapes","floor":48.0,"turns":2.0},{"damage":17,"enemies":"Awakened One","floor":50,"turns":4}],"seed_played":"-2604710751689630226","potions_obtained":[{"floor":2.0,"key":"Block Potion"},{"floor":3.0,"key":"Strength Potion"},{"floor":7.0,"key":"SneckoOil"},{"floor":8.0,"key":"Fire Potion"},{"floor":12.0,"key":"EssenceOfSteel"},{"floor":14.0,"key":"Strength Potion"},{"floor":14.0,"key":"AttackPotion"},{"floor":16.0,"key":"EntropicBrew"},{"floor":18.0,"key":"EntropicBrew"},{"floor":20.0,"key":"SteroidPotion"},{"floor":23.0,"key":"BlessingOfTheForge"},{"floor":33.0,"key":"DistilledChaos"},{"floor":38.0,"key":"SkillPotion"},{"floor":47.0,"key":"Explosive Potion"},{"floor":48.0,"key":"Explosive Potion"}],"is_trial":false,"path_per_floor":["M","M","M","?","M","E","M","E","T","E","M","E","M","?","R","B",null,"M","M","?","M","?","E","?","E","T","R","E","M","?","M","R","B",null,"M","$","?","M","$","E","?","R","T","E","M","E","M","M","R","B",null],"character_chosen":"IRONCLAD","items_purchased":["Brimstone","TungstenRod","Fire Potion","AttackPotion","War Paint","SkillPotion"],"campfire_rested":2,"item_purchase_floors":[36,36,36,36,39,39],"current_hp_per_floor":[79,80,77,77,80,55,33,24,24,28,34,23,29,29,53,30,80,80,72,72,57,41,27,27,33,33,57,16,16,42,46,46,48,80,78,78,80,73,73,66,66,66,66,76,80,58,64,70,70,67],"gold":185,"neow_bonus":"ONE_RARE_RELIC","is_daily":false,"chose_seed":false,"campfire_upgraded":3,"win_rate":0.0,"timestamp":1612588831,"path_taken":["M","M","M","?","M","E","M","E","T","E","?","E","M","?","R","BOSS","M","?","?","M","?","E","?","E","T","R","E","?","?","M","R","BOSS","M","$","?","M","$","E","?","R","T","E","?","E","M","M","R","BOSS"],"items_purchased_type":["Relic","Relic","Potion","Potion","Relic","Potion"],"build_version":"2020-12-22","purchased_purges":2,"victory":true,"max_hp_per_floor":[80,80,80,80,80,80,80,80,80,80,80,80,80,80,80,80,80,80,80,80,80,80,80,80,80,80,80,80,80,80,80,80,80,80,80,80,80,80,80,80,80,80,80,80,80,80,80,80,80,80],"card_choices":[{"not_picked":["Metallicize","Flex"],"picked":"Clothesline","floor":1.0},{"not_picked":["Flex","Iron Wave"],"picked":"Wild Strike","floor":2.0},{"not_picked":["Anger","Havoc"],"picked":"Twin Strike","floor":3.0},{"not_picked":["Combust","Fire Breathing"],"picked":"True Grit","floor":5.0},{"not_picked":["Hemokinesis","Pommel Strike"],"picked":"Demon Form","floor":6.0},{"not_picked":["Havoc","Twin Strike"],"picked":"Dropkick","floor":7.0},{"not_picked":["Thunderclap","Anger"],"picked":"Armaments","floor":8.0},{"not_picked":["Combust","Headbutt"],"picked":"Rage","floor":10.0},{"not_picked":["Dual Wield","Perfected Strike","Flex"],"picked":"SKIP","floor":11.0},{"not_picked":["Evolve","Flex"],"picked":"Headbutt","floor":12.0},{"not_picked":["Perfected Strike","Flex"],"picked":"Cleave","floor":13.0},{"not_picked":["Exhume","Juggernaut"],"picked":"Double Tap","floor":16.0},{"not_picked":["Armaments","Clothesline","Fire Breathing+1"],"picked":"SKIP","floor":18.0},{"not_picked":["Entrench","True Grit"],"picked":"Heavy Blade+1","floor":19.0},{"not_picked":["Warcry","Ghostly Armor"],"picked":"Armaments+1","floor":20.0},{"not_picked":["Flex","Anger"],"picked":"Demon Form","floor":21.0},{"not_picked":["Anger","Wild Strike+1","Headbutt"],"picked":"SKIP","floor":23.0},{"not_picked":["Power Through","Berserk","Searing Blow+1"],"picked":"SKIP","floor":25.0},{"not_picked":["Rupture","Sever Soul","Headbutt+1"],"picked":"Infernal Blade","floor":28.0},{"not_picked":["Perfected Strike","Headbutt","True Grit","Twin Strike+1"],"picked":"SKIP","floor":29.0},{"not_picked":["Armaments","Dropkick","Rampage"],"picked":"Pommel Strike","floor":31.0},{"not_picked":["Fiend Fire","Corruption","Reaper"],"picked":"Demon Form","floor":33.0},{"not_picked":["Intimidate","Thunderclap","Iron Wave","True Grit"],"picked":"SKIP","floor":35.0},{"not_picked":["Havoc+1","Warcry","Fire Breathing"],"picked":"Heavy Blade","floor":38.0},{"not_picked":["Iron Wave+1","Sword Boomerang+1","Headbutt","True Grit"],"picked":"SKIP","floor":40.0},{"not_picked":["Pommel Strike","Searing Blow+1","Exhume"],"picked":"Bloodletting+1","floor":44.0},{"not_picked":["Evolve","Reckless Charge+1","Inflame"],"picked":"Pommel Strike+1","floor":45.0},{"not_picked":["Combust","Wild Strike","Ghostly Armor+1"],"picked":"Inflame+1","floor":45.0},{"not_picked":["Dropkick+1","Twin Strike","Anger+1","Cleave"],"picked":"SKIP","floor":46.0},{"not_picked":["Thunderclap","Flex","Dark Embrace","Infernal Blade+1"],"picked":"SKIP","floor":47.0},{"not_picked":["Flex","Wild Strike","Shockwave+1","Pummel"],"picked":"SKIP","floor":47.0},{"not_picked":["Infernal Blade","Cleave","Sever Soul","Exhume"],"picked":"SKIP","floor":48.0},{"not_picked":["Power Through+1","Armaments+1","Headbutt+1","Searing Blow"],"picked":"SKIP","floor":48.0}],"player_experience":239683,"relics_obtained":[{"floor":6.0,"key":"Pocketwatch"},{"floor":8.0,"key":"Bronze Scales"},{"floor":9.0,"key":"Bag of Marbles"},{"floor":10.0,"key":"Oddly Smooth Stone"},{"floor":12.0,"key":"Orichalcum"},{"floor":20.0,"key":"Red Mask"},{"floor":22.0,"key":"Necronomicon"},{"floor":23.0,"key":"Bag of Preparation"},{"floor":23.0,"key":"Champion Belt"},{"floor":25.0,"key":"Boot"},{"floor":25.0,"key":"Art of War"},{"floor":26.0,"key":"Question Card"},{"floor":28.0,"key":"Red Skull"},{"floor":28.0,"key":"Bird Faced Urn"},{"floor":37.0,"key":"Ginger"},{"floor":40.0,"key":"Happy Flower"},{"floor":40.0,"key":"FossilizedHelix"},{"floor":43.0,"key":"Centennial Puzzle"},{"floor":44.0,"key":"Prayer Wheel"},{"floor":44.0,"key":"Thread and Needle"},{"floor":46.0,"key":"White Beast Statue"},{"floor":46.0,"key":"Blue Candle"}],"event_choices":[{"damage_healed":0.0,"max_hp_gain":0.0,"max_hp_loss":0.0,"gold_gain":0.0,"event_name":"Accursed Blacksmith","player_choice":"Forge","floor":4.0,"gold_loss":0.0,"damage_taken":0.0,"cards_upgraded":["Wild Strike"]},{"damage_healed":0.0,"max_hp_gain":0.0,"max_hp_loss":0.0,"gold_gain":0.0,"event_name":"Lab","player_choice":"Got Potions","floor":14.0,"gold_loss":0.0,"damage_taken":0.0},{"damage_healed":0.0,"max_hp_gain":0.0,"max_hp_loss":0.0,"gold_gain":0.0,"event_name":"Masked Bandits","player_choice":"Fought Bandits","floor":20.0,"gold_loss":0.0,"damage_taken":0.0},{"damage_healed":0.0,"max_hp_gain":0.0,"max_hp_loss":0.0,"gold_gain":0.0,"event_name":"Cursed Tome","player_choice":"Obtained Book","floor":22.0,"gold_loss":0.0,"damage_taken":16.0},{"damage_healed":0.0,"max_hp_gain":0.0,"max_hp_loss":0.0,"gold_gain":100.0,"event_name":"Golden Shrine","player_choice":"Pray","floor":24.0,"gold_loss":0.0,"damage_taken":0.0},{"damage_healed":26.0,"max_hp_gain":0.0,"max_hp_loss":0.0,"gold_gain":0.0,"event_name":"The Library","player_choice":"Heal","floor":30.0,"gold_loss":0.0,"damage_taken":0.0},{"damage_healed":0.0,"max_hp_gain":0.0,"max_hp_loss":0.0,"gold_gain":0.0,"event_name":"MindBloom","player_choice":"Fight","floor":37.0,"gold_loss":0.0,"damage_taken":0.0},{"damage_healed":0.0,"max_hp_gain":0.0,"max_hp_loss":0.0,"gold_gain":0.0,"event_name":"Match and Keep!","player_choice":"0 cards matched","floor":41.0,"gold_loss":0.0,"damage_taken":0.0,"cards_obtained":[]}],"is_beta":false,"boss_relics":[{"not_picked":["Fusion Hammer","Sozu"],"picked":"Black Star"},{"not_picked":["Runic Pyramid","Astrolabe"],"picked":"Philosopher\u0027s Stone"}],"items_purged_floors":[36,39],"is_endless":false,"potions_floor_spawned":[2,3,7,8,12,16,18,20,23,33,38,47,48],"ascension_level":3}}