{"host":"xz7n3qy1zq36rzpg","time":1612653687,"event":{"mods":["BaseMod","Colored Map","Colored Powertips","Highlight Path","Minty Spire (QoL Compilation)","Quick Restart","Shop Mod"],"gold_per_floor":[114,129,94,48,48,86,105,143,193,193,212,212,231,269,269,394,394,413,432,129,129,129,167,167,96,96,134,172,191,210,172,172,172,172],"floor_reached":33,"language":"ENG","playtime":2933,"items_purged":[],"score":323,"play_id":"46555bac-c51b-4c48-9b73-52de7ff08499","local_time":"20210207002127","daily_mods":["Draft","Diverse","DeadlyEvents"],"is_ascension_mode":false,"campfire_choices":[{"data":"Coolheaded","floor":10,"key":"SMITH"},{"data":"Shrug It Off","floor":12,"key":"SMITH"},{"data":"Rip and Tear","floor":15,"key":"SMITH"},{"data":"Uppercut","floor":24,"key":"SMITH"},{"floor":32,"key":"REST"}],"circlet_count":0,"master_deck":["Havoc","Clothesline","Hello World","Cloak And Dagger","Prepared","Auto Shields","Skewer","FollowUp","Cold Snap","Pommel Strike","Sweeping Beam","Rip and Tear+1","EmptyBody","EmptyFist","Flex","Go for the Eyes","Coolheaded+1","Shrug It Off+1","Ball Lightning","Carnage","Footwork","Uppercut+1","True Grit+1","Backstab","Creative AI","ReachHeaven+1","Shrug It Off+1","FTL","Dash","Distraction+1"],"relics":["Ring of the Snake","Golden Idol","Bottled Tornado","Ancient Tea Set","Dream Catcher","Mercury Hourglass","Sozu","Strange Spoon","Centennial Puzzle","Vajra","Pen Nib","Toxic Egg 2","Tough Bandages"],"acts_visited":["Exordium","TheCity"],"potions_floor_usage":[14,14,23],"damage_taken":[{"damage":0,"enemies":"Small Slimes","floor":1,"turns":3},{"damage":0,"enemies":"2 Louse","floor":2,"turns":2},{"damage":6,"enemies":"Gremlin Nob","floor":6,"turns":4},{"damage":0,"enemies":"Cultist","floor":7,"turns":2},{"damage":4,"enemies":"Lagavulin","floor":8,"turns":5},{"damage":0,"enemies":"Red Slaver","floor":11,"turns":2},{"damage":0,"enemies":"Looter","floor":13,"turns":2},{"damage":4,"enemies":"Gremlin Nob","floor":14,"turns":3},{"damage":34,"enemies":"The Guardian","floor":16,"turns":10},{"damage":0,"enemies":"Spheric Guardian","floor":18,"turns":3},{"damage":0,"enemies":"Chosen","floor":19,"turns":3},{"damage":1,"enemies":"Book of Stabbing","floor":23,"turns":4},{"damage":18,"enemies":"Slavers","floor":27,"turns":3},{"damage":27,"enemies":"Gremlin Leader","floor":28,"turns":4},{"damage":8,"enemies":"Shelled Parasite and Fungi","floor":29,"turns":2},{"damage":8,"enemies":"Chosen and Byrds","floor":30,"turns":3},{"damage":22,"enemies":"Automaton","floor":33,"turns":4}],"seed_played":"5285009320175426936","potions_obtained":[{"floor":2,"key":"Explosive Potion"},{"floor":6,"key":"CunningPotion"},{"floor":8,"key":"ColorlessPotion"},{"floor":14,"key":"LiquidBronze"}],"is_trial":false,"path_per_floor":["M","M","?","$","?","E","M","E","T","R","M","R","M","E","R","B",null,"M","M","$","?","T","E","R","$","T","E","E","M","M","$","R","B"],"character_chosen":"THE_SILENT","items_purchased":["Coolheaded","Strange Spoon","Footwork","Uppercut","Backstab","Dash"],"campfire_rested":1,"item_purchase_floors":[4,20,20,20,25,31],"current_hp_per_floor":[70,70,70,70,65,59,59,55,55,55,55,55,55,51,51,17,65,65,65,65,65,65,64,64,64,64,46,19,11,3,3,22,0,0],"gold":172,"neow_bonus":"","is_daily":true,"chose_seed":false,"campfire_upgraded":4,"win_rate":0.0,"timestamp":1612653687,"path_taken":["M","M","?","$","?","E","M","E","T","R","?","R","M","?","R","BOSS","M","M","$","?","?","E","R","?","T","E","?","?","M","$","R","BOSS"],"items_purchased_type":["Card","Relic","Card","Card","Card","Card"],"build_version":"2020-12-22","purchased_purges":0,"victory":false,"max_hp_per_floor":[70,70,70,70,65,65,65,65,65,65,65,65,65,65,65,65,65,65,65,65,65,65,65,65,65,65,65,65,65,65,65,65,65,65],"card_choices":[{"not_picked":["Rupture","Lockon"],"picked":"Havoc","floor":0},{"not_picked":["Armaments","Iron Wave"],"picked":"Clothesline","floor":0},{"not_picked":["Escape Plan","PathToVictory"],"picked":"Hello World","floor":0},{"not_picked":["Body Slam","Perseverance"],"picked":"Cloak And Dagger","floor":0},{"not_picked":["Clothesline","Force Field"],"picked":"Prepared","floor":0},{"not_picked":["Gash","Headbutt"],"picked":"Auto Shields","floor":0},{"not_picked":["Blizzard","Clash"],"picked":"Skewer","floor":0},{"not_picked":["Warcry","Cloak And Dagger"],"picked":"FollowUp","floor":0},{"not_picked":["Beam Cell","TalkToTheHand"],"picked":"Cold Snap","floor":0},{"not_picked":["Compile Driver","Entrench"],"picked":"Pommel Strike","floor":0},{"not_picked":["Deadly Poison","Clash"],"picked":"Sweeping Beam","floor":0},{"not_picked":["Quick Slash","Intimidate"],"picked":"Rip and Tear","floor":0},{"not_picked":["Deadly Poison","Rupture"],"picked":"EmptyBody","floor":0},{"not_picked":["Stack","WreathOfFlame"],"picked":"EmptyFist","floor":0},{"not_picked":["Wild Strike","Underhanded Strike"],"picked":"Flex","floor":0},{"not_picked":["Perfected Strike","SashWhip","Bane"],"picked":"SKIP","floor":1},{"not_picked":["Headbutt","Havoc"],"picked":"Go for the Eyes","floor":2},{"not_picked":["Adaptation","Clash"],"picked":"Shrug It Off","floor":6},{"not_picked":["Crescendo","SashWhip"],"picked":"Ball Lightning","floor":7},{"not_picked":["Conserve Battery","Omniscience","Evaluate"],"picked":"SKIP","floor":8},{"not_picked":["ThirdEye","Acrobatics","Go for the Eyes"],"picked":"SKIP","floor":11},{"not_picked":["Conserve Battery","Heavy Blade"],"picked":"Carnage","floor":13},{"not_picked":["Underhanded Strike","Escape Plan","Crescendo"],"picked":"SKIP","floor":14},{"not_picked":["ClearTheMind","Halt","Power Through"],"picked":"SKIP","floor":18},{"not_picked":["Metallicize","Underhanded Strike","Pommel Strike"],"picked":"SKIP","floor":19},{"not_picked":["Adaptation","Flying Knee+1"],"picked":"True Grit+1","floor":23},{"not_picked":["Footwork+1","Setup+1"],"picked":"Creative AI","floor":27},{"not_picked":["Self Repair","Flying Knee"],"picked":"ReachHeaven+1","floor":28},{"not_picked":["SignatureMove","Fire Breathing"],"picked":"Shrug It Off+1","floor":29},{"not_picked":["Prepared+1","Shrug It Off+1"],"picked":"FTL","floor":30},{"not_picked":["Sweeping Beam","Predator"],"picked":"Distraction+1","floor":32}],"player_experience":452119,"relics_obtained":[{"floor":6,"key":"Bottled Tornado"},{"floor":8,"key":"Ancient Tea Set"},{"floor":9,"key":"Dream Catcher"},{"floor":14,"key":"Mercury Hourglass"},{"floor":22,"key":"Centennial Puzzle"},{"floor":23,"key":"Vajra"},{"floor":26,"key":"Pen Nib"},{"floor":27,"key":"Toxic Egg 2"},{"floor":28,"key":"Tough Bandages"}],"event_choices":[{"damage_healed":0,"gold_gain":0,"player_choice":"Left Gold","damage_taken":0,"max_hp_gain":0,"max_hp_loss":0,"event_name":"World of Goop","floor":3,"gold_loss":35},{"damage_healed":0,"gold_gain":0,"player_choice":"Lose Max HP","damage_taken":0,"relics_obtained":["Golden Idol"],"max_hp_gain":0,"max_hp_loss":5,"event_name":"Golden Idol","floor":5,"gold_loss":0},{"damage_healed":0,"gold_gain":0,"player_choice":"Ignored","damage_taken":0,"max_hp_gain":0,"max_hp_loss":0,"event_name":"Ghosts","floor":21,"gold_loss":0}],"is_beta":false,"boss_relics":[{"not_picked":["Astrolabe","Busted Crown"],"picked":"Sozu"}],"items_purged_floors":[],"is_endless":false,"potions_floor_spawned":[2,6,8,14,23,27],"killed_by":"Automaton","ascension_level":0}}