{"host":"uhnh33uh34qot0et","time":1612571426,"event":{"mods":["BaseMod","Colored Map","Downfall","Hermit","Marisa????????","Minty Spire (QoL Compilation)","StSLib","The Bug Knight","The Cursed","The Servant 0.9.4"],"gold_per_floor":[119,119,43,43,43,73,85,85,85,37,37,37,72,72,72,172,172,188,198,198,208,208,237,283,310,310,310,310],"floor_reached":27,"language":"ENG","playtime":852,"items_purged":[],"score":280,"play_id":"ef0c52b3-6ced-4abb-ae2f-026da49d7301","local_time":"20210206013026","is_ascension_mode":false,"campfire_choices":[{"data":"Terror","floor":8,"key":"SMITH"},{"data":"Phantasmal Killer","floor":11,"key":"SMITH"},{"floor":15,"key":"REST"}],"circlet_count":0,"master_deck":["Strike_G","Strike_G","Strike_G","Strike_G","Strike_G","Defend_G","Defend_G","Defend_G+1","Defend_G+1","Defend_G","Survivor","Neutralize+1","Deflect","Phantasmal Killer+1","Terror+1","Sucker Punch+1","Masterful Stab","A Thousand Cuts","Dagger Spray+1","Deflect","Choke","Dagger Spray+1","Blade Dance"],"relics":["Ring of the Snake","NeowsBlessing","Blue Candle","Sundial","Paper Crane","Shuriken","SacredBark","Orichalcum","Boot","Anchor","Letter Opener"],"acts_visited":["Exordium","TheCity"],"potions_floor_usage":[16,23,23,25,25],"damage_taken":[{"damage":0,"enemies":"Cultist","floor":1,"turns":1},{"damage":0,"enemies":"Lagavulin","floor":6,"turns":1},{"damage":0,"enemies":"2 Louse","floor":7,"turns":1},{"damage":37,"enemies":"3 Sentries","floor":13,"turns":15},{"damage":28,"enemies":"Slime Boss","floor":16,"turns":13},{"damage":27,"enemies":"3 Byrds","floor":18,"turns":7},{"damage":0,"enemies":"Chosen and Byrds","floor":19,"turns":3},{"damage":21,"enemies":"Snake Plant","floor":21,"turns":4},{"damage":2,"enemies":"HollowMod:Nosk","floor":23,"turns":6},{"damage":9,"enemies":"Gremlin Leader","floor":25,"turns":6},{"damage":12,"enemies":"Sentry and Sphere","floor":27,"turns":3}],"seed_played":"-5273807568904037759","potions_obtained":[{"floor":6,"key":"GhostInAJar"},{"floor":13,"key":"BlessingOfTheForge"},{"floor":18,"key":"Poison Potion"},{"floor":21,"key":"Block Potion"},{"floor":23,"key":"AttackPotion"}],"is_trial":false,"path_per_floor":["M","?","$","$","?","E","M","R","T","$","R","?","E","?","R","B",null,"M","M","?","M","$","E","T","E","T","M"],"character_chosen":"THE_SILENT","items_purchased":["Phantasmal Killer","Sucker Punch"],"campfire_rested":1,"item_purchase_floors":[3,10],"current_hp_per_floor":[70,70,70,70,65,65,65,65,65,65,65,51,14,14,35,7,70,43,43,43,22,22,20,20,11,11,0,0],"gold":310,"neow_bonus":"THREE_ENEMY_KILL","is_daily":false,"chose_seed":false,"campfire_upgraded":2,"win_rate":0.0,"timestamp":1612571426,"path_taken":["M","?","?","$","?","E","M","R","T","$","R","?","E","?","R","BOSS","M","M","?","M","$","E","?","E","T","M"],"items_purchased_type":["Card","Card"],"build_version":"2020-12-22","purchased_purges":0,"victory":false,"max_hp_per_floor":[70,70,70,70,70,70,70,70,70,70,70,70,70,70,70,70,70,70,70,70,70,70,70,70,70,70,70,70],"card_choices":[{"not_picked":["Dagger Throw","Acrobatics"],"picked":"Deflect","floor":1},{"not_picked":["Deadly Poison","Bouncing Flask","Eviscerate"],"picked":"SKIP","floor":6},{"not_picked":["Bouncing Flask","Blur"],"picked":"Terror","floor":7},{"not_picked":["Predator","PiercingWail"],"picked":"Masterful Stab","floor":13},{"not_picked":["Burst","After Image"],"picked":"A Thousand Cuts","floor":16},{"not_picked":["Deflect+1","Deadly Poison"],"picked":"Dagger Spray+1","floor":18},{"not_picked":["Underhanded Strike","Flying Knee"],"picked":"Deflect","floor":19},{"not_picked":["Well Laid Plans+1","Bouncing Flask"],"picked":"Choke","floor":21},{"not_picked":["Sucker Punch","Acrobatics"],"picked":"Dagger Spray+1","floor":23},{"not_picked":["Tools of the Trade","PiercingWail"],"picked":"Blade Dance","floor":25}],"player_experience":13135,"relics_obtained":[{"floor":6,"key":"Sundial"},{"floor":9,"key":"Paper Crane"},{"floor":13,"key":"Shuriken"},{"floor":23,"key":"Orichalcum"},{"floor":24,"key":"Boot"},{"floor":25,"key":"Anchor"},{"floor":26,"key":"Letter Opener"}],"event_choices":[{"damage_healed":0,"gold_gain":0,"player_choice":"Forge","damage_taken":0,"max_hp_gain":0,"max_hp_loss":0,"event_name":"Accursed Blacksmith","floor":2,"gold_loss":0,"cards_upgraded":["Neutralize"]},{"damage_healed":0,"gold_gain":0,"player_choice":"Entered Light","damage_taken":14,"max_hp_gain":0,"max_hp_loss":0,"event_name":"Shining Light","floor":12,"gold_loss":0,"cards_upgraded":["Defend_G","Defend_G"]},{"damage_healed":0,"gold_gain":0,"player_choice":"Grow","damage_taken":0,"max_hp_gain":0,"max_hp_loss":0,"event_name":"Living Wall","floor":14,"gold_loss":0,"cards_upgraded":["Sucker Punch"]},{"damage_healed":0,"gold_gain":0,"player_choice":"Ignored","damage_taken":0,"max_hp_gain":0,"max_hp_loss":0,"event_name":"Beggar","floor":20,"gold_loss":0}],"is_beta":false,"boss_relics":[{"not_picked":["Ectoplasm","Sozu"],"picked":"SacredBark"}],"items_purged_floors":[],"is_endless":false,"potions_floor_spawned":[6,13,18,21,23],"killed_by":"Sentry and Sphere","ascension_level":0}}