{"host":"qqj8xvc6rh6p9rdh","time":1612602303,"event":{"mods":["Act Like it!","BaseMod","DNKmod","Friendly Minions","Hubris","Minty Spire (QoL Compilation)","Small Relic Pack","StSLib","The Animator"],"gold_per_floor":[1220,1267,1267,1292,948,990,1006,1025,1050,579,599,599,633,633,633,723,723,736,736,282,282,306,306,345,345,368,399,399,412,446,459,459,536,536,548,548,548,574,341,341,371,371,371,371,108,68,100,118,118,118,118,118,118,408,458,513,588,588,61,136,216,216,126,221,303,303,204,319,439,439,439],"floor_reached":70,"language":"ENG","playtime":3909,"items_purged":["animator:Defend","animator:Strike","animator:Strike","animator:SilverFang+1","animator:Defend"],"score":3012,"play_id":"0b6faa1e-b81d-47b5-870e-99d2dba0af3d","local_time":"20210206170503","is_ascension_mode":true,"campfire_choices":[{"data":"animator:Saitama","floor":12.0,"key":"SMITH"},{"floor":15.0,"key":"RECALL"},{"data":"animator:Arpeggio","floor":23.0,"key":"SMITH"},{"data":"animator:Ainz","floor":28,"key":"SMITH"},{"data":"animator:WinryRockbell","floor":32,"key":"SMITH"},{"data":"animator:Tatsumaki","floor":40,"key":"SMITH"},{"data":"animator:Arpeggio","floor":42,"key":"SMITH"},{"data":"animator:Hitei","floor":49,"key":"SMITH"},{"data":"animator:WinryRockbell","floor":53,"key":"SMITH"}],"circlet_count":0,"master_deck":["AscendersBane","animator:Strike_FullmetalAlchemist+1","animator:Defend_FullmetalAlchemist+1","animator:Defend+1","animator:ElricEdward+1","animator:ElricAlphonse+1","animator:MaesHughes+1","animator:WinryRockbell+1","animator:Scar+1","animator:Sloth+1","animator:Scar+1","animator:Saitama+1","animator:WinryRockbell+1","animator:Ainz+1","animator:Arpeggio+1","animator:Tatsumaki+1","animator:Megunee+1","animator:Pride+1","animator:NarberalGamma+1","animator:Saitama+1","animator:ElricAlphonse+1","animator:Arpeggio+1","animator:WinryRockbell+1","animator:Arpeggio+1","animator:Hitei+1","animator:WinryRockbell+1","animator:Boros+1","animator:RoyMustang+1","animator:Hitei+1","animator:QuestionMark+1","animator:Melzalgald+1"],"relics":["animator:TheEruzaStone","animator:AncientMedallion"],"acts_visited":["TheCity","TheBeyond","TheEnding","EYB:TheUnnamedReign"],"potions_floor_usage":[33,35,50,50,56,60,61,64,69,69,70],"damage_taken":[{"damage":0.0,"enemies":"Cultist","floor":1.0,"turns":3.0},{"damage":8.0,"enemies":"Lagavulin","floor":6.0,"turns":6.0},{"damage":6.0,"enemies":"Small Slimes","floor":7.0,"turns":2.0},{"damage":0.0,"enemies":"Jaw Worm","floor":8.0,"turns":2.0},{"damage":9.0,"enemies":"Exordium Thugs","floor":11.0,"turns":3.0},{"damage":3.0,"enemies":"3 Sentries","floor":13.0,"turns":5.0},{"damage":167.0,"enemies":"Hexaghost","floor":16.0,"turns":8.0},{"damage":3.0,"enemies":"3 Byrds","floor":18.0,"turns":3.0},{"damage":0.0,"enemies":"Book of Stabbing","floor":24.0,"turns":5.0},{"damage":0.0,"enemies":"Slavers","floor":27.0,"turns":5.0},{"damage":0,"enemies":"2 Thieves","floor":29,"turns":3},{"damage":0,"enemies":"animator:HornedBat","floor":30,"turns":5},{"damage":0,"enemies":"Snake Plant","floor":31,"turns":4},{"damage":0,"enemies":"hubris:MusketHawk","floor":33,"turns":5},{"damage":0,"enemies":"3 Darklings","floor":35,"turns":4},{"damage":0,"enemies":"Giant Head","floor":41,"turns":6},{"damage":0,"enemies":"Reptomancer","floor":47,"turns":5},{"damage":0,"enemies":"Orb Walker","floor":48,"turns":3},{"damage":0,"enemies":"Awakened One","floor":50,"turns":7},{"damage":0,"enemies":"hubris:GrandSnecko","floor":51,"turns":6},{"damage":0,"enemies":"animator:UNNAMED_CULTIST_1","floor":55,"turns":7},{"damage":12,"enemies":"animator:TRIPLE_SHAPES_WEAK","floor":56,"turns":5},{"damage":33,"enemies":"animator:LARGE_CUBE","floor":60,"turns":6},{"damage":7,"enemies":"animator:UNNAMED_CULTIST_2","floor":61,"turns":6},{"damage":16,"enemies":"animator:ULTIMATE_WISP","floor":64,"turns":6},{"damage":27,"enemies":"animator:ULTIMATE_CRYSTAL","floor":68,"turns":5},{"damage":32,"enemies":"animator:ULTIMATE_CUBE","floor":69,"turns":6},{"damage":94,"enemies":"animator:TheUnnamed","floor":70,"turns":5}],"seed_played":"-7323065447640900497","potions_obtained":[{"floor":6.0,"key":"Swift Potion"},{"floor":11.0,"key":"animator:GrowthPotion"},{"floor":16.0,"key":"Energy Potion"},{"floor":24.0,"key":"Swift Potion"},{"floor":30,"key":"Dexterity Potion"},{"floor":33,"key":"PowerPotion"},{"floor":36,"key":"Dexterity Potion"},{"floor":55,"key":"animator:FalseLifePotion"},{"floor":56,"key":"animator:FalseLifePotion"},{"floor":60,"key":"animator:FalseLifePotion"},{"floor":61,"key":"animator:FalseLifePotion"},{"floor":64,"key":"animator:FalseLifePotion"},{"floor":68,"key":"animator:FalseLifePotion"},{"floor":69,"key":"animator:FalseLifePotion"}],"is_trial":false,"path_per_floor":["M","T","?","T","$","E","M","M","T","$","M","R","E","?","R","B",null,"M","?","$","?","T","R","E","?","T","E","R","M","E","M","R","B",null,"M","?","T","T","$","R","E","R","T","?","$","$","E","M","R","B","B",null,"R","??","M","M","T","?","$","M","M","?","$","E","T","?","$","E","E","B"],"character_chosen":"THE_ANIMATOR","items_purchased":["animator:MaesHughes","animator:WinryRockbell","Blood Vial","animator:Saitama","animator:WinryRockbell","relicPack:SpireResearchBook","animator:Arpeggio","animator:Tatsumaki","animator:Megunee","animator:Arpeggio","animator:Arpeggio","animator:Hitei","animator:AncientMedallion","animator:AncientMedallion","animator:Hitei","animator:QuestionMark"],"campfire_rested":0,"item_purchase_floors":[5,5,5,10,10,10,20,20,20,39,45,46,59,59,63,67],"current_hp_per_floor":[500,500,500,500,500,492,489,491,491,491,484,493,492,317,326,161,416,415,415,415,1,1,1,1,1,1,1,1,1,1,1,1,1,1,1,1,1,1,1,1,1,1,1,1,1,1,1,1,1,1,1,1,1,91,91,90,90,90,90,70,80,80,80,76,76,88,88,65,60,0,0],"gold":439,"neow_bonus":"RANDOM_COMMON_RELIC","is_daily":false,"chose_seed":false,"campfire_upgraded":8,"win_rate":0.0,"timestamp":1612602303,"path_taken":["M","?","?","?","$","E","M","M","T","$","M","R","E","?","R","BOSS","M","?","$","?","?","R","E","?","T","E","R","M","E","M","R","BOSS","M","?","?","?","$","R","E","R","T","?","?","$","E","M","R","BOSS","BOSS","R","??","M","M","T","?","$","M","M","?","$","E","T","?","$","E","E","BOSS"],"items_purchased_type":["Card","Card","Relic","Card","Card","Relic","Card","Card","Card","Card","Card","Card","Relic","Relic","Card","Card"],"build_version":"2020-12-22","purchased_purges":5,"victory":false,"max_hp_per_floor":[500,500,500,500,500,500,501,501,501,501,501,501,501,501,501,501,501,501,501,501,1,1,1,1,1,1,1,1,1,1,1,1,1,1,1,1,1,1,1,1,1,1,1,1,1,1,1,1,1,1,1,1,1,91,91,91,91,91,91,91,92,92,92,92,92,92,92,92,92,92,92],"card_choices":[{"not_picked":["animator:Mikaela","animator:KrulTepes","animator:CrowleyEusford"],"picked":"SKIP","floor":1.0},{"not_picked":["animator:Togame","animator:Shichika"],"picked":"animator:Scar","floor":6.0},{"not_picked":["animator:Gluttony","animator:MetalKnight"],"picked":"animator:Sloth","floor":7.0},{"not_picked":["animator:ElricEdward","animator:Sloth"],"picked":"animator:Scar","floor":8.0},{"not_picked":["animator:AcuraTooru","animator:Kuribayashi","animator:UneriGinkaku"],"picked":"SKIP","floor":11.0},{"not_picked":["animator:AcuraTooru","animator:Nanami","animator:Shinoa"],"picked":"SKIP","floor":13.0},{"not_picked":["animator:PinaCoLada","animator:Albedo"],"picked":"animator:Ainz","floor":16.0},{"not_picked":["animator:YaoHaDucy","animator:KrulTepes+1","animator:Shalltear"],"picked":"SKIP","floor":18.0},{"not_picked":["animator:Gluttony+1","animator:MaesHughes+1"],"picked":"animator:Pride+1","floor":24.0},{"not_picked":["animator:ElricEdward","animator:Sonic+1","animator:Bozes"],"picked":"SKIP","floor":27.0},{"not_picked":["animator:Demiurge+1","animator:UneriGinkaku+1"],"picked":"animator:SilverFang+1","floor":29},{"not_picked":["animator:Hitei","animator:RoryMercury"],"picked":"animator:NarberalGamma+1","floor":30},{"not_picked":["animator:ChaikaTrabant","animator:ItamiYouji"],"picked":"animator:Saitama+1","floor":33},{"not_picked":["animator:Pride+1","animator:YaoHaDucy+1"],"picked":"animator:ElricAlphonse+1","floor":35},{"not_picked":["animator:Mitsuba","animator:Evileye+1"],"picked":"animator:WinryRockbell","floor":41},{"not_picked":["animator:ChaikaBohdan","animator:Fredrika+1","animator:Gillette"],"picked":"SKIP","floor":47},{"not_picked":["animator:Sloth","animator:Gluttony+1"],"picked":"animator:WinryRockbell","floor":48},{"not_picked":["animator:Cocytus","animator:Viivi"],"picked":"animator:Boros","floor":55},{"not_picked":["animator:Viivi","animator:Evileye","animator:TsurugaMeisai"],"picked":"SKIP","floor":56},{"not_picked":["animator:Yoichi","animator:Yuuichirou","animator:Sebas"],"picked":"SKIP","floor":60},{"not_picked":["animator:AcuraAkari+1","animator:RoyMustang","animator:Layla"],"picked":"SKIP","floor":61},{"not_picked":["animator:AcuraAkari+1","animator:Layla"],"picked":"animator:RoyMustang","floor":61},{"not_picked":["animator:MaesHughes","animator:Konayuki+1","animator:ZankiKiguchi"],"picked":"SKIP","floor":64},{"not_picked":["animator:MaesHughes","animator:Konayuki+1","animator:ZankiKiguchi"],"picked":"SKIP","floor":64},{"not_picked":["animator:Emonzaemon","animator:Sebas"],"picked":"animator:Melzalgald+1","floor":68},{"not_picked":["animator:RoyMustang","animator:Kuribayashi","animator:YaoHaDucy"],"picked":"SKIP","floor":69}],"player_experience":827521,"relics_obtained":[{"floor":4.0,"key":"Boot"},{"floor":6.0,"key":"Eternal Feather"},{"floor":9.0,"key":"Tiny Chest"},{"floor":13.0,"key":"Juzu Bracelet"},{"floor":22.0,"key":"Art of War"},{"floor":24.0,"key":"Toxic Egg 2"},{"floor":26.0,"key":"hubris:SlimyHat"},{"floor":27.0,"key":"Bag of Marbles"},{"floor":30,"key":"Bag of Preparation"},{"floor":37,"key":"Pantograph"},{"floor":38,"key":"hubris:TenFootPole"},{"floor":41,"key":"Orichalcum"},{"floor":43,"key":"animator:OldCoffin"},{"floor":47,"key":"Centennial Puzzle"},{"floor":54,"key":"animator:TheEruzaStone"},{"floor":54,"key":"animator:AncientMedallion"},{"floor":57,"key":"animator:AncientMedallion"},{"floor":64,"key":"animator:AncientMedallion"},{"floor":65,"key":"animator:AncientMedallion"},{"floor":68,"key":"animator:AncientMedallion"},{"floor":69,"key":"animator:AncientMedallion"}],"event_choices":[{"cards_removed":["animator:Strike"],"damage_healed":0.0,"max_hp_gain":0.0,"max_hp_loss":0.0,"gold_gain":0.0,"event_name":"Living Wall","player_choice":"Forget","floor":3.0,"gold_loss":0.0,"damage_taken":0.0},{"damage_healed":0.0,"max_hp_gain":0.0,"max_hp_loss":0.0,"gold_gain":0.0,"event_name":"Golden Idol","player_choice":"Take Damage","floor":14.0,"gold_loss":0.0,"damage_taken":175.0,"relics_obtained":["Golden Idol"]},{"damage_healed":0.0,"max_hp_gain":0.0,"max_hp_loss":0.0,"gold_gain":0.0,"event_name":"Forgotten Altar","player_choice":"Gave Idol","floor":19.0,"relics_lost":["Golden Idol"],"gold_loss":0.0,"damage_taken":0.0,"relics_obtained":["Bloody Idol"]},{"damage_healed":0.0,"max_hp_gain":0.0,"max_hp_loss":0.0,"gold_gain":0.0,"event_name":"Accursed Blacksmith","player_choice":"Forge","floor":25.0,"gold_loss":0.0,"damage_taken":0.0,"cards_upgraded":["animator:Megunee"]},{"damage_healed":0,"gold_gain":0,"player_choice":"Got Potions","damage_taken":0,"max_hp_gain":0,"max_hp_loss":0,"event_name":"Lab","floor":36,"gold_loss":0}],"is_beta":false,"boss_relics":[{"not_picked":["Tiny House","hubris:BlackHole"],"picked":"hubris:Backtick"},{"not_picked":["Mark of Pain","relicPack:KazumaCape"],"picked":"SacredBark"}],"items_purged_floors":[5,10,20,39,45],"is_endless":false,"potions_floor_spawned":[6,11,16,24,30,31,33,47,60,61,64],"killed_by":"animator:TheUnnamed","ascension_level":20}}