{"host":"artti7o26te9gn1a","time":1612635059,"event":{"mods":["AchievementEnabler","BaseMod","Beaked The Cultist","BetterRewards","Downfall","Minty Spire (QoL Compilation)","StSLib","Trackpad"],"gold_per_floor":[113,188,188,200,31,66,66,92,145,14,46,46,61,74,74,74,74],"floor_reached":16,"language":"ENG","playtime":387,"items_purged":["Strike_R"],"score":272,"play_id":"072b16ac-5e5c-4aa6-8b38-6a1ec72ba738","local_time":"20210206191059","is_ascension_mode":true,"campfire_choices":[{"data":"Armaments","floor":7,"key":"SMITH"},{"data":"Rage","floor":12,"key":"SMITH"},{"data":"Heavy Blade","floor":15,"key":"SMITH"}],"circlet_count":0,"master_deck":["AscendersBane","Strike_R","Strike_R","Strike_R","Strike_R","Defend_R","Defend_R+1","Defend_R+1","Defend_R","Bash+1","Cleave","Reaper","Armaments+1","Rage+1","Anger","Heavy Blade+1"],"relics":["Burning Blood","NeowsBlessing","Orichalcum","War Paint","trackpad:CultistFigurine","Regal Pillow"],"acts_visited":["Exordium"],"potions_floor_usage":[],"damage_taken":[{"damage":0,"enemies":"2 Louse","floor":1,"turns":1},{"damage":0,"enemies":"Cultist","floor":4,"turns":1},{"damage":0,"enemies":"3 Sentries","floor":6,"turns":1},{"damage":20,"enemies":"Gremlin Nob","floor":8,"turns":4},{"damage":18,"enemies":"Lagavulin","floor":11,"turns":7},{"damage":4,"enemies":"Small Slimes","floor":13,"turns":3},{"damage":0,"enemies":"2 Fungi Beasts","floor":14,"turns":3},{"damage":69,"enemies":"The Guardian","floor":16,"turns":12}],"seed_played":"4512547241070072354","potions_obtained":[{"floor":11,"key":"SneckoOil"},{"floor":13,"key":"hexamod:SoulburnPotion"}],"is_trial":false,"path_per_floor":["M","?","?","M","$","E","R","E","T","$","E","R","M","M","R","B"],"character_chosen":"IRONCLAD","items_purchased":["Reaper","Anger"],"campfire_rested":0,"item_purchase_floors":[5,10],"current_hp_per_floor":[74,63,63,69,69,75,75,61,61,61,56,56,58,64,64,0,0],"gold":74,"neow_bonus":"THREE_ENEMY_KILL","is_daily":false,"chose_seed":false,"campfire_upgraded":3,"win_rate":0.0,"timestamp":1612635059,"path_taken":["M","?","?","M","$","E","R","E","T","$","E","R","M","?","R","BOSS"],"items_purchased_type":["Card","Card"],"build_version":"2020-12-22","purchased_purges":1,"victory":false,"max_hp_per_floor":[75,75,75,75,75,75,75,75,75,75,75,75,75,75,75,75,75],"card_choices":[{"not_picked":["Thunderclap","Feel No Pain"],"picked":"Cleave","floor":1},{"not_picked":["Iron Wave","Blood for Blood","Heavy Blade"],"picked":"SKIP","floor":4},{"not_picked":["Rupture","Sever Soul"],"picked":"Armaments","floor":6},{"not_picked":["Whirlwind","Warcry"],"picked":"Rage","floor":8},{"not_picked":["Perfected Strike","True Grit"],"picked":"Heavy Blade","floor":11},{"not_picked":["Iron Wave","Perfected Strike","Fire Breathing"],"picked":"SKIP","floor":13},{"not_picked":["Perfected Strike","Reckless Charge","Fiend Fire"],"picked":"SKIP","floor":14}],"player_experience":777363,"relics_obtained":[{"floor":6,"key":"Orichalcum"},{"floor":8,"key":"War Paint"},{"floor":9,"key":"trackpad:CultistFigurine"},{"floor":11,"key":"Regal Pillow"}],"event_choices":[{"damage_healed":0,"gold_gain":75,"player_choice":"Gather Gold","damage_taken":11,"max_hp_gain":0,"max_hp_loss":0,"event_name":"World of Goop","floor":2,"gold_loss":0},{"damage_healed":0,"gold_gain":0,"player_choice":"Upgraded","damage_taken":0,"max_hp_gain":0,"max_hp_loss":0,"event_name":"Upgrade Shrine","floor":3,"gold_loss":0,"cards_upgraded":["Bash"]}],"is_beta":false,"boss_relics":[],"items_purged_floors":[10],"is_endless":false,"potions_floor_spawned":[11,13],"killed_by":"The Guardian","ascension_level":18}}