{"host":"1ooxfz79hmpvpehx","time":1612618710,"event":{"mods":["BaseMod","Minty Spire (QoL Compilation)","Quick Restart","Replay The Spire","StSLib","SuperFastMode"],"gold_per_floor":[115,189,189,114,114,114,14,30,53,53,53,53,64,92,92,189,189,206,81,95,95,95,110,110],"floor_reached":23,"language":"ENG","playtime":509,"items_purged":["Strike_B","Defend_B","Strike_B+1"],"score":185,"play_id":"f5d90dfa-98f2-41b0-ac13-b7812eb1053f","local_time":"20210206103830","is_ascension_mode":false,"campfire_choices":[{"floor":6,"key":"DIG"},{"floor":10,"key":"DIG"},{"floor":12,"key":"DIG"},{"floor":15,"key":"DIG"}],"circlet_count":0,"master_deck":["Defend_B+1","Zap","Dualcast+1","Streamline","Buffer","White Noise","Hallucinations"],"relics":["Cracked Core","Shovel","Matryoshka","Boot","ReplayTheSpireMod:TigerMarble","Simple Rune","Strawberry","Replay:Antivirus Software","Replay:PocketPolymizer","Dream Catcher","Replay:Drink Me","Ring of Fury","ReplayTheSpireMod:Ring of Challenge"],"acts_visited":["Exordium","TheCity"],"potions_floor_usage":[20,23,23],"damage_taken":[{"damage":1,"enemies":"Cultist","floor":1,"turns":3},{"damage":6,"enemies":"Jaw Worm","floor":8,"turns":2},{"damage":1,"enemies":"Small Slimes","floor":13,"turns":2},{"damage":60,"enemies":"Gremlin Nob","floor":14,"turns":7},{"damage":8,"enemies":"Slime Boss","floor":16,"turns":7},{"damage":5,"enemies":"Chosen","floor":18,"turns":4},{"damage":20,"enemies":"Spheric Guardian","floor":20,"turns":4},{"damage":179,"enemies":"Slavers","floor":23,"turns":4}],"seed_played":"3249529071798319289","potions_obtained":[{"floor":1,"key":"FairyPotion"},{"floor":16,"key":"Cursed Concoction"},{"floor":18,"key":"LiquidMemories"},{"floor":20,"key":"FocusPotion"}],"is_trial":false,"path_per_floor":["M","T","?","$","?","R","$","M","T","R","$","R","M","E","R","B",null,"M","$","M","?","?","E"],"character_chosen":"DEFECT","items_purchased":[],"campfire_rested":0,"item_purchase_floors":[],"current_hp_per_floor":[53,53,46,46,46,46,46,40,40,47,47,47,46,24,24,16,62,57,57,37,37,57,0,0],"gold":110,"neow_bonus":"ONE_RARE_RELIC","is_daily":false,"chose_seed":false,"campfire_upgraded":0,"win_rate":0.0,"timestamp":1612618710,"path_taken":["M","?","?","$","?","R","$","M","T","R","?","R","M","E","R","BOSS","M","$","M","?","?","E"],"items_purchased_type":[],"build_version":"2020-12-22","purchased_purges":3,"victory":false,"max_hp_per_floor":[75,75,75,75,75,75,75,75,75,82,82,82,82,82,82,82,62,62,62,62,62,62,62,62],"card_choices":[{"not_picked":["Undo","BasicCrystalCard","Recycle"],"picked":"SKIP","floor":1},{"not_picked":["FTL","Ball Lightning"],"picked":"Streamline","floor":8},{"not_picked":["Storm","Stack","Sweeping Beam"],"picked":"SKIP","floor":13},{"not_picked":["Sweeping Beam","Compile Driver","Hologram"],"picked":"SKIP","floor":14},{"not_picked":["Rainbow","ReplayRNGCard"],"picked":"Buffer","floor":16},{"not_picked":["Steam","Leap","Hologram+1"],"picked":"SKIP","floor":18},{"not_picked":["Leap","Panic Button+1"],"picked":"White Noise","floor":20}],"player_experience":17620,"relics_obtained":[{"floor":2,"key":"Matryoshka"},{"floor":6,"key":"Boot"},{"floor":9,"key":"ReplayTheSpireMod:TigerMarble"},{"floor":9,"key":"Simple Rune"},{"floor":10,"key":"Strawberry"},{"floor":12,"key":"Replay:Antivirus Software"},{"floor":14,"key":"Replay:PocketPolymizer"},{"floor":15,"key":"Dream Catcher"},{"floor":21,"key":"Ring of Fury"},{"floor":21,"key":"ReplayTheSpireMod:Ring of Challenge"}],"event_choices":[{"cards_removed":["Defend_B"],"damage_healed":0,"gold_gain":0,"player_choice":"Card Removal","damage_taken":7,"max_hp_gain":0,"max_hp_loss":0,"event_name":"Golden Wing","floor":3,"gold_loss":0},{"damage_healed":20,"gold_gain":0,"player_choice":"Heal","damage_taken":0,"max_hp_gain":0,"max_hp_loss":0,"event_name":"The Library","floor":22,"gold_loss":0}],"is_beta":false,"boss_relics":[{"not_picked":["Sozu","Replay:Grab Bag"],"picked":"Replay:Drink Me"}],"items_purged_floors":[4,7,19],"is_endless":false,"potions_floor_spawned":[1,16,18,20],"killed_by":"Slavers","ascension_level":0}}