{"host":"w0w6pulqqtqvk313","time":1612647845,"event":{"mods":["BaseMod","Downfall","Hermit","Marisa????????","Minty Spire (QoL Compilation)","READ ME - Snecko Mod","Shop Mod","StSLib","The Blackbeard","The Bug Knight","The Disciple","The Jungle","The Necromancer","The Servant 0.9.4","The Witch"],"gold_per_floor":[99,109,19,19,4,4,4,79,97,110,171,188,188,205,224,327,327,327,343,343,356,285,298,298,298,328,338,363,166,166,181,197,294,294,294,314,332,349,349,677,677,377,98,98,98,152,15,65,76,76,76,109,109,109,109,109,109,109],"floor_reached":56,"language":"SPA","playtime":5661,"items_purged":[],"score":832,"play_id":"c4e96fbb-24d9-4a80-bae6-50dbb7271dd2","local_time":"20210206224405","is_ascension_mode":false,"campfire_choices":[{"floor":1,"key":"RECALL"},{"data":"Slimebound:ItLooksTasty","floor":18,"key":"SMITH"},{"floor":25,"key":"REST"},{"floor":30,"key":"REST"},{"data":"expansioncontent:QuickStudy","floor":35,"key":"SMITH"},{"data":"1","floor":42,"key":"LIFT"},{"data":"2","floor":44,"key":"LIFT"},{"floor":54,"key":"REST"}],"circlet_count":0,"master_deck":["Slimebound:Strike_Slimebound","Slimebound:Strike_Slimebound","Slimebound:Tackle","Slimebound:Defend_Slimebound","Slimebound:Defend_Slimebound","Slimebound:Defend_Slimebound","Slimebound:Defend_Slimebound","Slimebound:Split","Slimebound:CorrosiveSpit+1","Slimebound:Schlurp","Slimebound:ItLooksTasty+1","Slimebound:AcidTongue","Slimebound:LivingWall+1","Slimebound:SplitAcid","Slimebound:LeechingTouch","Slimebound:SplitLeeching+1","Slimebound:FormOfPuddle","Slimebound:MegaLick","Slimebound:SplitMire","Slimebound:Dissolve","Slimebound:SlimeBarrage+1","Slimebound:LevelUp","Slimebound:Gluttony","Slimebound:RollThrough","Slimebound:GoopSpray+1","Slimebound:HauntingLick","Slimebound:Equalize","expansioncontent:QuickStudy+1","Slimebound:MegaLick","Slimebound:SplitBruiser","Slimebound:GoopTackle","Slimebound:RallyTheTroops","Slimebound:Repurpose","Slimebound:SplitAcid+1","Slimebound:LeechEnergy+1","Slimebound:Darklings","Slimebound:LevelUp","Slimebound:SplitAcid+1","Slimebound:Gluttony","Slimebound:SamplingLick","expansioncontent:QuickStudy+1","Slimebound:Gluttony+1","Slimebound:Overexert","Slimebound:RejuvenatingLick"],"relics":["Slimebound:AbsorbEndCombat","Ancient Tea Set","Pocketwatch","Meat on the Bone","Black Star","The Courier","FossilizedHelix","Lizard Tail","Letter Opener","HornCleat","Anchor","bronze:MakeshiftBattery","Girya","Old Coin","Incense Burner","downfall:HeartBlessingBlue","downfall:HeartBlessingGreen","downfall:HeartBlessingRed","Strange Spoon","Art of War","War Paint","Omamori","Juzu Bracelet","TungstenRod","Torii","Calipers","Ginger"],"acts_visited":["Exordium","TheCity","TheBeyond","TheEnding"],"potions_floor_usage":[22,26,26,26,28,28,28,32,33,33,40,50,50],"damage_taken":[{"damage":13,"enemies":"Small Slimes","floor":2,"turns":3},{"damage":0,"enemies":"downfall:FleeingMerchant","floor":3,"turns":4},{"damage":11,"enemies":"downfall:FleeingMerchant","floor":5,"turns":4},{"damage":0,"enemies":"2 Louse","floor":9,"turns":2},{"damage":0,"enemies":"Cultist","floor":10,"turns":3},{"damage":15,"enemies":"Gremlin Nob","floor":11,"turns":3},{"damage":5,"enemies":"Exordium Thugs","floor":12,"turns":4},{"damage":1,"enemies":"2 Fungi Beasts","floor":14,"turns":3},{"damage":9,"enemies":"Exordium Wildlife","floor":15,"turns":4},{"damage":0,"enemies":"SI_SHIV_ARCHETYPE","floor":16,"turns":6},{"damage":0,"enemies":"Chosen","floor":19,"turns":4},{"damage":17,"enemies":"Shell Parasite","floor":21,"turns":5},{"damage":17,"enemies":"downfall:FleeingMerchant","floor":22,"turns":4},{"damage":24,"enemies":"Snake Plant","floor":23,"turns":5},{"damage":38,"enemies":"Slavers","floor":26,"turns":6},{"damage":19,"enemies":"Centurion and Healer","floor":27,"turns":6},{"damage":11,"enemies":"Book of Stabbing","floor":28,"turns":5},{"damage":5,"enemies":"downfall:FleeingMerchant","floor":29,"turns":4},{"damage":9,"enemies":"Shelled Parasite and Fungi","floor":31,"turns":5},{"damage":10,"enemies":"Cultist and Chosen","floor":32,"turns":6},{"damage":11,"enemies":"WA_ARCHETYPE_CALM","floor":33,"turns":7},{"damage":0,"enemies":"3 Shapes","floor":36,"turns":3},{"damage":14,"enemies":"3 Darklings","floor":37,"turns":5},{"damage":0,"enemies":"4 Shapes","floor":38,"turns":3},{"damage":60,"enemies":"Nemesis","floor":40,"turns":7},{"damage":6,"enemies":"downfall:FleeingMerchant","floor":43,"turns":3},{"damage":1,"enemies":"2 Orb Walkers","floor":46,"turns":4},{"damage":0,"enemies":"2 Orb Walkers","floor":48,"turns":5},{"damage":0,"enemies":"Spire Growth","floor":49,"turns":3},{"damage":25,"enemies":"IC_BLOCK_ARCHETYPE","floor":50,"turns":9},{"damage":54,"enemies":"downfall:CharBossMerchant","floor":52,"turns":8},{"damage":32,"enemies":"downfall:NeowBoss","floor":55,"turns":15},{"damage":211,"enemies":"downfall:NeowBossFinal","floor":56,"turns":14}],"seed_played":"-7745495467448324842","potions_obtained":[{"floor":9,"key":"SneckoOil"},{"floor":10,"key":"Block Potion"},{"floor":11,"key":"EntropicBrew"},{"floor":23,"key":"EntropicBrew"},{"floor":26,"key":"Strength Potion"},{"floor":32,"key":"Swift Potion"},{"floor":33,"key":"FairyPotion"},{"floor":38,"key":"Dexterity Potion"},{"floor":40,"key":"SpeedPotion"}],"is_trial":false,"path_per_floor":["R","M","$","?","$","?","T","?","M","M","?","M","T","M","M","B",null,"R","M","?","M","$","M","T","R","E","M","E","$","R","M","M","B",null,"R","M","M","M","?","E","T","R","$","R","$","?","$","?","M","B",null,"E","$","R","B","B"],"character_chosen":"SLIMEBOUND","items_purchased":["Slimebound:AcidTongue","Slimebound:LevelUp","expansioncontent:QuickStudy","Slimebound:MegaLick","Strange Spoon","Slimebound:Gluttony","Art of War","War Paint","Omamori","Juzu Bracelet","expansioncontent:QuickStudy+1"],"campfire_rested":3,"item_purchase_floors":[3,22,29,29,43,43,43,43,43,43,47],"current_hp_per_floor":[65,54,60,35,28,28,28,28,32,36,27,40,40,43,38,46,65,65,65,65,50,39,33,33,52,30,29,34,33,52,59,55,52,65,65,65,63,65,65,33,33,43,41,41,41,44,44,56,64,55,75,35,35,57,45,0,0,0],"gold":109,"neow_bonus":"UPGRADE_CARD","is_daily":false,"chose_seed":false,"campfire_upgraded":2,"win_rate":0.0,"timestamp":1612647845,"path_taken":["R","M","$","?","$","?","T","?","M","M","?","M","?","M","M","BOSS","R","M","?","M","$","?","T","R","E","?","E","$","R","M","M","BOSS","R","M","M","M","?","E","T","R","$","R","$","?","?","?","M","BOSS","E","$","R","BOSS","BOSS"],"items_purchased_type":["Card","Card","Card","Card","Relic","Card","Relic","Relic","Relic","Relic","Card"],"build_version":"2020-12-22","purchased_purges":0,"victory":false,"max_hp_per_floor":[65,65,65,65,65,65,65,65,65,65,65,65,65,65,65,65,65,65,65,65,65,65,65,65,65,65,65,65,65,65,65,65,65,65,65,65,65,65,65,65,65,75,75,75,75,75,75,75,75,75,75,75,75,75,75,75,75,75],"card_choices":[{"not_picked":["Slimebound:LivingWall","Slimebound:ComboTackle"],"picked":"Slimebound:Schlurp","floor":2},{"not_picked":["Slimebound:FinishingTackle","Slimebound:ComboTackle"],"picked":"Slimebound:ItLooksTasty","floor":3},{"not_picked":["Slimebound:GoopTackle","Slimebound:ForwardTackle"],"picked":"Slimebound:LivingWall","floor":5},{"not_picked":["Slimebound:Schlurp","Slimebound:ItLooksTasty"],"picked":"Slimebound:SplitAcid","floor":9},{"not_picked":["Slimebound:SlimeSlap","Slimebound:SplitAcid"],"picked":"Slimebound:LeechingTouch","floor":10},{"not_picked":["Slimebound:FinishingTackle","Slimebound:GoopTackle"],"picked":"Slimebound:SplitLeeching","floor":12},{"not_picked":["Slimebound:SlimeSpikes","Slimebound:SplitBruiser"],"picked":"Slimebound:FormOfPuddle","floor":14},{"not_picked":["Slimebound:SplitBruiser","Slimebound:ItLooksTasty"],"picked":"Slimebound:MegaLick","floor":15},{"not_picked":["Slimebound:PrepareCrush","Slimebound:SelfFormingGoo"],"picked":"Slimebound:MassRepurpose","floor":16},{"not_picked":["Slimebound:Prepare+1","Slimebound:ItLooksTasty+1"],"picked":"Slimebound:SplitMire","floor":19},{"not_picked":["Slimebound:Schlurp","Slimebound:LivingWall"],"picked":"Slimebound:Dissolve","floor":21},{"not_picked":["Slimebound:SlimeSpikes","Slimebound:ItLooksTasty"],"picked":"Slimebound:SlimeBarrage+1","floor":22},{"not_picked":["Slimebound:Schlurp","Slimebound:LivingWall"],"picked":"Slimebound:Gluttony","floor":23},{"not_picked":["Slimebound:ItLooksTasty","Slimebound:FormOfPuddle+1"],"picked":"Slimebound:RollThrough","floor":26},{"not_picked":["Slimebound:SlimeSlap","Slimebound:Gluttony"],"picked":"Slimebound:GoopSpray+1","floor":27},{"not_picked":["Slimebound:PressTheAttack","Slimebound:LivingWall"],"picked":"Slimebound:HauntingLick","floor":28},{"not_picked":["Slimebound:SplitAcid","Slimebound:RallyTheTroops"],"picked":"Slimebound:Equalize","floor":29},{"not_picked":["Slimebound:ItLooksTasty","Slimebound:ForwardTackle"],"picked":"Slimebound:SplitBruiser","floor":31},{"not_picked":["Slimebound:Prepare","Slimebound:BestDefense"],"picked":"Slimebound:GoopTackle","floor":32},{"not_picked":["Slimebound:FirmFortitude","Slimebound:OneTwoCombo"],"picked":"Slimebound:RallyTheTroops","floor":33},{"not_picked":["Slimebound:Nibble","Slimebound:FormOfPuddle"],"picked":"Slimebound:Repurpose","floor":36},{"not_picked":["Slimebound:SlimeSpikes","Slimebound:LivingWall"],"picked":"Slimebound:SplitAcid+1","floor":37},{"not_picked":["Slimebound:Nibble+1","Slimebound:GoopTackle+1"],"picked":"Slimebound:LeechEnergy+1","floor":38},{"not_picked":["Slimebound:Nibble+1","Slimebound:SlimeBrawl"],"picked":"Slimebound:LevelUp","floor":40},{"not_picked":["Slimebound:SlimeTap","Slimebound:GoopSpray"],"picked":"Slimebound:SplitAcid+1","floor":43},{"not_picked":["Slimebound:SplitLeeching","Slimebound:LeechingTouch+1"],"picked":"Slimebound:SamplingLick","floor":46},{"not_picked":["Slimebound:SplitAcid+1","Slimebound:SplitLeeching"],"picked":"Slimebound:Gluttony+1","floor":48},{"not_picked":["Slimebound:LeechingTouch","Slimebound:BestDefense"],"picked":"Slimebound:Overexert","floor":49},{"not_picked":["Slimebound:SlimeBrawl","Slimebound:ForwardTackle"],"picked":"Slimebound:RejuvenatingLick","floor":52}],"player_experience":135117,"relics_obtained":[{"floor":7,"key":"Pocketwatch"},{"floor":11,"key":"Meat on the Bone"},{"floor":20,"key":"The Courier"},{"floor":24,"key":"FossilizedHelix"},{"floor":26,"key":"Lizard Tail"},{"floor":26,"key":"Letter Opener"},{"floor":28,"key":"HornCleat"},{"floor":28,"key":"Anchor"},{"floor":40,"key":"Girya"},{"floor":40,"key":"Old Coin"},{"floor":41,"key":"Incense Burner"},{"floor":46,"key":"TungstenRod"},{"floor":48,"key":"Torii"},{"floor":52,"key":"Calipers"},{"floor":52,"key":"Ginger"}],"event_choices":[{"damage_healed":0,"gold_gain":0,"player_choice":"Success","damage_taken":25,"relics_obtained":["Ancient Tea Set"],"max_hp_gain":0,"max_hp_loss":0,"event_name":"Scrap Ooze","floor":4,"gold_loss":0},{"damage_healed":0,"gold_gain":0,"player_choice":"Relic","damage_taken":0,"max_hp_gain":0,"max_hp_loss":0,"event_name":"Wheel of Change","floor":20,"gold_loss":0},{"damage_healed":0,"gold_gain":0,"player_choice":"Fight","damage_taken":0,"max_hp_gain":0,"max_hp_loss":0,"event_name":"Mysterious Sphere","floor":46,"gold_loss":0}],"is_beta":false,"boss_relics":[{"not_picked":["Runic Pyramid","Velvet Choker"],"picked":"Black Star"},{"not_picked":["SacredBark","Busted Crown"],"picked":"bronze:MakeshiftBattery"}],"items_purged_floors":[],"is_endless":false,"potions_floor_spawned":[9,10,11,12,23,26,31,32,33,38,40,48],"killed_by":"downfall:NeowBossFinal","ascension_level":0}}