{"host":"u7bb6mvzuirwfcqo","time":1612621116,"event":{"mods":["2.2 Compatiblity","AchievementEnabler","BaseMod","Card Forge","Downfall","Hermit","Minty Spire (QoL Compilation)","Relic Stats","Replay The Spire","StSLib"],"gold_per_floor":[113,113,113,129,148,148,148,164,164,205,205,225,225,264,264,389,389,404,418,418,418,192,192,210,210,510,510,12,27,50,83,83,206,206,225,243,259,259,277,277,301,114,139,157,195,218,14,32,32,32],"floor_reached":51,"language":"ENG","playtime":2963,"items_purged":["Slimebound:Strike_Slimebound"],"score":961,"play_id":"6fe7e710-d9cf-4832-830f-8c7e75d191a3","local_time":"20210206091836","is_ascension_mode":false,"campfire_choices":[{"data":"Slimebound:SplitAcid","floor":6.0,"key":"SMITH"},{"floor":11.0,"key":"REST"},{"floor":13.0,"key":"REST"},{"data":"Slimebound:Overexert","floor":15.0,"key":"SMITH"},{"data":"Slimebound:CorrosiveSpit","floor":23.0,"key":"SMITH"},{"data":"Slimebound:ProtectTheBoss","floor":32.0,"key":"SMITH"},{"data":"Slimebound:SlimeBarrage","floor":40,"key":"SMITH"},{"data":"Slimebound:OneTwoCombo","floor":49,"key":"SMITH"}],"circlet_count":0,"master_deck":["Slimebound:Strike_Slimebound+1","Slimebound:Strike_Slimebound","Slimebound:Tackle+1","Slimebound:Defend_Slimebound","Slimebound:Defend_Slimebound","Slimebound:Defend_Slimebound","Slimebound:Defend_Slimebound","Slimebound:Split+1","Slimebound:CorrosiveSpit+1","Slimebound:LeechEnergy","Slimebound:SplitBruiser+1","Slimebound:SplitAcid+1","Slimebound:Overexert+1","Slimebound:Equalize","Slimebound:SplitBruiser+1","Slimebound:RallyTheTroops","Slimebound:MassFeed","Slimebound:SlimeTap+1","Slimebound:SlimeBarrage+1","Slimebound:LeadByExample","Slimebound:GoopSpray+1","Slimebound:Repurpose+1","Slimebound:ProtectTheBoss+1","Slimebound:SplitAcid+1","Slimebound:Gluttony","Slimebound:MassRepurpose+1","Slimebound:SplitLeeching+1","Slimebound:Prepare+1","Slimebound:Prepare+1","Slimebound:OozeBath+1","Slimebound:FormOfPuddle+1","Slimebound:LivingWall+1","Slimebound:ComboTackle+1","Slimebound:SplitLeeching+1","Slimebound:RallyTheTroops","Slimebound:SplitAcid+1","Slimebound:OneTwoCombo+1"],"relics":["Slimebound:AbsorbEndCombat","Hammer of Thor","Seething Fire","Anvil of the Gods","NeowsBlessing","Golden Idol","Mercury Hourglass","Toxic Egg 2","Shuriken","Honey Jar","Enchiridion","Ring of Hypnosis","Ring of Misfortune","Vajra","Old Coin","Chameleon Ring","Slimebound:SelfDamagePreventRelic","Meat on the Bone","Strawberry","Replay:Bronze Core","Whetstone","Anchor","Centennial Puzzle"],"acts_visited":["Exordium","TheCity","TheBeyond"],"potions_floor_usage":[50,50,50,50],"damage_taken":[{"damage":0.0,"enemies":"Cultist","floor":1.0,"turns":1.0},{"damage":0.0,"enemies":"Jaw Worm","floor":4.0,"turns":1.0},{"damage":3.0,"enemies":"2 Louse","floor":5.0,"turns":1.0},{"damage":15.0,"enemies":"Blue Slaver","floor":8.0,"turns":2.0},{"damage":25.0,"enemies":"3 Sentries","floor":10.0,"turns":3.0},{"damage":18.0,"enemies":"Exordium Wildlife","floor":12.0,"turns":2.0},{"damage":3.0,"enemies":"Gremlin Nob","floor":14.0,"turns":2.0},{"damage":29.0,"enemies":"Fading Forest","floor":16.0,"turns":11.0},{"damage":10.0,"enemies":"Chosen","floor":18.0,"turns":3.0},{"damage":21.0,"enemies":"2 Thieves","floor":19.0,"turns":3.0},{"damage":10.0,"enemies":"Cultist and Chosen","floor":24.0,"turns":3.0},{"damage":15.0,"enemies":"Chosen and Byrds","floor":29.0,"turns":3.0},{"damage":21.0,"enemies":"Snake Plant","floor":30.0,"turns":2.0},{"damage":29.0,"enemies":"Slavers","floor":31.0,"turns":2.0},{"damage":14.0,"enemies":"Pondfish","floor":33.0,"turns":9.0},{"damage":0.0,"enemies":"3 Shapes","floor":35.0,"turns":1.0},{"damage":3.0,"enemies":"3 Darklings","floor":36.0,"turns":3.0},{"damage":10.0,"enemies":"Spire Growth","floor":37.0,"turns":4.0},{"damage":0,"enemies":"Maw","floor":39,"turns":4},{"damage":0,"enemies":"Sphere and 2 Shapes","floor":41,"turns":3},{"damage":0,"enemies":"4 Shapes","floor":44,"turns":3},{"damage":12,"enemies":"Reptomancer","floor":45,"turns":3},{"damage":16,"enemies":"Spire Growth","floor":46,"turns":3},{"damage":3,"enemies":"3 Darklings","floor":48,"turns":3},{"damage":20,"enemies":"Donu and Deca","floor":50,"turns":4}],"seed_played":"2552529466458237192","potions_obtained":[{"floor":1.0,"key":"Milkshake"},{"floor":14.0,"key":"Elixir"},{"floor":16.0,"key":"Dexterity Potion"},{"floor":18.0,"key":"Strength Potion"},{"floor":19.0,"key":"Languid Potion"},{"floor":30.0,"key":"Death Potion"},{"floor":33.0,"key":"Block Potion"}],"is_trial":false,"path_per_floor":["M","?","?","M","M","R","?","M","T","E","R","M","R","E","R","B",null,"M","M","?","?","$","R","M","?","T","T","$","M","M","E","R","B",null,"M","M","M","?","M","R","M","$","T","M","E","M","$","M","R","B",null],"character_chosen":"SLIMEBOUND","items_purchased":["Slimebound:LeadByExample","Vajra","Slimebound:SelfDamagePreventRelic","Slimebound:Repurpose+1","Meat on the Bone","Slimebound:FormOfPuddle+1","Whetstone","Slimebound:RallyTheTroops","Slimebound:SplitAcid+1"],"campfire_rested":2,"item_purchase_floors":[22,22,28,28,28,42,42,47,47],"current_hp_per_floor":[65,49,49,49,46,46,46,33,33,8,27,19,38,35,35,12,65,58,47,31,31,31,31,26,26,26,26,26,50,46,36,36,53,84,84,84,74,74,82,82,84,84,84,84,76,60,60,73,73,61],"gold":32,"neow_bonus":"THREE_ENEMY_KILL","is_daily":false,"chose_seed":false,"campfire_upgraded":6,"win_rate":0.0,"timestamp":1612621116,"path_taken":["M","?","?","M","?","R","?","M","T","E","R","M","R","E","R","BOSS","M","M","?","?","?","R","?","?","T","?","$","M","M","E","R","BOSS","M","M","M","?","M","R","M","$","T","M","E","M","$","?","R","BOSS"],"items_purchased_type":["Card","Relic","Relic","Card","Relic","Card","Relic","Card","Card"],"build_version":"2020-12-22","purchased_purges":1,"victory":true,"max_hp_per_floor":[65,65,65,65,65,65,65,65,65,65,65,65,65,65,65,65,65,68,68,68,68,68,68,71,71,71,71,71,71,74,81,81,84,84,84,84,84,84,84,84,84,84,84,84,84,84,84,84,84,84],"relic_stats":{"Centennial Puzzle":[9],"counters":[25,75],"Golden Idol":172,"Shuriken":[12],"Whetstone":["Slimebound:Tackle","Slimebound:Strike_Slimebound"],"obtain_stats":[{"Slimebound:SelfDamagePreventRelic":28,"NeowsBlessing":0,"Ring of Hypnosis":21,"Golden Idol":2,"Enchiridion":20,"Vajra":22,"Hammer of Thor":0,"Seething Fire":0,"Whetstone":42,"Mercury Hourglass":9,"Old Coin":26,"Anchor":43,"Centennial Puzzle":45,"Chameleon Ring":27,"Anvil of the Gods":0,"Shuriken":14,"Ring of Misfortune":21,"Strawberry":31,"Replay:Bronze Core":34,"Honey Jar":17,"Slimebound:AbsorbEndCombat":0,"Toxic Egg 2":10,"Meat on the Bone":28},{"Slimebound:SelfDamagePreventRelic":11,"NeowsBlessing":0,"Ring of Hypnosis":10,"Golden Idol":1,"Enchiridion":10,"Vajra":10,"Hammer of Thor":0,"Seething Fire":0,"Whetstone":20,"Mercury Hourglass":4,"Old Coin":11,"Anchor":20,"Centennial Puzzle":22,"Chameleon Ring":11,"Anvil of the Gods":0,"Shuriken":7,"Ring of Misfortune":10,"Strawberry":14,"Replay:Bronze Core":15,"Honey Jar":8,"Slimebound:AbsorbEndCombat":0,"Toxic Egg 2":5,"Meat on the Bone":11},{"Slimebound:SelfDamagePreventRelic":30,"NeowsBlessing":0,"Ring of Hypnosis":28,"Golden Idol":1,"Enchiridion":28,"Vajra":28,"Hammer of Thor":0,"Seething Fire":0,"Whetstone":59,"Mercury Hourglass":5,"Old Coin":30,"Anchor":59,"Centennial Puzzle":65,"Chameleon Ring":30,"Anvil of the Gods":0,"Shuriken":12,"Ring of Misfortune":28,"Strawberry":36,"Replay:Bronze Core":45,"Honey Jar":23,"Slimebound:AbsorbEndCombat":0,"Toxic Egg 2":8,"Meat on the Bone":30}],"Mercury Hourglass":[448],"Meat on the Bone":48},"card_choices":[{"not_picked":["Slimebound:BestDefense","Slimebound:HauntingLick"],"picked":"Slimebound:LeechEnergy","floor":1.0},{"not_picked":["Slimebound:Repurpose","Slimebound:Schlurp"],"picked":"Slimebound:SplitBruiser","floor":4.0},{"not_picked":["Slimebound:GoopSpray","Slimebound:SlimeSpikes"],"picked":"Slimebound:SplitAcid","floor":5.0},{"not_picked":["Slimebound:Chomp","Slimebound:LeechingTouch"],"picked":"Slimebound:Overexert","floor":8.0},{"not_picked":["Slimebound:LeechingTouch","Slimebound:ItLooksTasty"],"picked":"Slimebound:Equalize","floor":10.0},{"not_picked":["Slimebound:SlimeBarrage","Slimebound:PressTheAttack"],"picked":"Slimebound:SplitBruiser+1","floor":12.0},{"not_picked":["Slimebound:RejuvenatingLick+1","Slimebound:Replication+1"],"picked":"Slimebound:RallyTheTroops","floor":14.0},{"not_picked":["Slimebound:FirmFortitude+1","Slimebound:OozeBath+1"],"picked":"Slimebound:MassFeed","floor":16.0},{"not_picked":["Slimebound:FinishingTackle","Slimebound:RollThrough","Slimebound:ProtectTheBoss"],"picked":"Slimebound:SlimeTap+1","floor":18.0},{"not_picked":["Slimebound:Dissolve+1","Slimebound:GoopTackle","Slimebound:LeechingTouch"],"picked":"Slimebound:SlimeBarrage","floor":19.0},{"not_picked":["Slimebound:HauntingLick+1","Slimebound:Nibble","Slimebound:ItLooksTasty+1"],"picked":"Slimebound:GoopSpray+1","floor":24.0},{"not_picked":["Slimebound:SplitMire+1","Slimebound:Schlurp+1","Slimebound:Grow"],"picked":"Slimebound:ProtectTheBoss","floor":29.0},{"not_picked":["Slimebound:GoopTackle+1","Slimebound:Chomp","Slimebound:ComboTackle"],"picked":"Slimebound:SplitAcid+1","floor":30.0},{"not_picked":["Slimebound:Chomp","Slimebound:RejuvenatingLick+1","Slimebound:LeechingTouch"],"picked":"Slimebound:Gluttony","floor":31.0},{"not_picked":["Slimebound:SlimeSlap","Slimebound:LeechLife","Slimebound:DuplicatedForm"],"picked":"Slimebound:MassRepurpose+1","floor":33.0},{"not_picked":["Slimebound:Chomp","Slimebound:LeechEnergy+1","Slimebound:SplitAcid+1"],"picked":"Slimebound:SplitLeeching+1","floor":35.0},{"not_picked":["Slimebound:LeechingTouch+1","Slimebound:AcidTongue","Slimebound:SlimeTap+1"],"picked":"Slimebound:Prepare+1","floor":36.0},{"not_picked":["Slimebound:SplitMire+1","Slimebound:SplitLeeching+1","Slimebound:GoopSpray+1","Slimebound:SamplingLick+1"],"picked":"SKIP","floor":37.0},{"not_picked":["Slimebound:TongueLash+1","Slimebound:LeechingTouch+1","Slimebound:AcidTongue"],"picked":"Slimebound:Prepare+1","floor":39},{"not_picked":["Slimebound:ItLooksTasty","Slimebound:SplitMire+1","Slimebound:GoopTackle+1"],"picked":"Slimebound:OozeBath+1","floor":41},{"not_picked":["Slimebound:FinishingTackle+1","Slimebound:SplitMire+1","Slimebound:MegaLick+1"],"picked":"Slimebound:LivingWall+1","floor":44},{"not_picked":["Slimebound:SplitMire+1","Slimebound:Repurpose+1","Slimebound:Dissolve+1"],"picked":"Slimebound:ComboTackle+1","floor":45},{"not_picked":["Slimebound:FlameTackle","Slimebound:Replication+1","Slimebound:Prepare+1"],"picked":"Slimebound:SplitLeeching+1","floor":46},{"not_picked":["Slimebound:Prepare+1","Slimebound:SpikyOuterGoop+1","Slimebound:SplitLeeching+1"],"picked":"Slimebound:OneTwoCombo","floor":48}],"player_experience":10882,"relics_obtained":[{"floor":9.0,"key":"Mercury Hourglass"},{"floor":10.0,"key":"Toxic Egg 2"},{"floor":14.0,"key":"Shuriken"},{"floor":20.0,"key":"Enchiridion"},{"floor":21.0,"key":"Ring of Hypnosis"},{"floor":21.0,"key":"Ring of Misfortune"},{"floor":26.0,"key":"Old Coin"},{"floor":27.0,"key":"Chameleon Ring"},{"floor":31.0,"key":"Strawberry"},{"floor":43,"key":"Anchor"},{"floor":45,"key":"Centennial Puzzle"}],"event_choices":[{"damage_healed":0.0,"max_hp_gain":0.0,"max_hp_loss":0.0,"gold_gain":0.0,"event_name":"Golden Idol","player_choice":"Take Damage","floor":2.0,"gold_loss":0.0,"damage_taken":16.0,"relics_obtained":["Golden Idol"]},{"damage_healed":0.0,"max_hp_gain":0.0,"max_hp_loss":0.0,"gold_gain":0.0,"event_name":"Upgrade Shrine","player_choice":"Upgraded","floor":3.0,"gold_loss":0.0,"damage_taken":0.0,"cards_upgraded":["Slimebound:Split"]},{"damage_healed":0.0,"max_hp_gain":0.0,"max_hp_loss":0.0,"gold_gain":0.0,"event_name":"Living Wall","player_choice":"Grow","floor":7.0,"gold_loss":0.0,"damage_taken":0.0,"cards_upgraded":["Slimebound:SplitBruiser"]},{"damage_healed":0.0,"max_hp_gain":0.0,"max_hp_loss":0.0,"gold_gain":0.0,"event_name":"Cursed Tome","player_choice":"Obtained Book","floor":20.0,"gold_loss":0.0,"damage_taken":16.0},{"damage_healed":0.0,"max_hp_gain":0.0,"max_hp_loss":0.0,"gold_gain":0.0,"event_name":"Beggar","player_choice":"Ignored","floor":25.0,"gold_loss":0.0,"damage_taken":0.0},{"damage_healed":0,"gold_gain":0,"player_choice":"Ignored","damage_taken":0,"max_hp_gain":0,"max_hp_loss":0,"event_name":"Purifier","floor":38,"gold_loss":0}],"is_beta":false,"boss_relics":[{"not_picked":["Runic Pyramid","Ectoplasm"],"picked":"Honey Jar"},{"not_picked":["Replay:Drink Me","Slimebound:TarBlob"],"picked":"Replay:Bronze Core"}],"items_purged_floors":[28],"is_endless":false,"potions_floor_spawned":[1,14,16,18,19,30,33,36,41,45,48],"ascension_level":0}}