{"host":"rq7gz685gkaokql0","time":1612603416,"event":{"mods":["BaseMod","Hubris","Infinite Spire","Minty Spire (QoL Compilation)","Replay The Spire","StSLib"],"gold_per_floor":[116,131,131,145,145,145,170,182,207,282,310,310,344,360,360,431,431,442,442,458,82,82,82,82],"floor_reached":23,"language":"ENG","playtime":1039,"items_purged":[],"score":493,"play_id":"ae361c06-d202-4456-b93a-64f189b764b5","local_time":"20210205232336","is_ascension_mode":true,"campfire_choices":[{"data":"infinitespire:Neurotoxin","floor":6.0,"key":"SMITH"},{"floor":15,"key":"REST"}],"circlet_count":0,"master_deck":["AscendersBane","Defend_G","Defend_G","Defend_G","Defend_G","Defend_G","Survivor","Neutralize","infinitespire:Neurotoxin+1","Dagger Throw","Deadly Poison","Noxious Fumes","Underhanded Strike","Tools of the Trade","Fluid Movement","Deflect","Bane","Fluid Movement","Envenom","hubris:Wrath","hubris:MerchantsHand","Poison Darts","Discovery","infinitespire:Starlight","Bane","Bite","Bite","Bite","Bite","Bite","Terror","ReplayTheSpireMod:IOU","Infinite Blades","Backstab"],"relics":["Ring of the Snake","Ring of Misfortune","Ring of Hypnosis","infinitespire:Beetle Shell","Juzu Bracelet","Replay:Bottled Snecko","hubris:AncientText","ReplayTheSpireMod:SealedPack","Replay:Wax Seal","hubris:Metronome","Enchiridion"],"acts_visited":["Exordium","TheCity"],"potions_floor_usage":[11,11,23],"damage_taken":[{"damage":3.0,"enemies":"infinitespire:Voidling","floor":1.0,"turns":6.0},{"damage":7.0,"enemies":"Jaw Worm","floor":2.0,"turns":4.0},{"damage":0.0,"enemies":"Cultist","floor":4.0,"turns":3.0},{"damage":3.0,"enemies":"3 Sentries","floor":7.0,"turns":8.0},{"damage":9.0,"enemies":"Large Slime","floor":8.0,"turns":6.0},{"damage":13,"enemies":"Gremlin Nob","floor":11,"turns":4},{"damage":0,"enemies":"Lagavulin","floor":13,"turns":5},{"damage":0,"enemies":"2 Fungi Beasts","floor":14,"turns":2},{"damage":27,"enemies":"The Guardian","floor":16,"turns":9},{"damage":21,"enemies":"2 Thieves","floor":18,"turns":4},{"damage":6,"enemies":"Spheric Guardian","floor":20,"turns":3},{"damage":28,"enemies":"Book of Stabbing","floor":23,"turns":4}],"seed_played":"-6246236182267432252","potions_obtained":[{"floor":1.0,"key":"EssenceOfSteel"},{"floor":5.0,"key":"CunningPotion"},{"floor":7.0,"key":"Weak Potion"},{"floor":13,"key":"SteroidPotion"},{"floor":18,"key":"Block Potion"}],"is_trial":false,"path_per_floor":["M","M","?","M","?","R","E","M","T","?","E","?","E","M","R","B",null,"M","?","M","$","?","E"],"character_chosen":"THE_SILENT","items_purchased":["Replay:Wax Seal","hubris:Metronome","Infinite Blades","Backstab"],"campfire_rested":1,"item_purchase_floors":[21,21,21,21],"current_hp_per_floor":[56,49,49,49,49,49,46,37,37,26,13,13,13,13,31,4,46,35,35,36,36,15,0,0],"gold":82,"neow_bonus":"THREE_RARE_CARDS","is_daily":false,"chose_seed":false,"campfire_upgraded":1,"win_rate":0.0,"timestamp":1612603416,"path_taken":["M","?","?","M","?","R","E","?","T","?","E","?","E","M","R","BOSS","M","?","M","$","?","E"],"items_purchased_type":["Relic","Relic","Card","Card"],"build_version":"2020-12-22","purchased_purges":0,"victory":false,"max_hp_per_floor":[60,60,60,60,60,60,60,60,60,60,60,60,60,60,60,60,60,60,42,42,42,42,42,42],"card_choices":[{"not_picked":["Storm of Steel","Unload"],"picked":"infinitespire:Neurotoxin","floor":0.0},{"not_picked":["hubris:SlightOfHand","ReplayTheSpireMod:Speed Training"],"picked":"Dagger Throw","floor":1.0},{"not_picked":["Setup","Dodge and Roll"],"picked":"Deadly Poison","floor":2.0},{"not_picked":["Quick Slash","Flying Knee"],"picked":"Noxious Fumes","floor":4.0},{"not_picked":["Deflect","ReplayTheSpireMod:Scrap Shanks"],"picked":"Underhanded Strike","floor":7.0},{"not_picked":["Caltrops","Outmaneuver"],"picked":"Tools of the Trade","floor":8.0},{"not_picked":["Hidden Blade","Setup"],"picked":"Fluid Movement","floor":11},{"not_picked":["Acrobatics","Slice"],"picked":"Bane","floor":13},{"not_picked":["Underhanded Strike","hubris:SlightOfHand"],"picked":"Fluid Movement","floor":14},{"not_picked":["Phantasmal Killer","Doppelganger"],"picked":"Envenom","floor":16},{"not_picked":["Eruption","Vigilance"],"picked":"hubris:MerchantsHand","floor":17},{"not_picked":["After Image","Glass Knife"],"picked":"Poison Darts","floor":17},{"not_picked":["Mind Blast","Finesse"],"picked":"Discovery","floor":17},{"not_picked":["infinitespire:DeathsTouch","infinitespire:Collect"],"picked":"infinitespire:Starlight","floor":17},{"not_picked":["Sneak Up","Dodge and Roll"],"picked":"Bane","floor":18},{"not_picked":["Distraction","Acrobatics"],"picked":"Terror","floor":20}],"player_experience":1253083,"relics_obtained":[{"floor":3.0,"key":"Ring of Misfortune"},{"floor":3.0,"key":"Ring of Hypnosis"},{"floor":7.0,"key":"infinitespire:Beetle Shell"},{"floor":9.0,"key":"Juzu Bracelet"},{"floor":11,"key":"Replay:Bottled Snecko"},{"floor":13,"key":"hubris:AncientText"},{"floor":22,"key":"Enchiridion"}],"event_choices":[{"damage_healed":0.0,"max_hp_gain":0.0,"max_hp_loss":0.0,"gold_gain":0.0,"event_name":"Lab","player_choice":"Got Potions","floor":5.0,"gold_loss":0.0,"damage_taken":0.0},{"damage_healed":0.0,"max_hp_gain":0.0,"max_hp_loss":0.0,"gold_gain":75.0,"event_name":"World of Goop","player_choice":"Gather Gold","floor":10.0,"gold_loss":0.0,"damage_taken":11.0},{"damage_healed":0,"gold_gain":0,"cards_transformed":["Strike_G"],"player_choice":"Transformed","damage_taken":0,"max_hp_gain":0,"max_hp_loss":0,"event_name":"Transmorgrifier","floor":12,"gold_loss":0,"cards_obtained":["Deflect"]},{"damage_healed":0,"gold_gain":0,"player_choice":"Became a vampire","damage_taken":0,"max_hp_gain":0,"max_hp_loss":18,"event_name":"Vampires","floor":19,"gold_loss":0,"cards_obtained":["Bite","Bite","Bite","Bite","Bite"]},{"damage_healed":0,"gold_gain":0,"player_choice":"Obtained Book","damage_taken":21,"max_hp_gain":0,"max_hp_loss":0,"event_name":"Cursed Tome","floor":22,"gold_loss":0}],"is_beta":false,"boss_relics":[{"not_picked":["Busted Crown","hubris:BlackHole"],"picked":"ReplayTheSpireMod:SealedPack"}],"items_purged_floors":[],"is_endless":false,"potions_floor_spawned":[1,7,8,13,18,20],"killed_by":"Book of Stabbing","ascension_level":20}}