{"host":"i0m6ffz3lpe3z1ky","time":1612651805,"event":{"mods":["Aspiration","BaseMod","Bestiary","BetterRewards","Colored Map","Conspire","Energized Spire","Highlight Path","Hubris","Ironclad Rager","Minty Spire (QoL Compilation)","Quick Restart","Reliquary","Shop Mod","Spicy Shops","StSLib","Thieving Mod"],"gold_per_floor":[117,132,132,143,160,191,191,207,255,281,4,20,20,53,53,127,127,140,60,60,74,86,119,119,149,219,249,260,291,291,304,304,381,381,401,413,438,438,738,765,778,795,795,826,826,836,871,886,886,886,886,886,886,59,94,94],"floor_reached":57,"language":"KOR","playtime":2751,"items_purged":["conspire:Blindness"],"score":4113,"play_id":"42a94cd4-f544-4038-aa74-3e1537a956af","local_time":"20210207075005","is_ascension_mode":true,"campfire_choices":[{"data":"Noxious Fumes","floor":7.0,"key":"SMITH"},{"floor":13.0,"key":"DIG"},{"floor":15.0,"key":"DIG"},{"floor":24.0,"key":"DIG"},{"floor":32.0,"key":"DIG"},{"floor":45.0,"key":"RECALL"},{"data":"Night Terror","floor":49.0,"key":"SMITH"},{"data":"Burst","floor":53.0,"key":"SMITH"}],"circlet_count":0,"master_deck":["AscendersBane","Strike_G+1","Strike_G+1","Strike_G","Strike_G","Defend_G","Defend_G","Defend_G","Defend_G","Defend_G","Survivor","Neutralize","Noxious Fumes+1","Footwork","Noxious Fumes","Adrenaline","Burst+1","Crippling Poison","A Thousand Cuts","Well Laid Plans+1","Night Terror+1","Echo Form","Footwork+1","Catalyst","Noxious Fumes","Self Repair"],"relics":["Ring of the Snake","reliquary:RadioactivePellet","reliquary:BrokenClock","Bronze Scales","reliquary:KillPill","Strawberry","HornCleat","TwistedFunnel","PreservedInsect","reliquary:WeakTea","conspire:TreasureMap","Lee\u0027s Waffle","reliquary:WeakTea","hubris:PeanutButter","Dream Catcher","Shovel","Vajra","reliquary:JackalopeAntler","aspiration:FetidBarrel","The Specimen","Dead Branch","Mango","aspiration:PoetsPen_weak","Snake Skull","OrangePellets","Potion Belt","Lantern","reliquary:Knoch","reliquary:TuningFork","Whetstone","hubris:DisguiseKit","Cursed Key","conspire:Boomerang","Calipers","reliquary:RoseTintedGlasses","Bag of Preparation","MealTicket","Medical Kit","hubris:CuriousFeather","reliquary:Bookmark","Art of War"],"acts_visited":["Exordium","TheCity","TheBeyond","TheEnding"],"potions_floor_usage":[56,56],"damage_taken":[{"damage":0.0,"enemies":"Cultist","floor":1.0,"turns":3.0},{"damage":0.0,"enemies":"Jaw Worm","floor":2.0,"turns":3.0},{"damage":0.0,"enemies":"Small Slimes","floor":4.0,"turns":3.0},{"damage":0.0,"enemies":"Exordium Thugs","floor":5.0,"turns":4.0},{"damage":0.0,"enemies":"Gremlin Nob","floor":6.0,"turns":3.0},{"damage":0.0,"enemies":"Large Slime","floor":8.0,"turns":4.0},{"damage":0.0,"enemies":"Lagavulin","floor":10.0,"turns":4.0},{"damage":0.0,"enemies":"Exordium Wildlife","floor":12.0,"turns":2.0},{"damage":0.0,"enemies":"Gremlin Nob","floor":14.0,"turns":2.0},{"damage":9.0,"enemies":"Hexaghost","floor":16.0,"turns":5.0},{"damage":0.0,"enemies":"Spheric Guardian","floor":18.0,"turns":3.0},{"damage":0.0,"enemies":"3 Byrds","floor":21.0,"turns":2.0},{"damage":0.0,"enemies":"3 Cultists","floor":22.0,"turns":3.0},{"damage":0.0,"enemies":"Gremlin Leader","floor":23.0,"turns":2.0},{"damage":0.0,"enemies":"Slavers","floor":25.0,"turns":2.0},{"damage":0.0,"enemies":"Gremlin Leader","floor":27.0,"turns":2.0},{"damage":0.0,"enemies":"Cultist and Chosen","floor":28.0,"turns":2.0},{"damage":0.0,"enemies":"Slavers","floor":29.0,"turns":3.0},{"damage":15.0,"enemies":"Shelled Parasite and Fungi","floor":31.0,"turns":3.0},{"damage":0.0,"enemies":"Automaton","floor":33.0,"turns":5.0},{"damage":5.0,"enemies":"Orb Walker","floor":35.0,"turns":3.0},{"damage":0.0,"enemies":"3 Shapes","floor":36.0,"turns":2.0},{"damage":0.0,"enemies":"Mind Bloom Boss Battle","floor":37.0,"turns":5.0},{"damage":12.0,"enemies":"Giant Head","floor":40.0,"turns":5.0},{"damage":0.0,"enemies":"Jaw Worm Horde","floor":41.0,"turns":2.0},{"damage":0.0,"enemies":"Sphere and 2 Shapes","floor":42.0,"turns":2.0},{"damage":0.0,"enemies":"Nemesis","floor":44.0,"turns":5.0},{"damage":0.0,"enemies":"Maw","floor":46.0,"turns":4.0},{"damage":11.0,"enemies":"Reptomancer","floor":47.0,"turns":3.0},{"damage":14.0,"enemies":"Spire Growth","floor":48.0,"turns":4.0},{"damage":17.0,"enemies":"Awakened One","floor":50.0,"turns":10.0},{"damage":34.0,"enemies":"Donu and Deca","floor":51.0,"turns":6.0},{"damage":5.0,"enemies":"Shield and Spear","floor":55.0,"turns":4.0},{"damage":74,"enemies":"The Heart","floor":56,"turns":7}],"seed_played":"-3036477674833587006","potions_obtained":[{"floor":1.0,"key":"GamblersBrew"},{"floor":5.0,"key":"AttackPotion"},{"floor":8.0,"key":"Explosive Potion"},{"floor":10.0,"key":"Explosive Potion"},{"floor":23.0,"key":"Explosive Potion"},{"floor":25.0,"key":"Fire Potion"},{"floor":28.0,"key":"CultistPotion"},{"floor":31.0,"key":"Ancient Potion"},{"floor":33.0,"key":"Energy Potion"},{"floor":35.0,"key":"LiquidBronze"},{"floor":37.0,"key":"GamblersBrew"},{"floor":44.0,"key":"Ancient Potion"},{"floor":46.0,"key":"Swift Potion"},{"floor":47.0,"key":"Weak Potion"},{"floor":55.0,"key":"Strength Potion"}],"is_trial":false,"path_per_floor":["M","M","?","M","M","E","R","M","T","E","$","M","R","E","R","B",null,"M","$","?","M","M","E","R","E","T","E","M","E","?","M","R","B",null,"M","M","?","?","?","E","M","M","T","E","R","M","E","M","R","B","B",null,"R","$","E","B",null],"character_chosen":"THE_SILENT","items_purchased":["reliquary:RadioactivePellet","reliquary:BrokenClock","Bronze Scales","reliquary:KillPill","Strawberry","HornCleat","TwistedFunnel","PreservedInsect","reliquary:WeakTea","conspire:TreasureMap","Lee\u0027s Waffle","reliquary:SculptingSteel","Noxious Fumes","hubris:PeanutButter","reliquary:JackalopeAntler","Potion Belt","Medical Kit","hubris:CuriousFeather","reliquary:Bookmark","PowerPotion","PowerPotion"],"campfire_rested":0,"item_purchase_floors":[0,0,0,0,0,0,0,0,0,0,0,0,0,0,11,19,54,54,54,54,54],"current_hp_per_floor":[80,80,73,73,73,73,73,73,73,73,73,73,73,73,87,78,90,90,90,90,90,90,90,90,90,90,90,90,90,62,47,47,47,86,81,81,81,76,76,64,64,64,64,64,64,71,60,46,46,36,9,77,77,92,94,27],"gold":94,"neow_bonus":"","is_daily":false,"chose_seed":false,"campfire_upgraded":3,"win_rate":0.0,"timestamp":1612651805,"path_taken":["M","?","?","M","M","E","R","M","T","E","?","M","R","E","R","BOSS","M","$","?","M","M","E","R","E","T","E","M","E","?","M","R","BOSS","M","M","?","?","?","E","M","M","T","E","R","?","E","M","R","BOSS","BOSS","R","$","E","BOSS"],"items_purchased_type":["Relic","Relic","Relic","Relic","Relic","Relic","Relic","Relic","Relic","Relic","Relic","Relic","Card","Relic","Relic","Relic","Relic","Relic","Relic","Potion","Potion"],"build_version":"2020-12-22","purchased_purges":1,"victory":true,"max_hp_per_floor":[80,80,80,80,80,80,80,80,80,80,80,80,80,80,94,94,94,94,94,94,94,94,94,94,94,94,94,94,94,99,99,99,99,99,99,99,99,99,99,99,99,99,99,99,99,99,99,99,99,99,99,99,99,99,99,99],"card_choices":[{"not_picked":["hubris:SlightOfHand","Tactician","Dodge and Roll"],"picked":"SKIP","floor":1.0},{"not_picked":["Prepared","Predator","Bane"],"picked":"SKIP","floor":2.0},{"not_picked":["Quick Slash","Reflex"],"picked":"Footwork","floor":4.0},{"not_picked":["Backflip","Outmaneuver"],"picked":"Noxious Fumes","floor":5.0},{"not_picked":["Outmaneuver","Dagger Throw"],"picked":"Adrenaline","floor":6.0},{"not_picked":["conspire:PoisonWeapons","Quick Slash","Blade Dance"],"picked":"SKIP","floor":8.0},{"not_picked":["Flying Knee","Unload"],"picked":"Burst","floor":10.0},{"not_picked":["Accuracy","Backstab"],"picked":"Crippling Poison","floor":12.0},{"not_picked":["hubris:SlightOfHand","Reflex","Deflect"],"picked":"SKIP","floor":14.0},{"not_picked":["Storm of Steel","Doppelganger"],"picked":"A Thousand Cuts","floor":16.0},{"not_picked":["Sucker Punch","hubris:Sniper","Well Laid Plans"],"picked":"SKIP","floor":18.0},{"not_picked":["Choke+1","Blade Dance","Escape Plan"],"picked":"SKIP","floor":21.0},{"not_picked":["Blade Dance","Deflect","Deadly Poison"],"picked":"SKIP","floor":22.0},{"not_picked":["Storm of Steel","Eviscerate","Infinite Blades"],"picked":"SKIP","floor":23.0},{"not_picked":["Expertise","Well Laid Plans+1","Concentrate"],"picked":"SKIP","floor":25.0},{"not_picked":["Expertise","Concentrate"],"picked":"Well Laid Plans+1","floor":25.0},{"not_picked":["Setup","Outmaneuver","Slice"],"picked":"SKIP","floor":27.0},{"not_picked":["All Out Attack","Dagger Throw","Bane"],"picked":"SKIP","floor":28.0},{"not_picked":["hubris:SlightOfHand","Distraction"],"picked":"Night Terror","floor":29.0},{"not_picked":["Dash","Masterful Stab","Flying Knee"],"picked":"SKIP","floor":31.0},{"not_picked":["Wraith Form v2","Phantasmal Killer","Grand Finale"],"picked":"Echo Form","floor":33.0},{"not_picked":["PiercingWail","Slice","Redo"],"picked":"Footwork+1","floor":35.0},{"not_picked":["Dagger Spray","Poisoned Stab","Dodge and Roll","Cold Snap"],"picked":"SKIP","floor":36.0},{"not_picked":["Backflip","Calculated Gamble+1","conspire:SharedLibrary"],"picked":"Catalyst","floor":40.0},{"not_picked":["Backflip","Expertise","Dagger Throw","Compile Driver"],"picked":"SKIP","floor":41.0},{"not_picked":["hubris:SlightOfHand","Quick Slash","Skim"],"picked":"Noxious Fumes","floor":42.0},{"not_picked":["hubris:Sniper","Phantasmal Killer","Flying Knee"],"picked":"Self Repair","floor":44.0},{"not_picked":["Dagger Spray+1","Terror","Reflex","Gash"],"picked":"SKIP","floor":46.0},{"not_picked":["Cloak And Dagger","Crippling Poison","Flechettes","Thunder Strike"],"picked":"SKIP","floor":47.0},{"not_picked":["Eviscerate","Dodge and Roll+1","Cloak And Dagger+1","Stack"],"picked":"SKIP","floor":48.0},{"not_picked":["Terror","Dagger Throw","Expertise","Conserve Battery"],"picked":"SKIP","floor":55.0}],"player_experience":520713,"relics_obtained":[{"floor":6.0,"key":"Dream Catcher"},{"floor":9.0,"key":"Shovel"},{"floor":10.0,"key":"Vajra"},{"floor":13.0,"key":"The Specimen"},{"floor":14.0,"key":"Dead Branch"},{"floor":15.0,"key":"Mango"},{"floor":23.0,"key":"Lantern"},{"floor":25.0,"key":"reliquary:Knoch"},{"floor":27.0,"key":"reliquary:TuningFork"},{"floor":29.0,"key":"Whetstone"},{"floor":32.0,"key":"hubris:DisguiseKit"},{"floor":37.0,"key":"conspire:Boomerang"},{"floor":40.0,"key":"Calipers"},{"floor":43.0,"key":"reliquary:RoseTintedGlasses"},{"floor":44.0,"key":"Bag of Preparation"},{"floor":47.0,"key":"MealTicket"},{"floor":55.0,"key":"Art of War"}],"event_choices":[{"cards_removed":["Strike_G"],"damage_healed":0.0,"max_hp_gain":0.0,"max_hp_loss":0.0,"gold_gain":0.0,"event_name":"Golden Wing","player_choice":"Card Removal","floor":3.0,"gold_loss":0.0,"damage_taken":7.0},{"damage_healed":0.0,"max_hp_gain":0.0,"max_hp_loss":0.0,"gold_gain":0.0,"event_name":"Vampires","player_choice":"Ignored","floor":20.0,"gold_loss":0.0,"damage_taken":0.0},{"damage_healed":0.0,"max_hp_gain":5.0,"max_hp_loss":0.0,"gold_gain":0.0,"event_name":"Forgotten Altar","player_choice":"Shed Blood","floor":30.0,"gold_loss":0.0,"damage_taken":33.0},{"damage_healed":0.0,"max_hp_gain":0.0,"max_hp_loss":0.0,"gold_gain":0.0,"event_name":"MindBloom","player_choice":"Fight","floor":37.0,"gold_loss":0.0,"damage_taken":0.0},{"damage_healed":0.0,"max_hp_gain":0.0,"max_hp_loss":0.0,"gold_gain":0.0,"event_name":"conspire:Investor","player_choice":"Leave","floor":38.0,"gold_loss":0.0,"damage_taken":0.0},{"damage_healed":0.0,"max_hp_gain":0.0,"max_hp_loss":0.0,"gold_gain":300.0,"event_name":"Wheel of Change","player_choice":"Gold","floor":39.0,"gold_loss":0.0,"damage_taken":0.0}],"is_beta":false,"boss_relics":[{"not_picked":["conspire:SlowCooker","Philosopher\u0027s Stone"],"picked":"aspiration:PoetsPen_weak"},{"not_picked":["hubris:CrackedHourglass","hubris:Stopwatch"],"picked":"Cursed Key"}],"items_purged_floors":[54],"is_endless":false,"potions_floor_spawned":[1,5,8,10,12,14,18,23,25,28,31,33,35,37,44,46,47,55],"ascension_level":20}}