{"host":"lnnm69al9x392px5","time":1612585294,"event":{"mods":["BaseMod","Downfall","Minty Spire (QoL Compilation)","Replay The Spire","StSLib"],"gold_per_floor":[99,112,128,128,5,15,15,15,32,32,62,72,72,88,99,197,197,197,212,163,163,163,163],"floor_reached":21,"language":"ENG","playtime":738,"items_purged":["downfall:Malfunctioning"],"score":241,"play_id":"2113e448-43f3-4844-bb96-0668a0e4e8fe","local_time":"20210205202134","is_ascension_mode":true,"campfire_choices":[{"data":"bronze:Replicate","floor":1,"key":"SMITH"},{"data":"bronze:Flail","floor":8,"key":"SMITH"},{"data":"bronze:Verify","floor":13,"key":"SMITH"},{"floor":18,"key":"RECALL"}],"circlet_count":0,"master_deck":["bronze:Strike","bronze:Strike+1","bronze:Strike","bronze:Defend+1","bronze:Defend","bronze:Defend","bronze:Defend","bronze:Replicate+1","bronze:Goto+1","bronze:WildBeam","bronze:OilSpill","bronze:OilSpill","bronze:Flail+1","bronze:DarkDash","bronze:Verify+1","bronze:DigitalCarnage","bronze:BugBarrage","bronze:Library","bronze:Optimize","bronze:ChildClass+1","bronze:OilSpill","bronze:OilSpill"],"relics":["bronze:BronzeCore","ReplayTheSpireMod:Ninjato","Toy Ornithopter","Painkiller Herb"],"acts_visited":["Exordium","TheCity"],"potions_floor_usage":[16,21],"damage_taken":[{"damage":2,"enemies":"Small Slimes","floor":2,"turns":4},{"damage":3,"enemies":"2 Louse","floor":3,"turns":3},{"damage":5,"enemies":"downfall:FleeingMerchant","floor":5,"turns":4},{"damage":0,"enemies":"Jaw Worm","floor":6,"turns":2},{"damage":8,"enemies":"Lots of Slimes","floor":9,"turns":3},{"damage":0,"enemies":"Gremlin Nob","floor":11,"turns":3},{"damage":8,"enemies":"Large Slime","floor":12,"turns":4},{"damage":12,"enemies":"2 Fungi Beasts","floor":14,"turns":2},{"damage":7,"enemies":"Blue Slaver","floor":15,"turns":2},{"damage":23,"enemies":"SI_SHIV_ARCHETYPE","floor":16,"turns":8},{"damage":41,"enemies":"Spheric Guardian","floor":19,"turns":6},{"damage":7,"enemies":"downfall:FleeingMerchant","floor":20,"turns":4},{"damage":45,"enemies":"Masked Bandits","floor":21,"turns":3}],"seed_played":"5905761092462765368","potions_obtained":[{"floor":2,"key":"Elixir"},{"floor":6,"key":"hexamod:SoulburnPotion"},{"floor":9,"key":"BlessingOfTheForge"}],"is_trial":false,"path_per_floor":["R","M","M","?","$","M","T","R","M","?","E","M","R","M","M","B",null,"T","?","T","?"],"character_chosen":"THE_AUTOMATON","items_purchased":["bronze:OilSpill","bronze:OilSpill"],"campfire_rested":0,"item_purchase_floors":[5,20],"current_hp_per_floor":[77,75,72,72,67,67,67,67,59,59,59,51,51,39,32,14,77,77,36,29,0,0,0],"gold":163,"neow_bonus":"TEN_PERCENT_HP_BONUS","is_daily":false,"chose_seed":false,"campfire_upgraded":3,"win_rate":0.0,"timestamp":1612585294,"path_taken":["R","M","M","?","$","M","T","R","M","?","E","M","R","M","M","BOSS","T","?","T","?"],"items_purchased_type":["Card","Card"],"build_version":"2020-12-22","purchased_purges":1,"victory":false,"max_hp_per_floor":[77,77,77,77,77,77,77,77,77,77,77,77,77,77,77,77,77,77,77,77,77,77,77],"card_choices":[{"not_picked":["bronze:Fortify","bronze:Repulsor","bronze:WildBeam"],"picked":"SKIP","floor":2},{"not_picked":["bronze:Frontload","bronze:DelayedGuard"],"picked":"bronze:WildBeam","floor":3},{"not_picked":["bronze:Overheat","bronze:Boost","bronze:Branch"],"picked":"SKIP","floor":5},{"not_picked":["bronze:DelayedGuard","bronze:OilSpill"],"picked":"bronze:Flail","floor":6},{"not_picked":["bronze:ForLoop","bronze:DelayedSlice","bronze:FollowUp"],"picked":"SKIP","floor":9},{"not_picked":["bronze:Overheat","bronze:Invalidate"],"picked":"bronze:Verify","floor":11},{"not_picked":["bronze:DarkDash","bronze:Invalidate","bronze:OilSpill"],"picked":"SKIP","floor":12},{"not_picked":["bronze:DelayedGuard","bronze:Safeguard"],"picked":"bronze:DigitalCarnage","floor":14},{"not_picked":["bronze:DelayedSlice","bronze:WhirlingStrike"],"picked":"bronze:BugBarrage","floor":15},{"not_picked":["bronze:SpaghettiCode","bronze:ShipIt"],"picked":"bronze:Library","floor":16},{"not_picked":["bronze:Flail","bronze:DelayedGuard"],"picked":"bronze:Optimize","floor":19},{"not_picked":["bronze:DelayedSlice+1","bronze:DarkDash"],"picked":"bronze:ChildClass+1","floor":20}],"player_experience":278561,"relics_obtained":[{"floor":7,"key":"ReplayTheSpireMod:Ninjato"},{"floor":11,"key":"Toy Ornithopter"}],"event_choices":[{"damage_healed":0,"gold_gain":0,"player_choice":"Fought Bandits","damage_taken":0,"max_hp_gain":0,"max_hp_loss":0,"event_name":"Masked Bandits","floor":21,"gold_loss":0}],"is_beta":false,"boss_relics":[{"not_picked":["Astrolabe","Replay:Drink Me"],"picked":"Painkiller Herb"}],"items_purged_floors":[5],"is_endless":false,"potions_floor_spawned":[2,6,9,12,15],"killed_by":"Masked Bandits","ascension_level":1}}