{"host":"mhzgc0zma59jtmoj","time":1612648891,"event":{"mods":["BaseMod","BetterRewards","Custom Start","Glutton Mod","Ironclad Rager","Minty Spire (QoL Compilation)","Replay The Spire","Somnambulant","StSLib","The Cursed","The Hierophant","The Jungle","The Marked","The Necromancer"],"gold_per_floor":[117,137,137,212,212,237,237,248,248,264,283,283,300,71,71,174,174,190,210,260,260,272,272,272,272],"floor_reached":24,"language":"ENG","playtime":1394,"items_purged":["ICR:DragonStrike","Replay:Hysterical Blindness"],"score":198,"play_id":"bc047ccb-d1dd-49af-9d6a-441250bdee2c","local_time":"20210206170131","is_ascension_mode":false,"campfire_choices":[{"floor":7,"key":"REST"},{"data":"Eruption","floor":12,"key":"SMITH"},{"data":"ICR:DragonStrike","floor":15,"key":"SMITH"},{"floor":23,"key":"REST"}],"circlet_count":0,"master_deck":["Eruption+1","Vigilance","ICR:DragonStrike+1","ICR:DragonStrike+1","ICR:DragonStrike+1","ICR:CraneWing","ICR:CraneWing","ICR:CraneWing","WindmillStrike+1","Replay:AtTheReady","Replay:Hum+1","Wireheading","Replay:LoomingThreat","Crescendo","ClearTheMind+1"],"relics":["PureWater","CaptainsWheel","Iron Hammer","Guide Book","Replay:Fungal Core","ReplayTheSpireMod:CursedCoin"],"acts_visited":["Exordium","TheCity"],"potions_floor_usage":[10],"damage_taken":[{"damage":0,"enemies":"Cultist","floor":1,"turns":2},{"damage":0,"enemies":"Small Slimes","floor":2,"turns":5},{"damage":36,"enemies":"Lagavulin","floor":6,"turns":3},{"damage":1,"enemies":"Jaw Worm","floor":8,"turns":2},{"damage":0,"enemies":"Exordium Thugs","floor":10,"turns":1},{"damage":0,"enemies":"2 Fungi Beasts","floor":11,"turns":2},{"damage":0,"enemies":"Gremlin Gang","floor":13,"turns":3},{"damage":2,"enemies":"Hexaghost","floor":16,"turns":7},{"damage":9,"enemies":"Chosen","floor":18,"turns":3},{"damage":3,"enemies":"Spheric Guardian","floor":19,"turns":4},{"damage":59,"enemies":"Chosen and Byrds","floor":22,"turns":7},{"damage":26,"enemies":"Book of Stabbing","floor":24,"turns":4}],"seed_played":"3248094064482529638","potions_obtained":[{"floor":2,"key":"Toxic Potion"},{"floor":11,"key":"BottledMiracle"},{"floor":19,"key":"Ancient Potion"},{"floor":22,"key":"SpeedPotion"}],"is_trial":false,"path_per_floor":["M","M","?","?","?","E","R","M","T","M","M","R","M","$","R","B",null,"M","M","$","?","M","R","E"],"character_chosen":"WATCHER","items_purchased":["Guide Book","ReplayTheSpireMod:CursedCoin"],"campfire_rested":2,"item_purchase_floors":[14,20],"current_hp_per_floor":[72,72,72,61,47,11,32,31,31,31,31,31,31,31,31,29,72,63,60,60,60,1,22,0,0],"gold":272,"neow_bonus":"WATCHER_MONK","is_daily":false,"chose_seed":false,"campfire_upgraded":2,"win_rate":0.0,"timestamp":1612648891,"path_taken":["M","M","?","?","?","E","R","M","T","M","?","R","M","$","R","BOSS","M","M","$","?","?","R","E"],"items_purchased_type":["Relic","Relic"],"build_version":"2020-12-22","purchased_purges":2,"victory":false,"max_hp_per_floor":[72,72,72,72,72,72,72,72,72,72,72,72,72,72,72,72,72,72,72,72,72,72,72,72,72],"card_choices":[{"not_picked":["PathToVictory","Halt","InnerPeace"],"picked":"SKIP","floor":1},{"not_picked":["EmptyMind","Replay:BluntJabs","Halt"],"picked":"SKIP","floor":2},{"not_picked":["Crescendo","InnerPeace","FlyingSleeves"],"picked":"SKIP","floor":6},{"not_picked":["CrushJoints","Meditate"],"picked":"WindmillStrike","floor":8},{"not_picked":["Crescendo","InnerPeace"],"picked":"Replay:AtTheReady","floor":10},{"not_picked":["Adaptation","WheelKick"],"picked":"Replay:Hum","floor":11},{"not_picked":["Crescendo","Weave"],"picked":"Wireheading","floor":13},{"not_picked":["Replay:AllIn","MasterReality"],"picked":"Replay:LoomingThreat","floor":16},{"not_picked":["Replay:AtTheReady","DeceiveReality","PathToVictory+1"],"picked":"SKIP","floor":18},{"not_picked":["Worship","EmptyBody"],"picked":"Crescendo","floor":19},{"not_picked":["FlurryOfBlows","Consecrate"],"picked":"ClearTheMind+1","floor":22}],"player_experience":249455,"relics_obtained":[{"floor":6,"key":"CaptainsWheel"},{"floor":9,"key":"Iron Hammer"}],"event_choices":[{"damage_healed":0,"gold_gain":75,"player_choice":"Gather Gold","damage_taken":11,"max_hp_gain":0,"max_hp_loss":0,"event_name":"World of Goop","floor":4,"gold_loss":0},{"damage_healed":0,"gold_gain":0,"player_choice":"Entered Light","damage_taken":14,"max_hp_gain":0,"max_hp_loss":0,"event_name":"Shining Light","floor":5,"gold_loss":0,"cards_upgraded":["ICR:DragonStrike","ICR:DragonStrike"]},{"damage_healed":0,"gold_gain":0,"player_choice":"Ignored","damage_taken":0,"max_hp_gain":0,"max_hp_loss":0,"event_name":"NoteForYourself","floor":21,"gold_loss":0}],"is_beta":false,"boss_relics":[{"not_picked":["Sozu","Replay:Wanted Poster"],"picked":"Replay:Fungal Core"}],"items_purged_floors":[14,20],"is_endless":false,"potions_floor_spawned":[2,6,11,19,22],"killed_by":"Book of Stabbing","ascension_level":0}}