{"host":"c2p2isezsqpgoqg6","time":1612620772,"event":{"mods":["BaseMod","BetterRewards","Colored Map","DeckTracker","Minty Spire (QoL Compilation)","Quick Restart","StSLib","SuperFastMode"],"gold_per_floor":[115,37,55,67,17,17,48,48,95,107,140,179,191,232,261,273,285,394,406,432,461,573,597,235,235,268,288,188,188,188,213,213,240,240,257,274,274,274,274],"floor_reached":38,"language":"ENG","playtime":743,"items_purged":["Strike_R","Strike_R"],"score":355,"play_id":"e55d849b-dbe0-4cbe-93e6-92f31ee57aec","local_time":"20210206151252","is_ascension_mode":false,"campfire_choices":[{"data":"Spot Weakness","floor":6,"key":"SMITH"},{"data":"Bash","floor":16,"key":"SMITH"},{"data":"Wild Strike","floor":17,"key":"SMITH"},{"data":"Whirlwind","floor":25,"key":"SMITH"},{"floor":32,"key":"REST"},{"data":"Shockwave","floor":34,"key":"SMITH"},{"data":"Rampage","floor":37,"key":"SMITH"}],"circlet_count":0,"master_deck":["Strike_R","Strike_R+1","Defend_R","Defend_R","Defend_R","Defend_R","Bash+1","Thunderclap+1","Spot Weakness+1","Rampage+1","Cleave","Wild Strike+1","Cleave","Pommel Strike","Battle Trance","Shockwave+1","Limit Break+1","Whirlwind+1","Headbutt+1","Flex+1","Pummel","Ghostly Armor"],"relics":["Burning Blood","NeowsBlessing","Regal Pillow","FossilizedHelix","MawBank","Gremlin Horn","Odd Mushroom","Matryoshka","WingedGreaves","Sozu","Sling","Whetstone","Art of War","Vajra","White Beast Statue","Omamori","Blood Vial","Sundial","War Paint"],"acts_visited":["Exordium","TheCity"],"potions_floor_usage":[23,23],"damage_taken":[{"damage":0,"enemies":"2 Louse","floor":1,"turns":1},{"damage":0,"enemies":"Small Slimes","floor":3,"turns":2},{"damage":0,"enemies":"Cultist","floor":4,"turns":1},{"damage":18,"enemies":"3 Sentries","floor":7,"turns":4},{"damage":0,"enemies":"The Mushroom Lair","floor":11,"turns":2},{"damage":7,"enemies":"Gremlin Nob","floor":12,"turns":4},{"damage":40,"enemies":"Lagavulin","floor":14,"turns":8},{"damage":0,"enemies":"Looter","floor":15,"turns":2},{"damage":27,"enemies":"The Guardian","floor":18,"turns":11},{"damage":10,"enemies":"3 Byrds","floor":20,"turns":3},{"damage":7,"enemies":"2 Thieves","floor":21,"turns":2},{"damage":14,"enemies":"Snake Plant","floor":23,"turns":2},{"damage":0,"enemies":"Gremlin Leader","floor":26,"turns":5},{"damage":27,"enemies":"Sentry and Sphere","floor":27,"turns":5},{"damage":28,"enemies":"Book of Stabbing","floor":31,"turns":5},{"damage":0,"enemies":"3 Cultists","floor":35,"turns":2},{"damage":14,"enemies":"Snake Plant","floor":36,"turns":3},{"damage":84,"enemies":"Automaton","floor":38,"turns":8}],"seed_played":"-2741819410066887881","potions_obtained":[{"floor":4,"key":"Fire Potion"},{"floor":11,"key":"Swift Potion"},{"floor":14,"key":"BloodPotion"},{"floor":15,"key":"Fire Potion"}],"is_trial":false,"path_per_floor":["M","$","M","M","?","R","E","?","T","T","?","E","?","E","M","R","R","B",null,"M","M","?","M","$","R","E","M","$","T","T","E","R","T","R","M","M","R","B"],"character_chosen":"IRONCLAD","items_purchased":["Spot Weakness","Sling","Whetstone"],"campfire_rested":1,"item_purchase_floors":[2,24,24],"current_hp_per_floor":[80,80,80,80,80,80,68,68,68,68,74,73,73,39,45,45,45,24,80,76,75,75,67,67,67,73,52,52,52,52,32,71,71,71,79,72,72,0,0],"gold":274,"neow_bonus":"THREE_ENEMY_KILL","is_daily":false,"chose_seed":false,"campfire_upgraded":6,"win_rate":0.0,"timestamp":1612620772,"path_taken":["M","$","M","M","?","R","E","?","T","T","?","E","?","E","M","R","R","BOSS","M","?","?","M","?","R","E","M","$","T","T","E","R","?","R","?","M","R","BOSS"],"items_purchased_type":["Card","Relic","Relic"],"build_version":"2020-12-22","purchased_purges":2,"victory":false,"max_hp_per_floor":[80,80,80,80,80,80,80,80,80,80,80,80,80,80,80,80,80,80,80,80,80,80,80,80,80,80,80,80,80,80,80,80,80,80,80,80,80,80,80],"card_choices":[{"not_picked":["Perfected Strike","Twin Strike"],"picked":"Thunderclap","floor":1},{"not_picked":["Anger","Headbutt"],"picked":"Rampage","floor":3},{"not_picked":["Clash","Body Slam"],"picked":"Cleave","floor":4},{"not_picked":["Juggernaut","Body Slam"],"picked":"Wild Strike","floor":7},{"not_picked":["Power Through","Thunderclap"],"picked":"Cleave","floor":11},{"not_picked":["Cleave","Headbutt"],"picked":"Pommel Strike","floor":12},{"not_picked":["Entrench","Corruption"],"picked":"Battle Trance","floor":14},{"not_picked":["Sentinel","Shrug It Off"],"picked":"Shockwave","floor":15},{"not_picked":["Corruption","Juggernaut"],"picked":"Limit Break","floor":18},{"not_picked":["Body Slam+1","Feel No Pain+1"],"picked":"Whirlwind","floor":20},{"not_picked":["Heavy Blade+1","Shockwave+1"],"picked":"Headbutt+1","floor":21},{"not_picked":["Body Slam","Pommel Strike","Power Through"],"picked":"SKIP","floor":23},{"not_picked":["Sentinel+1","Fire Breathing"],"picked":"Flex","floor":26},{"not_picked":["Havoc","Combust+1","Wild Strike+1"],"picked":"SKIP","floor":27},{"not_picked":["True Grit","Pommel Strike+1"],"picked":"Pummel","floor":31},{"not_picked":["Clothesline","Cleave","True Grit"],"picked":"SKIP","floor":35},{"not_picked":["Headbutt","Clash"],"picked":"Ghostly Armor","floor":36}],"player_experience":468184,"relics_obtained":[{"floor":7,"key":"Regal Pillow"},{"floor":9,"key":"MawBank"},{"floor":10,"key":"Gremlin Horn"},{"floor":11,"key":"Odd Mushroom"},{"floor":12,"key":"Matryoshka"},{"floor":14,"key":"WingedGreaves"},{"floor":26,"key":"Art of War"},{"floor":29,"key":"Vajra"},{"floor":29,"key":"White Beast Statue"},{"floor":30,"key":"Omamori"},{"floor":30,"key":"Blood Vial"},{"floor":31,"key":"Sundial"},{"floor":33,"key":"War Paint"}],"event_choices":[{"cards_removed":["Strike_R"],"damage_healed":0,"gold_gain":0,"player_choice":"Card Removal","damage_taken":0,"max_hp_gain":0,"max_hp_loss":0,"event_name":"The Cleric","floor":5,"gold_loss":50},{"damage_healed":0,"gold_gain":0,"player_choice":"Searched \u00271\u0027 times","damage_taken":0,"relics_obtained":["FossilizedHelix"],"max_hp_gain":0,"max_hp_loss":0,"event_name":"Dead Adventurer","floor":8,"gold_loss":0},{"damage_healed":0,"gold_gain":0,"player_choice":"Fought Mushrooms","damage_taken":0,"max_hp_gain":0,"max_hp_loss":0,"event_name":"Mushrooms","floor":11,"gold_loss":0},{"damage_healed":0,"gold_gain":0,"player_choice":"Bought 0 Potions","damage_taken":0,"max_hp_gain":0,"max_hp_loss":0,"event_name":"The Woman in Blue","floor":13,"gold_loss":0},{"damage_healed":0,"gold_gain":100,"player_choice":"Pray","damage_taken":0,"max_hp_gain":0,"max_hp_loss":0,"event_name":"Golden Shrine","floor":22,"gold_loss":0}],"is_beta":false,"boss_relics":[{"not_picked":["Mark of Pain","Coffee Dripper"],"picked":"Sozu"}],"items_purged_floors":[24,28],"is_endless":false,"potions_floor_spawned":[4,11,14,15,18,21,31,35,36],"killed_by":"Automaton","ascension_level":0}}