{"host":"jgyoyy5iuhtvyvtg","time":1612598586,"event":{"mods":["2.2 Compatiblity","BaseMod","Challenge The Spire","Colored Map","Conspire","Dark Map","Downfall","Hermit","Highlight Path","Infinite Spire","Lobotomy","LobotomyExtend","Minty Spire (QoL Compilation)","Quick Restart","Replay The Spire","Spikes Relics","StSLib","The Construct","The Disciple","The Jungle","Yuri Mod"],"gold_per_floor":[99,118,136,148,168,1,50,50,35,52,52,52,52,91,120,225,234,234,258,267,296,305,371,371,400,400,427,427,427,221,140,164,270,270,270,295,351,360,369,269,269,269,269,169,194,221,262,162,187,187,187,187,187,187,187],"floor_reached":53,"language":"ENG","playtime":2905,"items_purged":["bronze:Strike"],"score":935,"play_id":"25886320-c483-4daf-ae7a-eb7d5b65dd47","local_time":"20210206000306","is_ascension_mode":false,"campfire_choices":[{"data":"bronze:Replicate","floor":1.0,"key":"SMITH"},{"data":"bronze:RecursiveStrike","floor":8.0,"key":"SMITH"},{"floor":12.0,"key":"REST"},{"data":"bronze:Repulsor","floor":18.0,"key":"SMITH"},{"data":"bronze:ItsAFeature","floor":29,"key":"SMITH"},{"floor":35,"key":"RECALL"},{"data":"bronze:Verify","floor":40,"key":"SMITH"},{"data":"bronze:Flail","floor":44,"key":"SMITH"},{"data":"bronze:Break","floor":48,"key":"SMITH"}],"circlet_count":0,"master_deck":["bronze:Strike","bronze:Strike","bronze:Defend","bronze:Defend","bronze:Defend","bronze:Defend","bronze:Replicate+1","bronze:Goto","bronze:Terminator","bronze:ItsAFeature+1","bronze:RecursiveStrike+1","bronze:BuggyMess","bronze:Frontload","bronze:MaxOutput","bronze:MaxOutput","bronze:Separator","bronze:Iterate","bronze:ForLoop","bronze:Shield","bronze:Spike","bronze:DazingPulse","bronze:DelayedGuard","bronze:ChildClass","bronze:Repulsor+1","bronze:BurnOut","AbeCurse","bronze:Shell","bronze:Repair+1","bronze:DelayedGuard","bronze:Deprecate+1","bronze:WildBeam","bronze:Fortify","bronze:Invalidate+1","bronze:Constructor","bronze:Separator+1","bronze:Flail+1","bronze:Repulsor","bronze:Break+1","bronze:FollowUp","bronze:Assembly+1","bronze:BronzeOrb+1","bronze:Iterate","bronze:Verify+1","bronze:ForceShield","expansioncontent:Hexaburn","CommonCold","bronze:Constructor+1","bronze:BronzeArmor+1","bronze:Iterate+1","bronze:BuggyMess+1"],"relics":["bronze:BronzeCore","LetterFromLob","infinitespire:Lucky Rock","CeramicFish","Abe\u0027s Treasure","theJungle:SneckoAutograph","Strawberry","champ:DuelingGlove","InkBottle","conspire:SpecialSausage","Guardian:PocketSentry","Ring of Peace","downfall:HeartBlessingRed","StoneCalendar","downfall:HeartBlessingBlue","infinitespire:EmpoweringShard","downfall:HeartBlessingGreen"],"acts_visited":["Exordium","Exordium","TheBeyond","TheEnding"],"potions_floor_usage":[27,31,53],"damage_taken":[{"damage":1.0,"enemies":"Cultist","floor":2.0,"turns":4.0},{"damage":5.0,"enemies":"2 Louse","floor":3.0,"turns":3.0},{"damage":2.0,"enemies":"Small Slimes","floor":4.0,"turns":4.0},{"damage":7.0,"enemies":"Blue Slaver","floor":5.0,"turns":2.0},{"damage":0.0,"enemies":"downfall:FleeingMerchant","floor":6.0,"turns":4.0},{"damage":10.0,"enemies":"downfall:FleeingMerchant","floor":9.0,"turns":4.0},{"damage":17.0,"enemies":"conspire:2 RoseBushes","floor":10.0,"turns":6.0},{"damage":18.0,"enemies":"conspire:2 RoseBushes","floor":11.0,"turns":4.0},{"damage":3.0,"enemies":"Lagavulin","floor":14.0,"turns":5.0},{"damage":1.0,"enemies":"3 Louse","floor":15.0,"turns":3.0},{"damage":15.0,"enemies":"DF_ARCHETYPE_STREAMLINE","floor":16.0,"turns":12.0},{"damage":22.0,"enemies":"theJungle:MUSHROOMGANG","floor":19.0,"turns":5.0},{"damage":0.0,"enemies":"theJungle:GiantWrat","floor":21.0,"turns":6.0},{"damage":26.0,"enemies":"theJungle:2_Snecko_Cultists","floor":25.0,"turns":7.0},{"damage":9,"enemies":"theJungle:JungleHuntersEncounter","floor":27,"turns":6},{"damage":0,"enemies":"downfall:FleeingMerchant","floor":30,"turns":4},{"damage":0,"enemies":"downfall:FleeingMerchant","floor":31,"turns":4},{"damage":6,"enemies":"Snake Plant","floor":32,"turns":3},{"damage":45,"enemies":"WA_ARCHETYPE_CALM","floor":33,"turns":7},{"damage":6,"enemies":"3 Shapes","floor":36,"turns":4},{"damage":0,"enemies":"downfall:FleeingMerchant","floor":37,"turns":2},{"damage":2,"enemies":"3 Darklings","floor":45,"turns":5},{"damage":0,"enemies":"Jaw Worm Horde","floor":46,"turns":4},{"damage":6,"enemies":"Nemesis","floor":47,"turns":9},{"damage":0,"enemies":"4 Shapes","floor":49,"turns":2},{"damage":11,"enemies":"SI_POISON_ARCHETYPE","floor":50,"turns":9},{"damage":114,"enemies":"downfall:CharBossMerchant","floor":53,"turns":6}],"seed_played":"3537773597306436469","potions_obtained":[{"floor":2.0,"key":"bronze:BurnAndBuffPotion"},{"floor":3.0,"key":"Cursed Concoction"},{"floor":5.0,"key":"Elixir"},{"floor":11.0,"key":"SteroidPotion"},{"floor":14.0,"key":"Doom Potion"},{"floor":15.0,"key":"champ:CounterPotion"},{"floor":19.0,"key":"Milkshake"},{"floor":23.0,"key":"Fruit Juice"},{"floor":23.0,"key":"LifebloodPotion"},{"floor":25.0,"key":"ColorlessPotion"},{"floor":33,"key":"Regen Potion"},{"floor":45,"key":"bronze:BuildAFunctionPotion"}],"is_trial":false,"path_per_floor":["R","M","M","M","M","$","T","R","$","M","?","R","?","E","M","B",null,"R","M","?","M","?","?","T","M","?","M","?","R","$","$","M","B",null,"R","M","$","?","?","R","T","T","?","R","M","M","E","R","M","B",null,null,"E"],"character_chosen":"THE_AUTOMATON","items_purchased":["bronze:MaxOutput","bronze:Separator","bronze:Iterate","bronze:Constructor","bronze:Separator+1","bronze:Flail","bronze:Repulsor","bronze:Verify","bronze:ForceShield","Guardian:PocketSentry"],"campfire_rested":1,"item_purchase_floors":[6,6,6,30,30,30,30,37,37,37],"current_hp_per_floor":[77,76,71,69,62,62,62,62,52,35,17,40,40,37,36,21,77,77,55,55,55,55,67,67,51,51,52,52,52,62,72,66,31,89,89,83,89,89,89,89,89,89,89,99,97,99,93,93,99,98,98,99,0,0,0],"gold":187,"neow_bonus":"TEN_PERCENT_HP_BONUS","is_daily":false,"chose_seed":false,"campfire_upgraded":7,"win_rate":0.0,"timestamp":1612598586,"path_taken":["R","M","?","M","M","$","T","R","$","M","?","R","?","E","M","BOSS","R","M","?","M","?","?","T","M","?","?","?","R","?","$","M","BOSS","R","M","$","?","?","R","T","?","?","R","M","M","E","R","M","BOSS","E"],"items_purchased_type":["Card","Card","Card","Card","Card","Card","Card","Card","Card","Relic"],"build_version":"2020-12-22","purchased_purges":1,"victory":false,"max_hp_per_floor":[77,77,77,77,77,77,77,77,77,77,77,77,77,77,77,77,77,77,77,77,77,77,89,89,89,89,89,89,89,89,89,89,89,89,89,89,89,89,89,89,89,89,89,99,99,99,99,99,99,99,99,99,99,99,99],"card_choices":[{"not_picked":["bronze:DigitalCarnage","bronze:WhirlingStrike"],"picked":"bronze:Terminator","floor":2.0},{"not_picked":["bronze:Iterate","bronze:CutThrough"],"picked":"bronze:ItsAFeature","floor":3.0},{"not_picked":["bronze:Boost","bronze:Shield"],"picked":"bronze:RecursiveStrike","floor":4.0},{"not_picked":["bronze:CutThrough","bronze:WhirlingStrike"],"picked":"bronze:BuggyMess","floor":5.0},{"not_picked":["bronze:Backtrace","bronze:Safeguard"],"picked":"bronze:Frontload","floor":6.0},{"not_picked":["bronze:Separator","bronze:DigitalCarnage"],"picked":"bronze:ForLoop","floor":9.0},{"not_picked":["bronze:WhirlingStrike","bronze:DelayedSlice"],"picked":"bronze:Shield","floor":10.0},{"not_picked":[],"picked":"bronze:Spike","floor":11.0},{"not_picked":[],"picked":"bronze:DazingPulse","floor":11.0},{"not_picked":["bronze:Iterate","bronze:Deprecate"],"picked":"bronze:DelayedGuard","floor":11.0},{"not_picked":["bronze:Refactor","bronze:Overload"],"picked":"bronze:ChildClass","floor":14.0},{"not_picked":["bronze:Flail","bronze:ChildClass"],"picked":"bronze:Repulsor","floor":15.0},{"not_picked":["bronze:TinkerersToolbox","bronze:InfiniteLoop"],"picked":"bronze:BurnOut","floor":16.0},{"not_picked":["bronze:Fortify","bronze:CloningBeam"],"picked":"bronze:Shell","floor":19.0},{"not_picked":["bronze:Overheat","bronze:NullPointer"],"picked":"bronze:Repair+1","floor":21.0},{"not_picked":["bronze:InfiniteBeams","bronze:WhirlingStrike+1"],"picked":"bronze:Deprecate+1","floor":23.0},{"not_picked":["bronze:Frontload","bronze:Overheat"],"picked":"bronze:WildBeam","floor":25.0},{"not_picked":["bronze:Deprecate","bronze:Refactor"],"picked":"bronze:Fortify","floor":27},{"not_picked":["bronze:NullPointer+1","bronze:Frontload"],"picked":"bronze:Invalidate+1","floor":30},{"not_picked":["bronze:Iterate","bronze:WildBeam"],"picked":"bronze:Break","floor":31},{"not_picked":["bronze:Repair","bronze:Separator"],"picked":"bronze:FollowUp","floor":32},{"not_picked":["bronze:TinkerersToolbox","bronze:RecursiveStrike"],"picked":"bronze:Assembly","floor":33},{"not_picked":["bronze:Frontload","bronze:BuggyMess"],"picked":"bronze:BronzeOrb+1","floor":36},{"not_picked":["bronze:Separator","bronze:FineTuning"],"picked":"bronze:Iterate","floor":37},{"not_picked":["expansioncontent:PolyBeam","Replay:SS_hec_1"],"picked":"expansioncontent:Hexaburn","floor":38},{"not_picked":["bronze:FineTuning+1","bronze:BurnOut"],"picked":"bronze:Constructor+1","floor":45},{"not_picked":["bronze:Frontload","bronze:Refactor+1"],"picked":"bronze:BronzeArmor+1","floor":46},{"not_picked":["bronze:DelayedSlice+1","bronze:BurnOut"],"picked":"bronze:Iterate+1","floor":47},{"not_picked":["bronze:Overheat","bronze:DarkDash"],"picked":"bronze:BuggyMess+1","floor":49}],"player_experience":3243663,"relics_obtained":[{"floor":2.0,"key":"LetterFromLob"},{"floor":7.0,"key":"infinitespire:Lucky Rock"},{"floor":14.0,"key":"CeramicFish"},{"floor":23.0,"key":"Strawberry"},{"floor":24.0,"key":"champ:DuelingGlove"},{"floor":39,"key":"Ring of Peace"},{"floor":42,"key":"StoneCalendar"},{"floor":47,"key":"infinitespire:EmpoweringShard"}],"event_choices":[],"is_beta":false,"boss_relics":[{"not_picked":["Runic Dome","Fusion Hammer"],"picked":"Abe\u0027s Treasure"},{"not_picked":["Ring of Chaos","Sozu"],"picked":"conspire:SpecialSausage"}],"items_purged_floors":[31],"is_endless":false,"potions_floor_spawned":[2,3,5,11,14,15,19,25,33,45,47,49],"killed_by":"downfall:CharBossMerchant","ascension_level":0}}