{"host":"rx3fqeecbcmic2ko","time":1612644655,"event":{"mods":["BaseMod","Better Sensory Stone","Disable Question Mark Monsters","Energized Spire","Hyrulean Relics","Minty Spire (QoL Compilation)","Quick Restart","Relic Filter","Small Relic Pack","StSLib","The Wild Card"],"gold_per_floor":[118,128,128,144,197,222,222,222,248,259,277,277,277,297,297,422,422,441,441,345,345,155,155,186,186,263,276,276,289,249,265,265,385,385,410,473,488,488,321,321,321,341,341,341,181,196,219,252,252,252],"floor_reached":51,"language":"ENG","playtime":1621,"items_purged":[],"score":820,"play_id":"7c7b07d7-20aa-4e31-b801-159211fc224f","local_time":"20210206155055","is_ascension_mode":false,"campfire_choices":[{"floor":8,"key":"REST"},{"floor":15,"key":"REST"},{"data":"theWildCard:Scathach","floor":23,"key":"SMITH"},{"floor":25,"key":"REST"},{"floor":32,"key":"REST"},{"data":"Phantasmal Killer","floor":44,"key":"SMITH"},{"floor":49,"key":"REST"}],"circlet_count":0,"master_deck":["Strike_G","Strike_G","Strike_G","Strike_G","Strike_G","Defend_G","Defend_G","Defend_G","Defend_G","Defend_G","Survivor","Neutralize","Crippling Poison","Poisoned Stab","Distraction","Blade Dance","Bane","Finisher","Injury","theWildCard:Scathach+1","Phantasmal Killer+1","Writhe","Riddle With Holes","Poisoned Stab","Accuracy+1","Glass Knife","Deflect","Dagger Spray","Burst","Bouncing Flask","Dodge and Roll+1","Terror","Accuracy+1","After Image+1","Noxious Fumes+1","Catalyst","Riddle With Holes"],"relics":["Ring of the Snake","NeowsBlessing","Vajra","Happy Flower","relicPack:DSword","Toy Ornithopter","Golden Idol","Black Star","Smiling Mask","Membership Card","Pantograph","Snake Skull","Frozen Egg 2","energizedSpire:DeadBattery","CaptainsWheel","Singing Bowl","Bag of Marbles","Eternal Feather","Pear","Lantern","The Specimen"],"acts_visited":["Exordium","TheCity","TheBeyond"],"potions_floor_usage":[10,24,33,33,48,48,48],"damage_taken":[{"damage":0,"enemies":"2 Louse","floor":1,"turns":1},{"damage":0,"enemies":"Jaw Worm","floor":2,"turns":1},{"damage":0,"enemies":"Small Slimes","floor":4,"turns":1},{"damage":33,"enemies":"Lagavulin","floor":6,"turns":8},{"damage":8,"enemies":"Blue Slaver","floor":10,"turns":4},{"damage":7,"enemies":"Looter","floor":11,"turns":3},{"damage":0,"enemies":"3 Louse","floor":14,"turns":3},{"damage":0,"enemies":"Slime Boss","floor":16,"turns":5},{"damage":0,"enemies":"Spheric Guardian","floor":18,"turns":3},{"damage":52,"enemies":"Slavers","floor":24,"turns":7},{"damage":8,"enemies":"3 Byrds","floor":27,"turns":4},{"damage":20,"enemies":"Snake Plant","floor":29,"turns":5},{"damage":0,"enemies":"Cultist and Chosen","floor":31,"turns":4},{"damage":48,"enemies":"Automaton","floor":33,"turns":9},{"damage":0,"enemies":"Orb Walker","floor":35,"turns":3},{"damage":0,"enemies":"Mind Bloom Boss Battle","floor":36,"turns":4},{"damage":0,"enemies":"3 Darklings","floor":37,"turns":5},{"damage":26,"enemies":"4 Shapes","floor":42,"turns":5},{"damage":29,"enemies":"Jaw Worm Horde","floor":46,"turns":5},{"damage":19,"enemies":"Spire Growth","floor":47,"turns":5},{"damage":0,"enemies":"Nemesis","floor":48,"turns":7},{"damage":29,"enemies":"Awakened One","floor":50,"turns":8}],"seed_played":"6074222768114133192","potions_obtained":[{"floor":1,"key":"ColorlessPotion"},{"floor":4,"key":"Swift Potion"},{"floor":6,"key":"Energy Potion"},{"floor":10,"key":"DuplicationPotion"},{"floor":18,"key":"EssenceOfSteel"},{"floor":27,"key":"Energy Potion"},{"floor":42,"key":"FearPotion"},{"floor":46,"key":"Poison Potion"}],"is_trial":false,"path_per_floor":["M","M","?","M","T","E","?","R","T","M","M","?","?","M","R","B",null,"M","?","$","?","$","R","E","R","T","M","?","M","?","M","R","B",null,"M","?","M","?","$","T","?","M","T","R","$","M","M","E","R","B",null],"character_chosen":"THE_SILENT","items_purchased":["Riddle With Holes","Poisoned Stab","Accuracy","Membership Card","Accuracy+1","Singing Bowl","Pear","Noxious Fumes+1"],"campfire_rested":5,"item_purchase_floors":[20,20,22,22,39,39,45,45],"current_hp_per_floor":[70,70,70,70,70,37,2,23,23,20,13,13,13,13,34,34,70,70,70,70,70,70,70,18,39,39,31,31,11,11,11,32,19,70,70,70,70,70,70,70,70,44,44,62,72,43,26,41,82,53],"gold":252,"neow_bonus":"THREE_ENEMY_KILL","is_daily":false,"chose_seed":false,"campfire_upgraded":2,"win_rate":0.0,"timestamp":1612644655,"path_taken":["M","M","?","M","?","E","?","R","T","?","M","?","?","M","R","BOSS","M","?","$","?","?","R","E","R","T","M","?","?","?","M","R","BOSS","M","?","M","?","?","?","?","M","T","R","?","M","?","E","R","BOSS"],"items_purchased_type":["Card","Card","Card","Relic","Card","Relic","Relic","Card"],"build_version":"2020-12-22","purchased_purges":0,"victory":true,"max_hp_per_floor":[70,70,70,70,70,70,70,70,70,70,70,70,70,70,70,70,70,70,70,70,70,70,70,70,70,70,70,70,70,70,70,70,70,70,70,70,70,70,70,70,70,70,70,70,80,80,82,82,82,82],"card_choices":[{"not_picked":["Catalyst","Deflect"],"picked":"Crippling Poison","floor":1},{"not_picked":["Dash","Calculated Gamble"],"picked":"Poisoned Stab","floor":2},{"not_picked":["Prepared","Footwork"],"picked":"Distraction","floor":4},{"not_picked":["Backflip","Deadly Poison"],"picked":"Blade Dance","floor":6},{"not_picked":["Poisoned Stab","Caltrops"],"picked":"Bane","floor":10},{"not_picked":["Prepared","Dagger Throw"],"picked":"Finisher","floor":11},{"not_picked":["Predator","Prepared","Footwork"],"picked":"SKIP","floor":14},{"not_picked":["Burst","After Image"],"picked":"Phantasmal Killer","floor":16},{"not_picked":["Setup","Choke+1","Concentrate+1"],"picked":"SKIP","floor":18},{"not_picked":["Prepared+1","Backflip"],"picked":"Glass Knife","floor":24},{"not_picked":["Underhanded Strike+1","Backflip"],"picked":"Deflect","floor":27},{"not_picked":["Calculated Gamble","Outmaneuver+1"],"picked":"Dagger Spray","floor":29},{"not_picked":["Backflip+1","Well Laid Plans+1"],"picked":"Outmaneuver","floor":31},{"not_picked":["Malaise","Night Terror"],"picked":"Burst","floor":33},{"not_picked":["Setup+1","Dagger Throw"],"picked":"Bouncing Flask","floor":35},{"not_picked":["PiercingWail","Tactician"],"picked":"Dodge and Roll+1","floor":36},{"not_picked":["Outmaneuver+1","PiercingWail"],"picked":"Terror","floor":37},{"not_picked":["Caltrops+1","Setup"],"picked":"After Image+1","floor":42},{"not_picked":["Sucker Punch+1","Outmaneuver"],"picked":"Catalyst","floor":46},{"not_picked":["Underhanded Strike","Quick Slash","Riddle With Holes"],"picked":"Singing Bowl","floor":47},{"not_picked":["Blur+1","Flying Knee"],"picked":"Riddle With Holes","floor":48}],"player_experience":97302,"relics_obtained":[{"floor":5,"key":"Vajra"},{"floor":6,"key":"Happy Flower"},{"floor":9,"key":"Toy Ornithopter"},{"floor":24,"key":"Pantograph"},{"floor":24,"key":"Snake Skull"},{"floor":26,"key":"Frozen Egg 2"},{"floor":36,"key":"CaptainsWheel"},{"floor":40,"key":"Bag of Marbles"},{"floor":43,"key":"Eternal Feather"},{"floor":48,"key":"Lantern"},{"floor":48,"key":"The Specimen"}],"event_choices":[{"damage_healed":0,"gold_gain":0,"player_choice":"Ignored","damage_taken":0,"max_hp_gain":0,"max_hp_loss":0,"event_name":"Liars Game","floor":3,"gold_loss":0},{"damage_healed":0,"gold_gain":0,"player_choice":"Take Wound","damage_taken":0,"relics_obtained":["Golden Idol"],"max_hp_gain":0,"max_hp_loss":0,"event_name":"Golden Idol","floor":12,"gold_loss":0,"cards_obtained":["Injury"]},{"damage_healed":0,"gold_gain":0,"player_choice":"Opened","damage_taken":0,"relics_obtained":["Smiling Mask"],"max_hp_gain":0,"max_hp_loss":0,"event_name":"The Mausoleum","floor":19,"gold_loss":0,"cards_obtained":["Writhe"]},{"damage_healed":0,"gold_gain":0,"player_choice":"Ignored","damage_taken":0,"max_hp_gain":0,"max_hp_loss":0,"event_name":"Vampires","floor":21,"gold_loss":0},{"damage_healed":0,"gold_gain":0,"player_choice":"Ignored","damage_taken":0,"max_hp_gain":0,"max_hp_loss":0,"event_name":"Beggar","floor":28,"gold_loss":0},{"damage_healed":0,"gold_gain":0,"player_choice":"Upgrade","damage_taken":0,"max_hp_gain":0,"max_hp_loss":0,"event_name":"Designer","floor":30,"gold_loss":40,"cards_upgraded":["Accuracy"]},{"damage_healed":0,"gold_gain":0,"player_choice":"Fight","damage_taken":0,"max_hp_gain":0,"max_hp_loss":0,"event_name":"MindBloom","floor":36,"gold_loss":0},{"cards_removed":["Outmaneuver"],"damage_healed":0,"gold_gain":0,"player_choice":"Removed Skill","damage_taken":0,"max_hp_gain":0,"max_hp_loss":0,"event_name":"Falling","floor":41,"gold_loss":0}],"is_beta":false,"boss_relics":[{"not_picked":["HoveringKite","Runic Pyramid"],"picked":"Black Star"},{"not_picked":["energizedSpire:RedRose","Velvet Choker"],"picked":"energizedSpire:DeadBattery"}],"items_purged_floors":[],"is_endless":false,"potions_floor_spawned":[1,4,6,10,18,27,29,42,46,47],"ascension_level":0}}