{"host":"gaqyve1328ta0etl","time":1612604072,"event":{"mods":["BaseMod","Colored Map","Colored Powertips","Duelist Mod","Googly Eyes","Hero for Fun","Minty Spire (QoL Compilation)","Shop Mod","StSLib","SuperFastMode","The Hierophant","The Runesmith"],"gold_per_floor":[111,127,146,25,41,41,66,66,114,133,133,150,115,143,143,143,143],"floor_reached":16,"language":"ENG","playtime":350,"items_purged":["Strike_R"],"score":179,"play_id":"315f60d7-f490-4d0b-9845-57deb84f03e6","local_time":"20210206013432","is_ascension_mode":true,"campfire_choices":[{"data":"Whirlwind","floor":6,"key":"SMITH"},{"data":"Rampage","floor":11,"key":"SMITH"},{"floor":15,"key":"REST"}],"circlet_count":0,"master_deck":["AscendersBane","Strike_R+1","Strike_R","Strike_R","Strike_R+1","Defend_R","Defend_R","Defend_R","Defend_R","Bash","Whirlwind+1","Clash","Shrug It Off","Rampage+1","True Grit+1","Fire Breathing"],"relics":["Burning Blood","NeowsBlessing","Paper Frog","Runesmith:AutoHammer","Whetstone"],"acts_visited":["Exordium"],"potions_floor_usage":[7,14,14],"damage_taken":[{"damage":0,"enemies":"Cultist","floor":1,"turns":1},{"damage":0,"enemies":"Jaw Worm","floor":2,"turns":1},{"damage":0,"enemies":"2 Louse","floor":3,"turns":1},{"damage":0,"enemies":"Exordium Wildlife","floor":5,"turns":3},{"damage":28,"enemies":"Gremlin Nob","floor":7,"turns":4},{"damage":0,"enemies":"3 Louse","floor":10,"turns":1},{"damage":31,"enemies":"Exordium Thugs","floor":12,"turns":7},{"damage":34,"enemies":"Lagavulin","floor":14,"turns":7},{"damage":59,"enemies":"Hexaghost","floor":16,"turns":11}],"seed_played":"-2958746207349907339","potions_obtained":[{"floor":3,"key":"BlessingOfTheForge"},{"floor":5,"key":"AttackPotion"},{"floor":12,"key":"AttackPotion"}],"is_trial":false,"path_per_floor":["M","M","M","$","M","R","E","?","T","M","R","M","?","E","R","B"],"character_chosen":"IRONCLAD","items_purchased":["Shrug It Off"],"campfire_rested":1,"item_purchase_floors":[4],"current_hp_per_floor":[78,80,80,80,80,80,58,58,58,64,64,39,59,31,55,0,0],"gold":143,"neow_bonus":"THREE_ENEMY_KILL","is_daily":false,"chose_seed":false,"campfire_upgraded":2,"win_rate":0.0,"timestamp":1612604072,"path_taken":["M","?","M","$","M","R","E","?","T","M","R","?","?","E","R","BOSS"],"items_purchased_type":["Card"],"build_version":"2020-12-22","purchased_purges":1,"victory":false,"max_hp_per_floor":[80,80,80,80,80,80,80,80,80,80,80,80,80,80,80,80,80],"card_choices":[{"not_picked":["Armaments","Ghostly Armor"],"picked":"Whirlwind","floor":1},{"not_picked":["Perfected Strike","Second Wind","Clothesline"],"picked":"SKIP","floor":2},{"not_picked":["Rupture","Perfected Strike"],"picked":"Clash","floor":3},{"not_picked":["Anger","Demon Form"],"picked":"Rampage","floor":5},{"not_picked":["Impervious","Metallicize"],"picked":"True Grit","floor":7},{"not_picked":["Dual Wield","Heavy Blade","Power Through"],"picked":"SKIP","floor":10},{"not_picked":["Clothesline","Twin Strike","Searing Blow"],"picked":"SKIP","floor":12},{"not_picked":["Uppercut","Clash"],"picked":"Fire Breathing","floor":14}],"player_experience":2089751,"relics_obtained":[{"floor":7,"key":"Paper Frog"},{"floor":9,"key":"Runesmith:AutoHammer"},{"floor":14,"key":"Whetstone"}],"event_choices":[{"damage_healed":0,"gold_gain":0,"player_choice":"Upgraded","damage_taken":0,"max_hp_gain":0,"max_hp_loss":0,"event_name":"Upgrade Shrine","floor":8,"gold_loss":0,"cards_upgraded":["True Grit"]},{"damage_healed":20,"gold_gain":0,"player_choice":"Healed","damage_taken":0,"max_hp_gain":0,"max_hp_loss":0,"event_name":"The Cleric","floor":13,"gold_loss":35}],"is_beta":false,"boss_relics":[],"items_purged_floors":[4],"is_endless":false,"potions_floor_spawned":[3,5,12],"killed_by":"Hexaghost","ascension_level":12}}