{"host":"j4g6ia6asvpyu2b0","time":1612638330,"event":{"mods":["BaseMod","Colored Map","Minty Spire (QoL Compilation)","Permanent Neow","Quick Restart","Relic Stats","StSLib","Unceasing Turn Reminder"],"gold_per_floor":[359,370,37,53,53,53,67,100,127,52,85,260,286,186,186,291,291,305,321,321,9,26,26,26],"floor_reached":23,"language":"ENG","playtime":839,"items_purged":["Strike_G","Doubt","Strike_G"],"score":240,"play_id":"54bc1ac1-a995-4c66-8faa-004edabd717b","local_time":"20210206120530","is_ascension_mode":true,"campfire_choices":[{"floor":6,"key":"REST"},{"data":"Catalyst","floor":15,"key":"SMITH"}],"circlet_count":0,"master_deck":["Strike_G","Strike_G","Strike_G","Defend_G","Defend_G","Defend_G","Defend_G","Defend_G","Survivor","Neutralize","Flying Knee","Noxious Fumes+1","Noxious Fumes","Escape Plan","Well Laid Plans","Backflip","Catalyst+1","Blur","Corpse Explosion","Bane","Crippling Poison","Apotheosis","Blur"],"relics":["Ring of the Snake","Happy Flower","TwistedFunnel","Art of War","Orichalcum","Toy Ornithopter","Pantograph","Velvet Choker"],"acts_visited":["Exordium","TheCity"],"potions_floor_usage":[11,13],"damage_taken":[{"damage":7,"enemies":"Jaw Worm","floor":1,"turns":6},{"damage":2,"enemies":"2 Louse","floor":2,"turns":4},{"damage":0,"enemies":"Cultist","floor":4,"turns":3},{"damage":1,"enemies":"Exordium Wildlife","floor":7,"turns":3},{"damage":10,"enemies":"Lagavulin","floor":8,"turns":6},{"damage":15,"enemies":"Gremlin Nob","floor":11,"turns":5},{"damage":11,"enemies":"3 Sentries","floor":13,"turns":6},{"damage":46,"enemies":"Slime Boss","floor":16,"turns":9},{"damage":2,"enemies":"Chosen","floor":18,"turns":4},{"damage":21,"enemies":"2 Thieves","floor":19,"turns":3},{"damage":3,"enemies":"Cultist and Chosen","floor":22,"turns":4},{"damage":11,"enemies":"Gremlin Leader","floor":23,"turns":5}],"seed_played":"-5900244682369921839","potions_obtained":[{"floor":2,"key":"Dexterity Potion"},{"floor":4,"key":"Weak Potion"},{"floor":7,"key":"Explosive Potion"},{"floor":18,"key":"PowerPotion"}],"is_trial":false,"path_per_floor":["M","M","$","M","?","R","M","E","T","$","E","?","E","$","R","B",null,"M","M","?","$","M","E"],"character_chosen":"THE_SILENT","items_purchased":["Noxious Fumes","Happy Flower","TwistedFunnel","Apotheosis"],"campfire_rested":1,"item_purchase_floors":[3,3,3,21],"current_hp_per_floor":[42,40,40,40,40,61,60,50,50,50,35,35,29,29,29,8,70,68,47,47,47,44,33,33],"gold":26,"neow_bonus":"TWO_FIFTY_GOLD","is_daily":false,"chose_seed":false,"campfire_upgraded":1,"win_rate":0.0,"timestamp":1612638330,"path_taken":["M","M","$","M","?","R","M","E","T","?","E","?","E","?","R","BOSS","M","?","?","?","M","E"],"items_purchased_type":["Card","Relic","Relic","Card"],"build_version":"2020-12-22","purchased_purges":3,"victory":false,"max_hp_per_floor":[70,70,70,70,70,70,70,70,70,70,70,70,70,70,70,70,70,70,70,70,70,70,70,70],"relic_stats":{"Happy Flower":[16],"counters":[12,58],"Pantograph":25,"Art of War":[8],"Orichalcum":[54],"obtain_stats":[{"TwistedFunnel":3,"Happy Flower":3,"Pantograph":13,"Velvet Choker":17,"Art of War":8,"Orichalcum":9,"Toy Ornithopter":11,"Ring of the Snake":0},{"TwistedFunnel":2,"Happy Flower":2,"Pantograph":7,"Velvet Choker":8,"Art of War":5,"Orichalcum":5,"Toy Ornithopter":6,"Ring of the Snake":0},{"TwistedFunnel":10,"Happy Flower":10,"Pantograph":33,"Velvet Choker":42,"Art of War":22,"Orichalcum":22,"Toy Ornithopter":27,"Ring of the Snake":0}],"Toy Ornithopter":5,"Ring of the Snake":[24]},"card_choices":[{"not_picked":["Expertise","Poisoned Stab"],"picked":"Flying Knee","floor":1},{"not_picked":["Expertise","Flying Knee"],"picked":"Noxious Fumes","floor":2},{"not_picked":["Backstab","Blade Dance"],"picked":"Escape Plan","floor":4},{"not_picked":["Bane","Sucker Punch"],"picked":"Well Laid Plans","floor":7},{"not_picked":["Quick Slash","Skewer"],"picked":"Backflip","floor":8},{"not_picked":["Finisher","Underhanded Strike"],"picked":"Catalyst","floor":11},{"not_picked":["Sucker Punch","Deflect"],"picked":"Blur","floor":13},{"not_picked":["Die Die Die","Storm of Steel"],"picked":"Corpse Explosion","floor":16},{"not_picked":["Eviscerate","Cloak And Dagger"],"picked":"Bane","floor":18},{"not_picked":["Deadly Poison+1","Endless Agony"],"picked":"Crippling Poison","floor":19},{"not_picked":["Dagger Throw+1","Slice"],"picked":"Blur","floor":22}],"player_experience":1160752,"relics_obtained":[{"floor":8,"key":"Art of War"},{"floor":9,"key":"Orichalcum"},{"floor":11,"key":"Toy Ornithopter"},{"floor":13,"key":"Pantograph"}],"event_choices":[{"damage_healed":0,"gold_gain":0,"player_choice":"Grow","damage_taken":0,"max_hp_gain":0,"max_hp_loss":0,"event_name":"Living Wall","floor":5,"gold_loss":0,"cards_upgraded":["Noxious Fumes"]},{"damage_healed":0,"gold_gain":175,"player_choice":"AGREE","damage_taken":0,"max_hp_gain":0,"max_hp_loss":0,"event_name":"Liars Game","floor":12,"gold_loss":0,"cards_obtained":["Doubt"]},{"damage_healed":0,"gold_gain":0,"player_choice":"Ignored","damage_taken":0,"max_hp_gain":0,"max_hp_loss":0,"event_name":"Ghosts","floor":20,"gold_loss":0}],"is_beta":false,"boss_relics":[{"not_picked":["Calling Bell","Sozu"],"picked":"Velvet Choker"}],"items_purged_floors":[10,14,21],"is_endless":false,"potions_floor_spawned":[2,4,7,18],"killed_by":"Gremlin Leader","ascension_level":3}}