{"host":"liwj66r6jjqhm4vi","time":1612647804,"event":{"mods":["BaseMod","Colored Map","Downfall","Minty Spire (QoL Compilation)","Replay The Spire","StSLib"],"gold_per_floor":[99,111,130,150,54,54,102,114,148,163,163,174,190,365,382,382,382,382],"floor_reached":16,"language":"ENG","playtime":946,"items_purged":[],"score":106,"play_id":"06f592b0-8f15-49bb-9b62-e5c7178073c1","local_time":"20210206164324","is_ascension_mode":false,"campfire_choices":[{"data":"bronze:Replicate","floor":1,"key":"SMITH"},{"data":"bronze:FineTuning","floor":6,"key":"SMITH"}],"circlet_count":0,"master_deck":["bronze:Strike","bronze:Strike","bronze:Strike","bronze:Strike","bronze:Defend","bronze:Defend","bronze:Defend","bronze:Defend","bronze:Replicate+1","bronze:Goto","bronze:SpaghettiCode","bronze:Safeguard","bronze:FineTuning+1","bronze:ItsAFeature","bronze:FollowUp","bronze:DigitalCarnage","bronze:SpaghettiCode","bronze:Boost","Doubt"],"relics":["bronze:BronzeCore","Bag of Marbles","Pantograph"],"acts_visited":["Exordium"],"potions_floor_usage":[],"damage_taken":[{"damage":0,"enemies":"2 Louse","floor":2,"turns":3},{"damage":0,"enemies":"Cultist","floor":3,"turns":5},{"damage":0,"enemies":"Small Slimes","floor":4,"turns":3},{"damage":0,"enemies":"downfall:FleeingMerchant","floor":5,"turns":4},{"damage":11,"enemies":"Large Slime","floor":8,"turns":4},{"damage":6,"enemies":"Replay:BlueRogue","floor":9,"turns":5},{"damage":0,"enemies":"Exordium Wildlife","floor":10,"turns":3},{"damage":0,"enemies":"2 Fungi Beasts","floor":12,"turns":2},{"damage":0,"enemies":"Lots of Slimes","floor":13,"turns":3},{"damage":0,"enemies":"3 Louse","floor":15,"turns":3},{"damage":76,"enemies":"IC_STATUS_ARCHETYPE","floor":16,"turns":10}],"seed_played":"-4842632973872888804","potions_obtained":[{"floor":2,"key":"Energy Potion"},{"floor":4,"key":"LifebloodPotion"},{"floor":8,"key":"SkillPotion"},{"floor":13,"key":"GamblersBrew"}],"is_trial":false,"path_per_floor":["R_BF","M","M","M","$","R","T","M","E","M","?","M","M","?","M","B"],"character_chosen":"THE_AUTOMATON","items_purchased":["bronze:FollowUp"],"campfire_rested":0,"item_purchase_floors":[5],"current_hp_per_floor":[63,63,63,63,63,63,63,52,46,46,46,46,46,46,46,0,0,0],"gold":382,"neow_bonus":"THREE_RARE_CARDS","is_daily":false,"chose_seed":false,"campfire_upgraded":2,"win_rate":0.0,"timestamp":1612647804,"path_taken":["R_BF","M","M","M","$","R","T","M","E","M","?","?","M","?","M","BOSS"],"items_purchased_type":["Card"],"build_version":"2020-12-22","purchased_purges":0,"victory":false,"max_hp_per_floor":[63,63,63,63,63,63,63,63,63,63,63,63,63,63,63,63,63,63],"card_choices":[{"not_picked":["bronze:Virus","bronze:Break"],"picked":"bronze:SpaghettiCode","floor":0},{"not_picked":["bronze:Deprecate","bronze:Return"],"picked":"bronze:Safeguard","floor":2},{"not_picked":["bronze:OilSpill","bronze:Repair"],"picked":"bronze:FineTuning","floor":3},{"not_picked":["bronze:FineTuning","bronze:DelayedGuard"],"picked":"bronze:ItsAFeature","floor":4},{"not_picked":["bronze:Allocate","bronze:FineTuning","bronze:WildBeam"],"picked":"SKIP","floor":5},{"not_picked":["bronze:OilSpill","bronze:WildBeam","bronze:Shield"],"picked":"SKIP","floor":8},{"not_picked":["bronze:WhirlingStrike","bronze:Turbo","bronze:FindAndReplace"],"picked":"SKIP","floor":9},{"not_picked":["bronze:WildBeam","bronze:FineTuning"],"picked":"bronze:DigitalCarnage","floor":10},{"not_picked":["bronze:Iterate","bronze:CutThrough"],"picked":"bronze:Boost","floor":12},{"not_picked":["bronze:Overheat","bronze:WhirlingStrike","bronze:NullPointer"],"picked":"SKIP","floor":13},{"not_picked":["bronze:WildBeam","bronze:Allocate","bronze:Shield"],"picked":"SKIP","floor":15}],"player_experience":180742,"relics_obtained":[{"floor":7,"key":"Bag of Marbles"},{"floor":9,"key":"Pantograph"}],"event_choices":[],"is_beta":false,"boss_relics":[],"items_purged_floors":[],"is_endless":false,"potions_floor_spawned":[2,4,8,13],"killed_by":"IC_STATUS_ARCHETYPE","ascension_level":0}}