{"host":"Qube","time":1612596373,"event":{"mods":["AchievementEnabler","BaseMod","Colored Map","Colored Powertips","Highlight Path","Minty Spire (QoL Compilation)","Permanent Neow","Quick Restart","Random Character Button","StSLib"],"gold_per_floor":[114,129,144,159,234,264,279,309,359,359,374,374,389,389,389,489,489,504,519,125,35,65,95,95,125,125,155,155,170,200,200,200,300,300,315,330,330,330],"floor_reached":37,"language":"ENG","playtime":2124,"items_purged":["Havoc"],"score":556,"play_id":"b3b4830c-8295-4b39-b42e-c1126990b84b","local_time":"20210205232613","daily_mods":["Draft","Diverse","DeadlyEvents"],"is_ascension_mode":false,"campfire_choices":[{"data":"TalkToTheHand","floor":10,"key":"SMITH"},{"data":"WreathOfFlame","floor":12,"key":"SMITH"},{"data":"Auto Shields","floor":15,"key":"SMITH"},{"data":"True Grit","floor":24,"key":"SMITH"},{"floor":32,"key":"REST"}],"circlet_count":0,"master_deck":["Escape Plan","Cloak And Dagger","Auto Shields+1","Skewer","FollowUp","TalkToTheHand+1","Pommel Strike","Sweeping Beam","Rip and Tear","WreathOfFlame+1","Wild Strike","SashWhip","Headbutt","Burst","PiercingWail","Ball Lightning","Rip and Tear","Acrobatics","Rip and Tear","Sword Boomerang","Fiend Fire","Flame Barrier+1","Inflame+1","Cloak And Dagger+1","True Grit+1","FTL","Conserve Battery+1","Fasting2+1","Self Repair+1","Burst+1","Dual Wield+1","Warcry+1"],"relics":["Ring of the Snake","Question Card","Ancient Tea Set","Dream Catcher","Busted Crown","Frozen Egg 2","Mercury Hourglass","Centennial Puzzle","Toxic Egg 2","Vajra","Tough Bandages","Pen Nib","PreservedInsect","Empty Cage"],"acts_visited":["Exordium","TheCity","TheBeyond"],"potions_floor_usage":[8,11,16,27,28,33],"damage_taken":[{"damage":0.0,"enemies":"Small Slimes","floor":1.0,"turns":4.0},{"damage":0.0,"enemies":"2 Louse","floor":2.0,"turns":2.0},{"damage":0.0,"enemies":"Cultist","floor":3.0,"turns":3.0},{"damage":3,"enemies":"Red Slaver","floor":4,"turns":2},{"damage":0,"enemies":"Gremlin Nob","floor":6,"turns":3},{"damage":1,"enemies":"Looter","floor":7,"turns":3},{"damage":3,"enemies":"Lagavulin","floor":8,"turns":5},{"damage":0,"enemies":"3 Louse","floor":11,"turns":1},{"damage":0,"enemies":"Exordium Wildlife","floor":13,"turns":2},{"damage":16,"enemies":"The Guardian","floor":16,"turns":9},{"damage":4,"enemies":"Spheric Guardian","floor":18,"turns":3},{"damage":0,"enemies":"Chosen","floor":19,"turns":3},{"damage":6,"enemies":"Book of Stabbing","floor":22,"turns":6},{"damage":13,"enemies":"Slavers","floor":23,"turns":4},{"damage":0,"enemies":"Gremlin Leader","floor":25,"turns":6},{"damage":8,"enemies":"Slavers","floor":27,"turns":3},{"damage":1,"enemies":"Shelled Parasite and Fungi","floor":28,"turns":3},{"damage":6,"enemies":"Chosen and Byrds","floor":29,"turns":2},{"damage":0,"enemies":"Gremlin Leader","floor":30,"turns":3},{"damage":28,"enemies":"Automaton","floor":33,"turns":6},{"damage":30,"enemies":"3 Darklings","floor":35,"turns":3},{"damage":1,"enemies":"Orb Walker","floor":36,"turns":2},{"damage":65,"enemies":"2 Orb Walkers","floor":37,"turns":5}],"seed_played":"5285009320175426936","potions_obtained":[{"floor":2.0,"key":"Explosive Potion"},{"floor":4,"key":"EssenceOfSteel"},{"floor":6,"key":"Explosive Potion"},{"floor":8,"key":"ColorlessPotion"},{"floor":16,"key":"LiquidBronze"},{"floor":22,"key":"SmokeBomb"},{"floor":30,"key":"FearPotion"},{"floor":36,"key":"Ancient Potion"}],"is_trial":false,"path_per_floor":["M","M","M","M","?","E","M","E","T","R","M","R","M","?","R","B",null,"M","M","$","?","E","E","R","E","T","E","M","M","E","T","R","B",null,"M","M","?"],"character_chosen":"THE_SILENT","items_purchased":["Frozen Egg 2","Inflame+1"],"campfire_rested":1,"item_purchase_floors":[20,20],"current_hp_per_floor":[70,70,70,67,56,56,55,52,52,52,52,52,52,57,57,41,75,71,71,71,71,65,52,52,52,52,44,43,37,37,37,59,31,75,45,44,0,0],"gold":330,"neow_bonus":"","is_daily":true,"chose_seed":false,"campfire_upgraded":4,"win_rate":0.0,"timestamp":1612596373,"path_taken":["M","M","M","M","?","E","M","E","T","R","M","R","M","?","R","BOSS","M","M","$","?","?","E","R","?","T","E","?","M","E","?","R","BOSS","M","M","?"],"items_purchased_type":["Relic","Card"],"build_version":"2020-12-18","purchased_purges":1,"victory":false,"max_hp_per_floor":[70,70,70,70,70,70,70,70,70,70,70,70,70,75,75,75,75,75,75,75,75,75,75,75,75,75,75,75,75,75,75,75,75,75,75,75,75,75],"card_choices":[{"not_picked":["Rupture","Lockon"],"picked":"Havoc","floor":0.0},{"not_picked":["Armaments","Clothesline"],"picked":"Iron Wave","floor":0.0},{"not_picked":["PathToVictory","Hello World"],"picked":"Escape Plan","floor":0.0},{"not_picked":["Body Slam","Perseverance"],"picked":"Cloak And Dagger","floor":0.0},{"not_picked":["Force Field","Prepared"],"picked":"Clothesline","floor":0.0},{"not_picked":["Gash","Headbutt"],"picked":"Auto Shields","floor":0.0},{"not_picked":["Blizzard","Clash"],"picked":"Skewer","floor":0.0},{"not_picked":["Warcry","Cloak And Dagger"],"picked":"FollowUp","floor":0.0},{"not_picked":["Beam Cell","Cold Snap"],"picked":"TalkToTheHand","floor":0.0},{"not_picked":["Compile Driver","Entrench"],"picked":"Pommel Strike","floor":0.0},{"not_picked":["Deadly Poison","Clash"],"picked":"Sweeping Beam","floor":0.0},{"not_picked":["Quick Slash","Intimidate"],"picked":"Rip and Tear","floor":0.0},{"not_picked":["Rupture","EmptyBody"],"picked":"Deadly Poison","floor":0.0},{"not_picked":["Stack","EmptyFist"],"picked":"WreathOfFlame","floor":0.0},{"not_picked":["Flex","Underhanded Strike"],"picked":"Wild Strike","floor":0.0},{"not_picked":["Perfected Strike","Bane"],"picked":"SashWhip","floor":1.0},{"not_picked":["Go for the Eyes","Havoc"],"picked":"Headbutt","floor":2.0},{"not_picked":["BowlingBash","Slice"],"picked":"Burst","floor":3.0},{"not_picked":["Sweeping Beam","Adaptation"],"picked":"PiercingWail","floor":4},{"not_picked":["Thunderclap","Sucker Punch"],"picked":"Ball Lightning","floor":6},{"not_picked":["Iron Wave","Chaos","Conserve Battery"],"picked":"Rip and Tear","floor":7},{"not_picked":["EmptyMind","Go for the Eyes","Crescendo"],"picked":"Acrobatics","floor":8},{"not_picked":["Evaluate","Havoc","Underhanded Strike"],"picked":"Rip and Tear","floor":11},{"not_picked":["EmptyFist","Skim","FlurryOfBlows"],"picked":"Sword Boomerang","floor":13},{"not_picked":["Bullet Time","Corruption","All For One"],"picked":"Fiend Fire","floor":16},{"not_picked":["ClearTheMind","Halt"],"picked":"SKIP","floor":18},{"not_picked":["Turbo"],"picked":"Flame Barrier","floor":19},{"not_picked":["Hello World+1"],"picked":"Cloak And Dagger+1","floor":22},{"not_picked":["Adaptation+1"],"picked":"True Grit","floor":23},{"not_picked":["CutThroughFate+1"],"picked":"FTL","floor":25},{"not_picked":["Brutality+1","Cleave"],"picked":"SKIP","floor":27},{"not_picked":["Sever Soul"],"picked":"Conserve Battery+1","floor":29},{"not_picked":["Setup+1"],"picked":"Fasting2+1","floor":30},{"not_picked":["ReachHeaven"],"picked":"Self Repair+1","floor":32},{"not_picked":["Meteor Strike"],"picked":"Burst+1","floor":33},{"not_picked":["Dagger Throw"],"picked":"Dual Wield+1","floor":35},{"not_picked":["Halt+1"],"picked":"Warcry+1","floor":36}],"player_experience":1073037,"relics_obtained":[{"floor":6,"key":"Question Card"},{"floor":8,"key":"Ancient Tea Set"},{"floor":9,"key":"Dream Catcher"},{"floor":22,"key":"Mercury Hourglass"},{"floor":23,"key":"Centennial Puzzle"},{"floor":25,"key":"Toxic Egg 2"},{"floor":26,"key":"Vajra"},{"floor":27,"key":"Tough Bandages"},{"floor":30,"key":"Pen Nib"},{"floor":31,"key":"PreservedInsect"}],"event_choices":[{"damage_healed":0,"gold_gain":75,"player_choice":"Gather Gold","damage_taken":11,"max_hp_gain":0,"max_hp_loss":0,"event_name":"World of Goop","floor":5,"gold_loss":0},{"damage_healed":0,"gold_gain":0,"player_choice":"Donut","damage_taken":0,"max_hp_gain":5,"max_hp_loss":0,"event_name":"Big Fish","floor":14,"gold_loss":0},{"cards_removed":["Deadly Poison"],"damage_healed":0,"gold_gain":0,"player_choice":"Upgrade and Remove","damage_taken":0,"max_hp_gain":0,"max_hp_loss":0,"event_name":"Designer","floor":21,"gold_loss":90,"cards_upgraded":["Flame Barrier"]},{"damage_healed":0,"gold_gain":0,"player_choice":"Fight","damage_taken":0,"max_hp_gain":0,"max_hp_loss":0,"event_name":"Mysterious Sphere","floor":37,"gold_loss":0}],"is_beta":true,"boss_relics":[{"not_picked":["Astrolabe","Sozu"],"picked":"Busted Crown"},{"not_picked":["Fusion Hammer","WristBlade"],"picked":"Empty Cage"}],"items_purged_floors":[20],"is_endless":false,"potions_floor_spawned":[2,4,6,8,16,22,28,30,36],"killed_by":"2 Orb Walkers","ascension_level":0}}