{"host":"630px4nyj50z5id8","time":1612593703,"event":{"mods":["BaseMod","Better Note","Colored Powertips","Good Game Mod","Minty Spire (QoL Compilation)","Quick Restart","Rare Cards Sparkle","Relic Filter Mod","Replay The Spire","StSLib","Waifu the Spire"],"gold_per_floor":[132,82,357,5,57,109,162,255,325,355,355,413,456,95,95,95,95],"floor_reached":16,"language":"ZHS","playtime":475,"items_purged":["Regret","Strike_R"],"score":173,"play_id":"9fef4c69-6287-4420-af71-ba7b5ea69455","local_time":"20210206144143","is_ascension_mode":true,"campfire_choices":[{"data":"HandOfGreed","floor":11.0,"key":"SMITH"},{"floor":15,"key":"REST"}],"circlet_count":0,"master_deck":["Strike_R","Strike_R","Strike_R","Defend_R","Defend_R","Defend_R","Defend_R","Bash","HandOfGreed+1","Sword Boomerang","ReplayUltimateDefense","Dramatic Entrance","Deep Breath","Brutality","Dual Wield","Dark Embrace","Battle Trance","Immolate","Exhume","Combust","Rupture","Rupture","Armaments"],"relics":["Burning Blood","REME:ComplimentaryCards","NeowsBlessing","ReplayTheSpireMod:ShopPack","Replay:Towering Pillar of Hats","Lantern","Mummified Hand","Molten Egg 2","Pet Ghost","Strange Spoon"],"acts_visited":["Exordium"],"potions_floor_usage":[],"damage_taken":[{"damage":0.0,"enemies":"Cultist","floor":1.0,"turns":2.0},{"damage":0.0,"enemies":"2 Louse","floor":5.0,"turns":5.0},{"damage":13.0,"enemies":"Gremlin Nob","floor":6.0,"turns":3.0},{"damage":2.0,"enemies":"Small Slimes","floor":7.0,"turns":3.0},{"damage":39.0,"enemies":"3 Sentries","floor":8.0,"turns":4.0},{"damage":20.0,"enemies":"Gremlin Nob","floor":10.0,"turns":4.0},{"damage":17.0,"enemies":"3 Sentries","floor":12.0,"turns":4.0},{"damage":8,"enemies":"Red Slaver","floor":13,"turns":3},{"damage":1,"enemies":"Fading Forest","floor":16,"turns":3}],"seed_played":"-9001772820986212469","potions_obtained":[{"floor":1.0,"key":"Weak Potion"},{"floor":5.0,"key":"SteroidPotion"},{"floor":10.0,"key":"Flashbang"},{"floor":13,"key":"BlessingOfTheForge"}],"is_trial":false,"path_per_floor":["M","?","?","$","M","E","M","E","T","E","R","E","M","$","R","B"],"character_chosen":"IRONCLAD","items_purchased":["ReplayTheSpireMod:ShopPack","Brutality","Rupture","Strange Spoon","Armaments"],"campfire_rested":1,"item_purchase_floors":[4,4,14,14,14],"current_hp_per_floor":[78,78,78,78,80,73,77,44,44,30,30,19,17,17,41,40,40],"gold":95,"neow_bonus":"THREE_ENEMY_KILL","is_daily":false,"chose_seed":false,"campfire_upgraded":1,"win_rate":0.0,"timestamp":1612593703,"path_taken":["M","?","?","$","?","E","M","E","T","E","R","E","M","$","R","BOSS"],"items_purchased_type":["Relic","Card","Card","Relic","Card"],"build_version":"2020-12-22","purchased_purges":2,"victory":false,"max_hp_per_floor":[80,80,80,80,80,80,80,80,80,80,80,80,80,80,80,80,80],"card_choices":[{"not_picked":["Anger","Abandon"],"picked":"Sword Boomerang","floor":1.0},{"not_picked":["Poisoned Strike","Chrysalis"],"picked":"ReplayUltimateDefense","floor":4.0},{"not_picked":["Jack Of All Trades","Finesse"],"picked":"Dramatic Entrance","floor":4.0},{"not_picked":["Replay:Sssssssssstrike","Dark Shackles"],"picked":"Deep Breath","floor":4.0},{"not_picked":["Anger","Pommel Strike"],"picked":"Dual Wield","floor":5.0},{"not_picked":["Sever Soul","ReplayTheSpireMod:Corrosion Curse"],"picked":"Dark Embrace","floor":6.0},{"not_picked":["Havoc","Headbutt"],"picked":"Battle Trance","floor":7.0},{"not_picked":["Wild Strike","Perfected Strike"],"picked":"Immolate","floor":8.0},{"not_picked":["Flame Barrier","Heavy Blade+1"],"picked":"Exhume","floor":10.0},{"not_picked":["Twin Strike+1","Barricade"],"picked":"Combust","floor":12.0},{"not_picked":["Dropkick+1","Iron Wave+1","Clash+1"],"picked":"SKIP","floor":13}],"player_experience":396239,"relics_obtained":[{"floor":6.0,"key":"Replay:Towering Pillar of Hats"},{"floor":8.0,"key":"Lantern"},{"floor":9.0,"key":"Mummified Hand"},{"floor":10.0,"key":"Molten Egg 2"},{"floor":12.0,"key":"Pet Ghost"}],"event_choices":[{"cards_removed":["Strike_R"],"damage_healed":0.0,"max_hp_gain":0.0,"max_hp_loss":0.0,"gold_gain":0.0,"event_name":"The Cleric","player_choice":"Card Removal","floor":2.0,"gold_loss":50.0,"damage_taken":0.0},{"damage_healed":0.0,"max_hp_gain":0.0,"max_hp_loss":0.0,"gold_gain":275.0,"event_name":"Golden Shrine","player_choice":"Desecrate","floor":3.0,"gold_loss":0.0,"damage_taken":0.0,"cards_obtained":["Regret"]}],"is_beta":false,"boss_relics":[],"items_purged_floors":[4,14],"is_endless":false,"potions_floor_spawned":[1,5,10,13],"killed_by":"Fading Forest","ascension_level":7}}