{"host":"Black","time":1612607588,"event":{"mods":["Act Like it!","Always Whale","AlwaysNeverKeys","Aspiration","BaseMod","Beta Mode","BetterRewards","Colored Map","Colored Powertips","Custom Start","DeckTracker","Downfall","FetchMod","Highlight Path","Hubris","Minty Spire (QoL Compilation)","MoreRelics","Quick Restart","Random Character Button","Shop Mod","StSLib","SuperFastMode","Unceasing Turn Reminder","everything is the same but u backflip on backflip"],"gold_per_floor":[111,111,124,142,156,156,181,181,181,196,196,209,209,235,235,337,337,350,30,50,11,11,44,44,44,118,33,33,43,62,75,75,173,223,241,261,261,61,79,79,111,130,183,237,254,254,254,266,266,266],"floor_reached":51,"language":"ENG","playtime":3104,"items_purged":["Strike_G","Grand Finale"],"score":796,"play_id":"0e086fa3-c6c1-498b-9976-7216b1256897","local_time":"20210206113308","is_ascension_mode":true,"campfire_choices":[{"data":"Neutralize","floor":6,"key":"SMITH"},{"data":"Deadly Poison","floor":8,"key":"SMITH"},{"data":"Well Laid Plans","floor":11,"key":"SMITH"},{"data":"Accuracy","floor":15,"key":"SMITH"},{"data":"Blade Dance","floor":24,"key":"SMITH"},{"data":"Footwork","floor":28,"key":"SMITH"},{"data":"Phantasmal Killer","floor":32,"key":"SMITH"},{"data":"Cloak And Dagger","floor":40,"key":"SMITH"},{"data":"Spot Weakness","floor":47,"key":"SMITH"},{"data":"Adrenaline","floor":49,"key":"SMITH"}],"circlet_count":0,"master_deck":["Defend_G","Defend_G","Defend_G","Defend_G","Defend_G+1","Survivor","Neutralize+1","Infinite Blades+1","Deadly Poison+1","Catalyst+1","Well Laid Plans+1","Terror","Accuracy+1","Phantasmal Killer+1","Blade Dance+1","Dodge and Roll+1","Footwork+1","Infinite Blades+1","Slimebound:Tackle+1","Slimebound:Tackle+1","Prepared+1","Adrenaline+1","Quick Slash+1","Blade Dance+1","Blade Dance+1","Cloak And Dagger+1","Finisher","Acrobatics","Blur+1","Adrenaline","Choke+1","Spot Weakness+1","Flex"],"relics":["Ring of the Snake","aspiration:Nostalgia","PureWater","aspiration:StickyExplosives_weak","Letter Opener","aspiration:Lifesprig","hubris:VirtuousBlindfold","Kunai","The Courier","Bottled Lightning","Matryoshka","Tiny House","hubris:DisguiseKit","Strawberry","Juzu Bracelet","hubris:Zylophone","downfall:ExtraCursedKey"],"acts_visited":["Exordium","TheCity","TheBeyond"],"potions_floor_usage":[7,14,23,44,48,50,50],"damage_taken":[{"damage":0,"enemies":"2 Louse","floor":1,"turns":3},{"damage":1,"enemies":"Cultist","floor":3,"turns":3},{"damage":0,"enemies":"Small Slimes","floor":4,"turns":4},{"damage":5,"enemies":"Exordium Wildlife","floor":5,"turns":4},{"damage":23,"enemies":"3 Sentries","floor":7,"turns":9},{"damage":0,"enemies":"Large Slime","floor":10,"turns":5},{"damage":0,"enemies":"3 Louse","floor":12,"turns":3},{"damage":1,"enemies":"Gremlin Nob","floor":14,"turns":3},{"damage":7,"enemies":"Hexaghost","floor":16,"turns":6},{"damage":5,"enemies":"Chosen","floor":18,"turns":4},{"damage":7,"enemies":"Shell Parasite","floor":20,"turns":3},{"damage":0,"enemies":"Gremlin Leader","floor":23,"turns":5},{"damage":3,"enemies":"3 Cultists","floor":29,"turns":3},{"damage":2,"enemies":"Centurion and Healer","floor":30,"turns":3},{"damage":12,"enemies":"Snake Plant","floor":31,"turns":4},{"damage":7,"enemies":"Automaton","floor":33,"turns":7},{"damage":0,"enemies":"Orb Walker","floor":35,"turns":3},{"damage":0,"enemies":"3 Darklings","floor":36,"turns":3},{"damage":11,"enemies":"Writhing Mass","floor":39,"turns":5},{"damage":1,"enemies":"Nemesis","floor":41,"turns":5},{"damage":7,"enemies":"Spire Growth","floor":42,"turns":3},{"damage":7,"enemies":"2 Orb Walkers","floor":44,"turns":5},{"damage":0,"enemies":"Maw","floor":45,"turns":4},{"damage":0,"enemies":"Jaw Worm Horde","floor":48,"turns":3},{"damage":6,"enemies":"hubris:GrandSnecko","floor":50,"turns":4}],"seed_played":"2821341664463838377","potions_obtained":[{"floor":3,"key":"LiquidBronze"},{"floor":5,"key":"Poison Potion"},{"floor":10,"key":"SpeedPotion"},{"floor":14,"key":"Guardian:BlockOnCardUsePotion"},{"floor":23,"key":"Fire Potion"},{"floor":29,"key":"ColorlessPotion"},{"floor":41,"key":"PowerPotion"},{"floor":45,"key":"hexamod:SoulburnPotion"}],"is_trial":false,"path_per_floor":["M","?","M","M","M","R","E","R","T","M","R","M","?","E","R","B",null,"M","$","M","$","?","E","R","?","T","?","R","M","M","M","R","B",null,"M","M","?","$","M","R","E","M","T","?","M","?","R","M","R","B",null],"character_chosen":"THE_SILENT","items_purchased":["Kunai","Footwork","Cloak And Dagger","Finisher","Acrobatics"],"campfire_rested":0,"item_purchase_floors":[19,21,38,38,38],"current_hp_per_floor":[70,70,69,69,64,64,41,41,41,41,41,41,41,40,40,33,70,65,65,58,58,58,58,58,58,58,58,58,55,53,41,41,34,75,75,75,75,75,64,64,63,56,63,56,56,56,56,56,56,50],"gold":266,"neow_bonus":"NOSTALGIA","is_daily":false,"chose_seed":false,"campfire_upgraded":10,"win_rate":0.0,"timestamp":1612607588,"path_taken":["M","?","M","?","M","R","E","R","T","M","R","M","?","E","R","BOSS","M","$","M","$","?","E","R","?","T","?","R","?","M","M","R","BOSS","M","M","?","$","M","R","E","?","T","?","M","?","R","M","R","BOSS"],"items_purchased_type":["Relic","Card","Card","Card","Card"],"build_version":"2020-12-22","purchased_purges":2,"victory":true,"max_hp_per_floor":[70,70,70,70,70,70,70,70,70,70,70,70,70,70,70,70,70,70,70,70,70,70,70,70,70,70,70,70,70,70,70,70,70,75,75,75,75,75,75,75,75,75,82,82,82,82,82,82,82,82],"card_choices":[{"not_picked":["Flying Knee","hubris:SlightOfHand"],"picked":"Infinite Blades","floor":1},{"not_picked":["hubris:SlightOfHand","Sucker Punch"],"picked":"Deadly Poison","floor":3},{"not_picked":["hubris:SlightOfHand","Tactician"],"picked":"Catalyst","floor":4},{"not_picked":["Quick Slash","Deflect"],"picked":"hubris:TrickCloak","floor":5},{"not_picked":["Bane","PiercingWail","Slice"],"picked":"SKIP","floor":7},{"not_picked":["Choke","Tactician"],"picked":"Well Laid Plans","floor":10},{"not_picked":["Slice","Dagger Spray"],"picked":"Terror","floor":12},{"not_picked":["Flechettes","Distraction"],"picked":"Accuracy","floor":14},{"not_picked":["Doppelganger","Glass Knife"],"picked":"Phantasmal Killer","floor":16},{"not_picked":["Endless Agony","Poisoned Stab"],"picked":"Blade Dance","floor":18},{"not_picked":["Deadly Poison","Outmaneuver+1"],"picked":"Dodge and Roll+1","floor":20},{"not_picked":["Tactician","Acrobatics"],"picked":"Infinite Blades+1","floor":23},{"not_picked":["Sucker Punch","PiercingWail","Flying Knee"],"picked":"SKIP","floor":29},{"not_picked":["Glass Knife","Caltrops+1"],"picked":"Prepared+1","floor":30},{"not_picked":["Reflex","Underhanded Strike","hubris:SlightOfHand"],"picked":"SKIP","floor":31},{"not_picked":["Glass Knife","Doppelganger"],"picked":"Adrenaline","floor":33},{"not_picked":["All Out Attack","Flying Knee"],"picked":"Quick Slash+1","floor":34},{"not_picked":["Well Laid Plans","Masterful Stab+1"],"picked":"Blade Dance+1","floor":35},{"not_picked":["Deflect+1","Calculated Gamble"],"picked":"Blade Dance+1","floor":36},{"not_picked":["All Out Attack","Dodge and Roll+1"],"picked":"Blur+1","floor":39},{"not_picked":["PiercingWail","Catalyst+1"],"picked":"Adrenaline","floor":41},{"not_picked":["Well Laid Plans+1","Slice","Bane","Fire Breathing"],"picked":"SKIP","floor":42},{"not_picked":["Skewer","Blade Dance","Reckless Charge"],"picked":"Choke+1","floor":44},{"not_picked":["Heel Hook+1","Escape Plan+1","hubris:Sniper+1"],"picked":"Spot Weakness","floor":45},{"not_picked":["Tactician","Outmaneuver+1","Cloak And Dagger+1"],"picked":"Flex","floor":48}],"player_experience":481021,"relics_obtained":[{"floor":7,"key":"aspiration:StickyExplosives_weak"},{"floor":9,"key":"Letter Opener"},{"floor":14,"key":"aspiration:Lifesprig"},{"floor":23,"key":"The Courier"},{"floor":26,"key":"Bottled Lightning"},{"floor":41,"key":"hubris:DisguiseKit"},{"floor":43,"key":"Strawberry"},{"floor":43,"key":"Juzu Bracelet"},{"floor":44,"key":"hubris:Zylophone"}],"event_choices":[{"damage_healed":0,"gold_gain":0,"player_choice":"Forge","damage_taken":0,"max_hp_gain":0,"max_hp_loss":0,"event_name":"Accursed Blacksmith","floor":2,"gold_loss":0,"cards_upgraded":["Infinite Blades"]},{"damage_healed":0,"gold_gain":0,"player_choice":"Ignored","damage_taken":0,"max_hp_gain":0,"max_hp_loss":0,"event_name":"Ghosts","floor":22,"gold_loss":0},{"damage_healed":0,"gold_gain":0,"player_choice":"Obtained Relic","damage_taken":0,"relics_obtained":["Matryoshka"],"max_hp_gain":0,"max_hp_loss":0,"event_name":"Addict","floor":27,"gold_loss":85},{"damage_healed":0,"gold_gain":0,"cards_transformed":["Slimebound:Tackle"],"player_choice":"Transformed","damage_taken":0,"max_hp_gain":0,"max_hp_loss":0,"event_name":"Transmorgrifier","floor":37,"gold_loss":0,"cards_obtained":["Grand Finale"]},{"damage_healed":0,"gold_gain":0,"player_choice":"Fight","damage_taken":0,"max_hp_gain":0,"max_hp_loss":0,"event_name":"Mysterious Sphere","floor":44,"gold_loss":0}],"is_beta":true,"boss_relics":[{"not_picked":["WristBlade","Ring of the Serpent"],"picked":"hubris:VirtuousBlindfold"},{"not_picked":["aspiration:WatcherSkillbook","aspiration:PoetsPen_weak"],"picked":"Tiny House"}],"items_purged_floors":[19,38],"is_endless":false,"potions_floor_spawned":[3,5,10,14,23,29,35,39,41,45],"ascension_level":1}}