{"host":"Matt","time":1612572953,"event":{"mods":["BaseMod","Bestiary","Colored Powertips","Highlight Path","Minty Spire (QoL Compilation)","Rare Cards Sparkle","Relic Stats","StSLib"],"gold_per_floor":[116,129,141,90,107,107,25,43,43,59,59,2,15,15,15,88,138,150,150,150,164,144,144,161,175,175,175,175],"floor_reached":27,"language":"ENG","playtime":776,"items_purged":[],"score":404,"play_id":"f5a6eb35-31f1-4774-882a-beeb7714dbe9","local_time":"20210206005553","is_ascension_mode":true,"campfire_choices":[{"data":"Whirlwind","floor":11,"key":"SMITH"},{"data":"Shockwave","floor":15,"key":"SMITH"},{"floor":23,"key":"REST"}],"circlet_count":0,"master_deck":["AscendersBane","Strike_R+1","Strike_R","Strike_R","Strike_R","Strike_R","Defend_R","Defend_R","Defend_R","Bash","Perfected Strike","Whirlwind+1","Shrug It Off","Pommel Strike","Wild Strike","Shrug It Off","Clash","Shockwave+1","Twin Strike","Dual Wield+1","Twin Strike","Twin Strike","Wild Strike"],"relics":["Burning Blood","Omamori","Tiny House"],"acts_visited":["Exordium","TheCity"],"potions_floor_usage":[5,16,18,24,25,27],"damage_taken":[{"damage":0,"enemies":"2 Louse","floor":1,"turns":2},{"damage":1,"enemies":"Cultist","floor":2,"turns":3},{"damage":5,"enemies":"Small Slimes","floor":3,"turns":3},{"damage":2,"enemies":"2 Fungi Beasts","floor":5,"turns":3},{"damage":6,"enemies":"Looter","floor":8,"turns":2},{"damage":7,"enemies":"Red Slaver","floor":10,"turns":3},{"damage":1,"enemies":"Exordium Wildlife","floor":13,"turns":4},{"damage":23,"enemies":"Slime Boss","floor":16,"turns":8},{"damage":18,"enemies":"3 Byrds","floor":18,"turns":4},{"damage":39,"enemies":"Spheric Guardian","floor":21,"turns":7},{"damage":31,"enemies":"Snake Plant","floor":24,"turns":4},{"damage":21,"enemies":"Shelled Parasite and Fungi","floor":25,"turns":3},{"damage":20,"enemies":"3 Cultists","floor":27,"turns":3}],"seed_played":"5038215153227901771","potions_obtained":[{"floor":2,"key":"Fire Potion"},{"floor":5,"key":"Explosive Potion"},{"floor":16,"key":"SpeedPotion"},{"floor":17,"key":"SkillPotion"},{"floor":21,"key":"Strength Potion"},{"floor":22,"key":"GamblersBrew"},{"floor":24,"key":"LiquidMemories"}],"is_trial":false,"path_per_floor":["M","M","M","$","M","?","$","M","T","M","R","$","M","?","R","B",null,"M","?","$","M","?","R","M","M","T","M"],"character_chosen":"IRONCLAD","items_purchased":["Shrug It Off","Wild Strike","Shrug It Off","Twin Strike"],"campfire_rested":1,"item_purchase_floors":[4,7,7,12],"current_hp_per_floor":[74,75,75,75,75,75,75,75,75,74,74,74,75,75,75,58,76,64,64,64,31,31,55,30,15,15,0,0],"gold":175,"neow_bonus":"THREE_CARDS","is_daily":false,"chose_seed":false,"campfire_upgraded":2,"win_rate":0.0,"timestamp":1612572953,"path_taken":["M","M","M","$","M","?","$","?","T","M","R","?","M","?","R","BOSS","M","?","$","M","?","R","M","M","T","?"],"items_purchased_type":["Card","Card","Card","Card"],"build_version":"2020-12-18","purchased_purges":0,"victory":false,"max_hp_per_floor":[75,75,75,75,75,75,75,75,75,75,75,75,75,75,75,75,80,80,80,80,80,80,80,80,80,80,80,80],"relic_stats":{"counters":[13,49],"obtain_stats":[{"Tiny House":17,"Omamori":9,"Burning Blood":0},{"Tiny House":8,"Omamori":5,"Burning Blood":0},{"Tiny House":28,"Omamori":13,"Burning Blood":0}],"Burning Blood":59},"card_choices":[{"not_picked":["Twin Strike","Sword Boomerang"],"picked":"Perfected Strike","floor":0},{"not_picked":["Heavy Blade","True Grit"],"picked":"Whirlwind","floor":1},{"not_picked":["Sword Boomerang","Clash","Clothesline"],"picked":"SKIP","floor":2},{"not_picked":["Rupture","Whirlwind","Entrench"],"picked":"SKIP","floor":3},{"not_picked":["Searing Blow","Sword Boomerang"],"picked":"Pommel Strike","floor":5},{"not_picked":["Anger","Cleave"],"picked":"Clash","floor":8},{"not_picked":["Warcry","Armaments"],"picked":"Shockwave","floor":10},{"not_picked":["Feed","Iron Wave"],"picked":"Dual Wield","floor":13},{"not_picked":["Thunderclap","Rampage","Heavy Blade"],"picked":"SKIP","floor":18},{"not_picked":["Flame Barrier","Reckless Charge"],"picked":"Twin Strike","floor":21},{"not_picked":["Thunderclap","Reckless Charge+1"],"picked":"Twin Strike","floor":24},{"not_picked":["Fire Breathing","Havoc"],"picked":"Wild Strike","floor":25}],"player_experience":1073377,"relics_obtained":[{"floor":9,"key":"Omamori"}],"event_choices":[{"cards_removed":["Defend_R"],"damage_healed":0,"gold_gain":0,"player_choice":"Purged","damage_taken":0,"max_hp_gain":0,"max_hp_loss":0,"event_name":"Purifier","floor":6,"gold_loss":0},{"damage_healed":0,"gold_gain":0,"player_choice":"Grow","damage_taken":0,"max_hp_gain":0,"max_hp_loss":0,"event_name":"Living Wall","floor":14,"gold_loss":0,"cards_upgraded":["Dual Wield"]},{"damage_healed":0,"gold_gain":0,"player_choice":"Ignored","damage_taken":0,"max_hp_gain":0,"max_hp_loss":0,"event_name":"Vampires","floor":19,"gold_loss":0},{"damage_healed":0,"gold_gain":0,"player_choice":"Bought 1 Potion","damage_taken":0,"max_hp_gain":0,"max_hp_loss":0,"event_name":"The Woman in Blue","floor":22,"gold_loss":0}],"is_beta":true,"boss_relics":[{"not_picked":["Empty Cage","SacredBark"],"picked":"Tiny House"}],"items_purged_floors":[],"is_endless":false,"potions_floor_spawned":[2,5,16,21,24],"killed_by":"3 Cultists","ascension_level":19}}